3824 6226
269 248 371 303 719

265 458 551 520 claratum.
605 454 887 510 Fratribus
928 454 1071 509 enim
1117 454 1253 519 suis,
1290 469 1415 507 cum
1464 453 1532 508 ad
1577 470 1701 510 eum
1735 454 1836 509 ali-

261 548 485 621 quando
509 547 805 608 venissent,
851 546 958 600 hoc
988 545 1041 599 in
1084 545 1357 600 mandatis
1390 545 1566 616 ipsum
1597 546 1833 609 dedisse,

263 643 365 709 uti,
393 642 439 697 si
468 640 611 696 forte
658 655 690 695 a
742 654 869 711 rege
913 648 1346 706 accerserentur,
1392 641 1592 710 rogati,
1640 640 1837 710 ecquid

261 731 388 786 vitae
437 744 610 800 genus
657 727 1045 798 profiterentur
1083 768 1098 792 ,
1157 728 1314 798 cquis
1378 728 1589 784 alendis
1642 744 1838 785 vacare

263 836 386 878 sese
444 819 852 890 responderent.
924 817 1304 887 Benjaminum
1379 818 1527 889 quod
1603 818 1833 885 attinet,

263 913 549 984 qumsitum
599 927 629 966 a
683 911 979 982 plerisque,
1028 912 1383 982 quamobrem
1435 910 1706 981 Josephus
1755 911 1838 966 in-

262 1016 344 1060 ter
417 1003 791 1075 prandendum
887 1012 1095 1074 partem
1175 1003 1226 1057 ei
1289 1003 1578 1074 quintuplo
1652 1002 1838 1073 singu-

263 1098 332 1153 lis
398 1096 665 1167 majorem
736 1096 937 1166 apponi
1006 1095 1286 1161 voluerit,
1346 1110 1471 1150 cum
1548 1103 1627 1150 tot
1701 1095 1839 1151 cibis

262 1187 580 1245 adolescens
637 1202 739 1256 par
800 1201 924 1241 esse
981 1200 1089 1241 non
1160 1195 1364 1256 posset.
1440 1185 1603 1259 425
1668 1186 1839 1257 Cujus

263 1281 343 1335 rei
411 1280 552 1335 hanc
604 1279 697 1333 ille
755 1276 1021 1333 rationem
1072 1275 1369 1342 alierebat,
1423 1279 1570 1349 quod
1634 1276 1839 1334 Jacobo

261 1373 403 1442 patri
458 1379 663 1441 septem
725 1383 793 1424 ex
846 1368 943 1424 Lia
969 1411 984 1435 ,
1054 1385 1122 1425 ex
1175 1369 1410 1427 Rachele
1478 1384 1609 1425 vero
1665 1382 1839 1426 matre

263 1479 386 1529 sua,
419 1464 530 1519 duo
573 1471 784 1519 tantum
825 1463 981 1518 liberi
1031 1463 1141 1517 nati
1185 1472 1402 1531 essent;
1446 1479 1613 1534 eoque
1646 1464 1838 1534 Benja-

262 1556 417 1610 mino
444 1563 631 1626 partes
659 1555 922 1625 quinque,
951 1554 1054 1609 sibi
1085 1563 1266 1610 autem
1298 1555 1436 1611 duas
1466 1556 1745 1621 tribuisse,
1778 1564 1840 1612 ut

262 1659 388 1700 cum
420 1645 731 1716 septenario
779 1644 891 1701 Lia:
936 1645 1172 1700 ﬁliorum
1205 1659 1435 1701 numero
1470 1647 1705 1717 partium
1738 1663 1839 1702 nu-

900 244 1170 303 EUSEBII
1211 243 1687 300 CIESARIENSIS
1734 243 1886 301 OPP.
1925 244 2110 301 PARS
2148 245 2213 303 ll.
2252 275 2324 290 «-
2363 245 2863 303 APOLOGETICA.

267 373 403 421 trem
452 378 561 418 non
607 362 810 417 acciret
842 362 1071 418 causam
1102 360 1291 427 fuisse,
1325 361 1394 415 ab
1435 376 1501 416 eo
1526 377 1583 416 re
1608 361 1722 436 ipsa
1749 361 1842 417 de-

1955 360 2139 426 στολὰς
2197 359 2381 415 δοῦναι
2434 362 2648 433 ἑκάστῳ
2709 361 2942 426 διπλᾶς,

3417 252 3523 311 ’120

3021 362 3100 435 τῷ
3154 363 3213 418 δὲ
3262 363 3524 437 Βενιαμὶν

1940 451 2105 504 πέντε
2154 452 2251 504 καὶ
2300 453 2643 523 τριακοσίους
2691 451 2958 524 χρυσοῦς,
3010 453 3107 506 καὶ
3152 453 3231 525 τῷ
3264 456 3431 527 πατρὶ
3461 456 3522 511 δὲ

1941 542 2257 596 ἀποστεῖλαι
2319 542 2462 597 κατά
2514 543 2687 598 ταύτὰ
2710 582 2724 609 ,
2807 543 2949 598 ὥστε
3003 545 3096 599 τὸν
3154 542 3303 601 οἶκον
3355 548 3524 603 αὐτοῦ

1939 635 2038 705 τῆς
2087 635 2292 706 μητρὸς
2318 632 2458 689 εἶναι
2508 633 2647 687 ἴσον.
2733 635 2968 706 Οίκῆσαι
3006 637 3064 690 δὲ
3112 638 3310 703 αὐτοὺς
3358 643 3416 694 ὲν
3449 644 3524 714 γῇ

1940 726 2164 781 Χαναὰν
2185 767 2201 792 ,
2259 728 2351 796 ἀφ’
2383 722 2445 781 οὗ
2491 727 2779 798 ὲκλεγῆναι
2822 729 3070 801 Ἀϐραὰμ
3098 732 3161 784 ὲκ
3187 732 3297 785 τῶν
3330 734 3523 799 ἐθνῶν,

1942 820 2036 873 καὶ
2062 818 2338 889 μετελθεῖν
2358 820 2437 882 εἰς
2456 820 2696 885 Χαναὰν,
2732 820 2982 891 Ἀϐραὰμ
3002 821 3136 876 ὲτῶν
3157 825 3523 894 εἰκοσιπέντε,

1955 910 2138 965 Ἰσαὰκ
2158 911 2295 965 ἐτῶν
2316 911 2577 983 ἑξήκοντα
2597 953 2613 977 ,
2647 912 2838 967 Ἰακὼϐ
2861 913 2995 967 ἑτῶν
3018 915 3212 969 ἑκατὸν
3231 918 3525 989 τριάκοντα

1943 1002 2222 1071 γίνεσθαι,
2255 1003 2323 1057 τὰ
2352 1005 2529 1059 πάντα
2561 1003 2655 1077 ἔτη
2686 1005 2745 1057 ὲν
2775 1008 2844 1077 γῇ
2874 1006 3096 1060 Χαναὰν
3132 1016 3227 1062 σιε¹
3256 1009 3390 1081 (54)’
3427 1014 3526 1068 καὶ

1942 1095 2020 1166 τῷ
2045 1096 2215 1168 τρίτῳ
2248 1096 2393 1163 ἔτει,
2438 1096 2596 1168 λιμοῦ
2629 1096 2795 1169 οὔσης
2822 1100 2881 1152 ὲν
2910 1100 3172 1172 Αἰγύπτῳ
3191 1142 3206 1166 ,
3237 1102 3409 1157 ἐλθεῖν
3441 1104 3525 1168 εἰς

1943 1187 2214 1257 Αἴγυπτον
2245 1187 2339 1242 τὸν
2377 1188 2569 1242 Ἰακὼϐ
2589 1229 2605 1253 ,
2652 1189 2782 1243 ὄντα
2816 1189 2952 1243 ὲτῶν
2987 1192 3181 1248 ἑκατὸν
3204 1195 3523 1266 τριάκοντα,

1957 1279 2187 1350 Ῥουϐὴν
2226 1278 2364 1333 ἐτῶν
2395 1285 2499 1349 με’,
2537 1278 2799 1351 Συμεῶνα
2849 1278 2985 1333 ἐτῶν
3017 1281 3119 1351 μδ’,
3176 1282 3337 1337 Λειῒν
3383 1283 3525 1339 ἐτῶν

1948 1376 2056 1440 μγ’,
2111 1370 2311 1425 Ἰούδαν
2361 1369 2500 1423 ἐτῶν
2528 1370 2655 1441 ’μβ’,
2705 1370 2889 1441 μηνῶν
2922 1371 3122 1443 τριῶν,
3181 1374 3347 1448 Ἀσὴρ
3384 1374 3525 1430 ἐτῶν

1946 1461 2058 1532 (55)
2103 1470 2191 1532 μ’,
2236 1462 2420 1535 μηνῶν
2451 1462 2626 1528 ὀκτὼ,
2653 1463 2974 1535 Νεφθαλεὶμ
3011 1465 3149 1520 ὲτῶν
3184 1473 3297 1537 μα’,
3335 1468 3526 1538 μηνῶν

1945 1554 1989 1619 ζ’
2008 1593 2023 1619 ,
2057 1555 2165 1608 Γὰδ
2195 1556 2331 1609 ἑτῶν
2361 1555 2472 1626 μα’,
2507 1556 2691 1628 μηνῶν
2726 1564 2796 1626 γ’,
2828 1557 3110 1612 Ζαϐουλὼν
3141 1559 3277 1613 ἐτῶν
3307 1566 3382 1630 μ’,
3404 1558 3527 1613 Δει-

1944 1663 2041 1700 ναν
2067 1644 2205 1699 ὲτῶν
2236 1645 2334 1710 λθ’,
2363 1646 2619 1717 Βενιαμὶν
2640 1646 2778 1702 ἐτῶν
2800 1654 2905 1717 κη’.
2941 1646 3043 1701 Τὸν
3071 1648 3129 1702 δὲ
3164 1648 3361 1719 Ἰωσήφ
3388 1665 3525 1720 φησι

262 1753 451 1793 merus
476 1745 802 1809 mquaretur.
872 1736 1134 1793 Similiter
1173 1738 1342 1794 stolas
1364 1739 1582 1809 quidem
1614 1741 1841 1812 singulis

1955 1738 2191 1808 γενέσθαι
2222 1739 2280 1791 ὲν
2314 1737 2571 1808 Αἰγύπτῳ
2593 1738 2686 1810 ἐτη
2723 1738 2800 1793 λθ¹
2850 1739 2984 1812 (56).
3021 1738 3174 1795 Εἶναι
3202 1740 3260 1794 δὲ
3294 1739 3403 1793 ἀπὸ
3426 1738 3523 1793 τοῦ

264 1829 532 1899 geminas,
568 1837 626 1885 at
653 1829 974 1900 Benjamino
995 1830 1239 1901 quinque
1263 1846 1389 1886 cum
1419 1833 1599 1888 aureis
1631 1843 1839 1889 trecen-

263 1922 337 1975 tis
364 1920 614 1987 dedisse,
657 1921 990 1992 totidemque
1033 1920 1101 1975 ad
1130 1929 1339 1992 patrem
1386 1922 1634 1991 misisse,
1661 1924 1739 1979 uti
1771 1939 1840 1980 ne

262 2026 371 2083 qua
398 2012 453 2067 in
480 2027 539 2068 re
562 2021 809 2068 materna
838 2011 1047 2067 familia
1080 2013 1236 2069 alteri
1267 2016 1605 2071 concederet.
1669 2017 1840 2071 Caete-

264 2116 410 2166 rum,
434 2116 502 2157 ex
521 2116 632 2172 quo
661 2101 1006 2158 Abrahamus
1035 2103 1305 2160 universis
1335 2119 1365 2160 a
1387 2105 1638 2175 gentibus
1656 2105 1840 2161 divina

261 2198 545 2254 voluntate
584 2198 840 2266 selectos,
886 2200 1173 2255 in’terram
1200 2198 1565 2273 Qbananaaam
1603 2202 1838 2271 primum

262 2300 643 2357 concesserat,
672 2291 848 2362 ipsum
883 2292 1101 2363 quidem
1128 2308 1303 2348 annos
1337 2294 1526 2365 viginti
1574 2294 1837 2365 quinque,

262 2381 515 2436 lsaacum
553 2394 685 2435 vero
731 2382 1012 2451 sexaginta
1034 2423 1048 2445 ,
1076 2381 1337 2437 Jacobum
1361 2382 1595 2455 denique
1621 2383 1839 2454 triginta

265 2488 432 2543 supra
458 2480 698 2541 centum,
747 2472 944 2528 ibidem
976 2474 1171 2544 egisse,
1222 2475 1317 2544 qui
1357 2490 1548 2530 omnes
1572 2490 1840 2530 annorum

160 2552 167 2560 ’
265 2563 575 2633 quindecim
607 2578 771 2631 supra
791 2563 1054 2619 ducentos
1080 2580 1353 2619 summam
1379 2564 1632 2620 eﬂiciant.
1666 2562 1843 2635 Atque

266 2654 373 2711 hoc
415 2655 569 2725 ipso,
606 2655 699 2725 qui
742 2654 904 2710 famis
956 2656 1101 2726 apud
1146 2657 1435 2729 Egyptios
1482 2658 1671 2714 tertius
1703 2666 1841 2724 erat,

264 2753 520 2800 cunctam
570 2759 764 2801 eorum
816 2742 1080 2799 familiam
1120 2745 1176 2800 in
1207 2746 1501 2818 Aigyptum
1551 2747 1839 2818 migrasse,

265 2852 391 2893 cum
422 2836 684 2895 Rubenus
735 2856 913 2896 annos
963 2841 1207 2912 quinque
1261 2854 1428 2909 supra
1480 2840 1843 2911 quadraginta

265 2938 429 2987 natus
461 2940 628 2999 esset,
659 2930 899 3004 Symeon
935 2943 1171 3003 quatuor
1196 2941 1249 2988 et
1275 2932 1655 3005 quadraginta,
1684 2932 1844 2987 Levi-

266 3037 371 3077 nus
397 3029 508 3083 tres
538 3031 593 3079 et
619 3024 998 3095 quadraginta,
1022 3023 1193 3082 Judas
1216 3024 1356 3081 duos
1381 3031 1438 3080 et
1459 3024 1838 3095 quadraginta,

265 3127 392 3168 cum
419 3113 594 3170 tribus
621 3114 847 3186 insuper
891 3117 1192 3179 mensibus,
1240 3117 1377 3172 Aser
1397 3116 1755 3187 quadraginta
1787 3123 1845 3171 et

268 3220 487 3262 menses
529 3214 693 3274 octo,
720 3205 1139 3279 Nephthalimus
1185 3224 1355 3264 unum
1383 3221 1438 3265 et
1479 3209 1843 3280 quadraginta

269 3312 598 3369 mensesque
627 3307 857 3369 septem,
882 3299 1067 3356 Gadus
1099 3301 1323 3356 totidem
1349 3315 1675 3371 mensesque
1710 3309 1841 3367 tres,

268 3387 514 3445 Zabulon
545 3391 929 3462 quadraginta,
949 3391 1083 3447 Dina
1112 3406 1308 3447 novem
1336 3406 1404 3447 ac
1427 3391 1671 3462 triginta,
1708 3390 1845 3446 Ben-

268 3482 510 3552 jaminus
549 3491 673 3539 octo
701 3493 757 3540 et
781 3483 993 3556 viginti.
1050 3482 1348 3554 Josephum
1376 3492 1557 3539 autem
1588 3484 1643 3538 in
1677 3481 1847 3554 Egy-

270 3583 363 3644 pto
417 3574 580 3632 annis
630 3590 823 3631 novem
877 3590 945 3631 ac
1003 3575 1222 3645 triginta
1271 3575 1496 3631 vixisse.
1553 3572 1745 3644 Itaque
1777 3573 1847 3628 ab

346 3728 475 3801 (54),
504 3730 609 3801 Ἐν
633 3726 714 3799 τῇ
741 3727 986 3801 Χαναὰν
1012 3736 1142 3783 σιέ.
1173 3728 1438 3801 Accurata
1468 3727 1843 3801 chronologia.

273 3797 409 3855 Nam
442 3797 818 3865 'Abrahamus,
847 3799 938 3869 qui
965 3814 1110 3855 anno
1136 3799 1314 3854 aetatis
1344 3799 1413 3853 75
1447 3801 1498 3852 in
1524 3797 1846 3853 Cbananiti-

274 3872 399 3926 dem
445 3880 697 3936 venerat,
727 3870 1076 3939 centenarius
1102 3885 1229 3924 cum
1257 3878 1438 3934 esset,
1466 3871 1715 3923 lsaacum
1752 3883 1848 3939 ge-

276 3942 430 4006 nuit,
469 3951 529 3995 ut
559 3941 790 3995 habetur
816 3938 1015 3995 Genes.
1045 3956 1138 3995 xxi
1159 3979 1175 4003 ,
1209 3939 1265 3994 5.
1297 3939 1463 4009 Atqui
1494 3940 1566 3994 ab
1599 3938 1850 4009 anno’75

278 4012 346 4066 ad
395 4010 499 4066 100
541 4011 670 4064 anni
701 4010 894 4081 viginti
934 4009 1176 4081 quinque
1209 4008 1588 4081 numerantur.
1604 4008 1849 4081 _lsaacus

277 4090 456 4136 autem
512 4076 932 4151 sexagenarius,
952 4076 1227 4151 Iacobum
1255 4088 1310 4135 et
1336 4077 1480 4151 Esau
1509 4076 1850 4151 efoebecca

278 4150 552 4218 suscepit,
590 4148 787 4204 Génes.
816 4165 946 4212 xxv,
976 4151 1068 4216 26,
1115 4150 1209 4219 qui
1243 4149 1378 4219 anni
1418 4150 1700 4219 sexaginta
1724 4164 1849 4204 cum

278 4221 552 4290 prioribus
580 4219 770 4290 viginti
803 4221 1070 4290 quinque,
1099 4218 1274 4275 annos
1302 4218 1850 4290 efﬁciuntgoctoginta

280 4288 541 4415 Sginque.
597 4288 881 4369 Pestremo
940 4288 1179 4345 Iacobus
1224 4304 1373 4343 anno
1419 4288 1593 4344 aetatis
1640 4288 1743 4369 150
1794 4290 1848 4369 in

356 4370 575 4415 avntum
609 4360 918 4415 descendit.
964 4359 1160 4415 Genes.
1218 4375 1400 4415 τινα.
1447 4360 1498 4414 9.
1555 4357 1766 4415 Outbus
1804 4375 1848 4413 ει

1952 1828 2122 1898 Ἀδὰμ
2140 1866 2155 1891 ,
2186 1827 2297 1899 (57)
2332 1827 2437 1891 ἕως
2463 1828 2556 1881 τοῦ
2584 1828 2845 1883 εἰσελθεῖν
2868 1832 2947 1894 είς
2976 1831 3247 1900 Αἴγυπτον
3276 1831 3403 1895 τοὺς
3424 1829 3524 1886 τοῦ

1951 1919 2147 1991 Ἰωσὴφ
2170 1923 2448 1988 συγγενεῖς
2477 1920 2570 1993 ἔτη
2594 1922 2743 1992 γχκδ⁰
2766 1939 2780 1953 ·
2805 1923 2913 1977 ἀπὸ
2942 1923 2999 1976 δὲ
3019 1922 3114 1977 τοῦ
3136 1922 3524 1996 κατακλυσμῶ

1939 2012 2043 2077 ἕως
2089 2013 2190 2084 τῆς
2235 2012 2429 2067 Ἰακὼϐ
2488 2015 2792 2086 παρουσίας
2824 2017 2904 2079 είς
2939 2016 3214 2085 Αἰγυπτον
3245 2017 3485 2089 ﬁrmate
3506 2033 3526 2052 ο

1940 2106 2033 2175 ἀφ’
2065 2098 2125 2158 οὗ
2152 2105 2208 2159 δὲ
2238 2105 2523 2177 ὲκλεγῆναι
2574 2106 2817 2178 Ἀϐραὰμ
2849 2108 2913 2160 ὲκ
2935 2107 3044 2161 τῶν
3076 2107 3244 2162 ὲθνῶν
3267 2148 3282 2174 ,
3318 2109 3413 2162 καὶ
3432 2108 3524 2163 ἑλ-

1941 2197 2053 2251 θεῖν
2073 2199 2137 2250 ὲκ
2156 2197 2381 2270 Χαρρὰν
2402 2198 2484 2262 είς
2512 2197 2731 2254 Χαναὰν
2746 2240 2762 2266 ,
2782 2198 2887 2264 ἕως
2909 2197 2975 2252 ἂν
3001 2201 3082 2263 εἰς
3106 2200 3377 2268 Αἴγυπτον
3396 2200 3526 2265 τοὺς

1942 2287 2069 2360 περὶ
2114 2286 2306 2341 Ἰακὼϐ
2357 2288 2570 2351 ἐλθεῖν,
2601 2288 2697 2359 ἔτη
2754 2296 2872 2342 σιε¹.
2928 2288 3122 2343 Ἰακὼϐ
3159 2290 3217 2344 δὲ
3261 2292 3327 2344 ὲκ
3375 2289 3534 2363 Χαῤ-

1943 2375 2043 2447 ρὰν
2104 2376 2237 2447 πρὸς
2291 2376 2477 2431 Λάϐαν
2530 2377 2704 2432 ἐλθεῖν
2729 2417 2745 2441 ,
2803 2377 2939 2432 ὲτῶν
2976 2379 3104 2432 ὄντα
3137 2386 3190 2434 π’
3245 2380 3392 2451 (58),
3428 2381 3527 2436 καὶ

1943 2468 2203 2538 γεννῆσαι
2236 2469 2400 2523 Λευῖν
2423 2487 2437 2499 ο
2498 2469 2661 2524 Λευῖν
2697 2470 2754 2523 δὲ
2788 2472 2845 2524 ὲν
2870 2471 3132 2543 Αἰγύπτῳ
3174 2472 3526 2541 ἐπιγενέσθαι

1942 2562 2036 2633 ἐτη
2060 2562 2145 2630 ιζ’,
2181 2559 2351 2633 ἁφόὖ
2373 2565 2436 2618 ἐκ
2461 2562 2682 2619 Χαναὰν
2714 2565 2875 2619 αὑτὸν
2908 2564 3080 2617 ἐλθεῖν
3119 2567 3199 2628 εἰς
3230 2566 3522 2633 Αἴγυπτον,

1943 2653 2086 2707 ὥστε
2118 2652 2258 2709 εἶναι
2291 2656 2453 2710 αὐτὸν
2482 2656 2621 2710 ἐτῶν
2651 2656 2715 2724 ξ’,
2763 2657 2858 2710 καὶ
2889 2657 3148 2726 γεννῆσαι
3178 2656 3330 2710 Κλάθ
3369 2656 3481 2727 (59)
3508 2676 3522 2689 ·

1943 2745 2091 2818 αὐτῴ
2121 2746 2178 2799 δὲ
2232 2745 2342 2800 ἔτει
2389 2739 2434 2815 ᾧ
2486 2748 2738 2817 γενέσθαι
2794 2747 2945 2802 Κλὰθ
3002 2746 3146 2818 (60),
3202 2747 3546 2817 τελευτῆσαι,

1955 2836 2152 2893 Ἰακὼϐ
2225 2839 2283 2892 ἐν
2359 2838 2620 2910 Αἰγύπτῳ
2644 2880 2660 2906 ,
2743 2839 3107 2910 εὐλογήσαντα
3151 2839 3279 2902 τοὺς
3326 2838 3527 2910 Ἰωσὴφ

1943 2930 2127 2994 υἱοὺς,
2182 2928 2312 2984 ὄντα
2343 2931 2481 2986 ὲτῶν
2537 2930 2661 3002 ρμζ¹
2716 2931 2862 3004 (61),
2904 2931 3272 2985 καταλιπόντα
3329 2929 3527 3003 Ἰωσὴφ

1944 3020 2082 3074 ἑτῶν
2105 3027 2190 3086 νς·¹
2207 3060 2221 3074 .
2241 3020 2404 3075 Λευῒν
2432 3022 2491 3077 δὲ
2527 3023 2816 3093 γενόμενον
2849 3021 2986 3077 ἐτῶν
3018 3021 3138 3093 ρλξθ
3162 3021 3486 3092 τελευτῆσαι
3506 3037 3524 3052 ⁸

1943 3111 2094 3167 Κλὰθ
2119 3113 2175 3166 δὲ
2204 3112 2334 3167 ὄντα
2377 3115 2514 3168 ἐτῶν
2540 3121 2591 3186 μ’
2626 3113 2761 3185 (6Γ)
2811 3115 3064 3185 γεννῆσαι
3108 3113 3359 3185 Ἀϐραὰμ
3387 3113 3525 3185 (62),

1942 3203 2001 3258 ὃν
2067 3203 2205 3257 ἐτῶν
2265 3200 2404 3259 εἶναι
2464 3206 2538 3259 ιδ’
2570 3210 2591 3232 ⁶
2622 3207 2681 3259 ὲν
2741 3197 2786 3272 ᾧ
2844 3204 3164 3275 τελευτῆσαι
3227 3204 3423 3276 Ἰωσὴφ
3468 3205 3530 3259 ὲν

1943 3295 2207 3367 Αἰγύπτῳ
2257 3296 2387 3351 ὄντα
2440 3302 2521 3367 ρι’
2576 3296 2748 3351 ἐτῶν·
2790 3296 2942 3351 Κλὰθ
2981 3297 3039 3351 δὲ
3073 3297 3362 3367 γενόμενον
3397 3297 3530 3350 ἑκα-

1942 3387 2033 3442 τὸν
2064 3387 2157 3457 λγ¹
2210 3387 2564 3459 τελευτῆσαι.
2634 3387 2886 3460 Ἀϐραὰμ
2927 3387 3112 3442 λαϐεῖν
3162 3391 3397 3457 γυναῖκα
3425 3387 3528 3460 τὴν

1942 3476 2039 3532 τοῦ
2100 3479 2244 3533 θείου
2309 3479 2586 3552 θυγατέρα
2652 3480 2906 3551 Ἰωχαϐὲτ
2927 3521 2944 3547 ,
3007 3480 3102 3534 δια)⁵
3151 3480 3282 3534 ὄντα
3346 3481 3529 3535 ἔνιαυο

1943 3570 2054 3626 τῶν
2110 3579 2204 3638 οε’,
2266 3573 2523 3645 γεννῆσαι
2569 3569 2779 3643 Ἀαρὼν
2836 3572 2931 3625 καὶ
2986 3572 3213 3642 Μωσῆν.
3261 3570 3527 3639 Γεννῆσαι

1949 3719 2446 3794 υἰιυνίυηιγίηοὶόίι
2482 3723 2538 3777 in
2584 3739 2728 3778 anno
2760 3724 2949 3780 mundi
2984 3724 3143 3787 1655,
3182 3740 3346 3794 quam
3376 3742 3529 3781 sum-

1948 3806 2093 3866 niam
2124 3793 2170 3847 si
2209 3793 2516 3866 detraxeris
2545 3809 2612 3848 ex
2640 3794 2781 3849 2257
2803 3837 2819 3863 ,
2852 3804 3182 3866 supererunt
3206 3793 3351 3858 582;
3400 3812 3529 3866 pro-

1949 3861 2077 3936 inde
2109 3879 2287 3936 annus
2317 3864 2406 3919 ille
2435 3866 2699 3936 adventus
2734 3861 3145 3936 in'Eg‘yptum,
3177 3880 3243 3920 ex
3275 3861 3525 3936 ejusdem

1949 3932 2327 4004 chronologize
2355 3935 2660 4004 principiis,
2689 3936 2795 3989 erit
2824 3932 3004 3992 annus
3030 3951 3062 3991 a
3089 3932 3454 3991 diluvio’582.

2026 4004 2139 4074 (58)
2208 4003 2385 4077 ῘΕτῶώ·
2433 4003 2579 4077 ὄντα
2626 4010 2704 4059 π’.
2761 4005 3031 4077 Circiter,
3088 4021 3196 4060 non
3255 4006 3523 4077 ἀκριϐῶς,

1950 4073 2318 4200 ξιιέιιιῖξηίω,
2369 4084 2431 4130 ut
2480 4075 2641 4130 etiam
2691 4084 2817 4130 ante
2867 4075 3205 4143 Demetrius,
3254 4073 3525 4133 annorum

1979 4162 2030 4200 υι
2165 4184 2179 4197 .

1979 4148 2056 4201 uit
2092 4148 2179 4197 77.
3540 4160 3543 4161 ν

2024 4215 2135 4287 (59)
2176 4213 2363 4287 Κλάᾷ.
2390 4212 2561 4268 Caath
2592 4215 2911 4287 vocabatur,
2940 4231 3048 4271 non
3077 4215 3254 4270 Clath.

2025 4283 2137 4356 (60)
2179 4283 2471 4337 Γενέσθαι
2510 4285 2695 4356 Κλάθ.
2743 4284 2855 4356 Ιιιιο
2895 4302 3026 4341 sane
3059 4287 3244 4341 multis
3278 4292 3406 4341 ante
3437 4283 3530 4340 Ja-

391 4355 575 4441 yptum
609 4359 918 4441 descendit,
964 4359 1161 4441 penes.
1218 4375 1400 4441 xcvi},
1447 4360 1505 4441 9._
1555 4357 1766 4441 Quibus
1804 4359 1848 4413 si
1882 4421 1924 4441 ἢ
1953 4356 2076 4437 eobi
2122 4363 2359 4441 mortem
2429 4355 2586 4409 annis
2619 4370 2633 4408 :
2666 4355 2812 4425 quod
2860 4368 3040 4411 tamen
3107 4366 3257 4411 certo
3310 4355 3527 4411 deﬁniri

282 4421 555 4486 addideris
582 4431 791 4498 priores
824 4421 927 4495 85’,
965 4430 1254 4485 homadem
1290 4430 1437 4484 illam
1492 4421 1718 4484 habebis
1750 4445 1851 4484 an-
1881 4421 1926 4476 D
1956 4428 2041 4480 vix
2059 4433 2269 4498 petes}.

281 4515 480 4556 norum
503 4499 629 4554 215.

354 4569 469 4641 (55)
510 4567 685 4641 Ἀσὴρ
715 4567 885 4632 ἐτῶν,
912 4577 1019 4625 etc.
1052 4567 1299 4639 Sequens
1314 4568 1853 4641 gannorumgistorum

281 4638 423 4710 ratio
454 4640 670 4710 longius
699 4655 730 4694 a
763 4641 1006 4710 veritate
1030 4641 1279 4695 discedit.
1312 4639 1498 4710 Primo
1525 4639 1667 4694 enim
1680 4678 1720 4710 ,_
1739 4638 1853 4693 Dan

282 4729 315 4767 a
348 4709 488 4766 Juda
520 4708 804 4781 proximus
830 4708 954 4775 fuit,
976 4708 1856 4781 Genes._xxx,5.rDeinde_Neph-

284 4778 543 4838 thalimus
582 4779 794 4835 Danum
828 4782 1106 4850 sequitur,
1154 4778 1599 4850 Nephtbalimum
1631 4778 1854 4847 Gadus,

284 4852 496 4910 Gadum
522 4854 694 4916 Aser,
723 4866 883 4920 quem
906 4848 1000 4907 hic
1029 4860 1157 4904 ante
1195 4848 1635 4920 Nephthalimum
1669 4865 1857 4905 recen-

286 4933 402 4990 set,
449 4918 755 4990 eodemque
797 4930 978 4977 tamen
1024 4918 1300 4990 juniorem
1334 4919 1482 4975 facit.
1511 4918 1735 4990 Aserem
1771 4936 1862 4975 se-

367 4996 474 5049 itur
507 4989 790 5059 lssacbar,
824 4989 1163 5047 lssacharem
1201 4990 1477 5056 Zabulon,
1520 4989 1858 5046 Zabulonem

338 5066 448 5127 ina,
480 5063 673 5118 Dinam
701 5058 990 5132 JoSepbus,
1020 5058 1319 5130 Josephum
1350 5060 1726 5132 Benjaminus.

527 5134 625 5187 Ἐν
646 5134 923 5214 Atriith
950 5132 1057 5214 5:31
1084 5135 1196 5214 10'.
1234 5132 1811 5214 lmo_n9na_giutantres
1838 5150 1853 5186 :

290 5201 556 5274 siquidem
587 5201 734 5259 anno
776 5202 843 5257 17
888 5203 943 5257 in
991 5201 1285 5273 IEgyptum
1327 5201 1628 5267 abductus,
1658 5202 1854 5258 Genes.

556 5274 612 5333 2,
645 5273 846 5329 ibidem
898 5288 1043 5328 anno
1076 5272 1177 5326 110
1219 5282 1468 5328 mortuus
1500 5282 1615 5339 est,
1659 5272 1855 5329 Genes.

293 5360 359 5403 1..
388 5360 478 5399 ΞΖ.
635 5392 647 5403 .

343 5384 478 5486 ’(E'ij
527 5392 661 5468 Ἀπὸ
696 5415 804 5468 τοῦ
846 5410 1021 5483 Ἀδάμ
1043 5453 1058 5477 ,
1110 5420 1215 5486 etc.
1246 5410 1474 5475 Creato,
1509 5413 1859 5486 an‘mortuo?

297 5482 657 5555 undecunque
710 5482 992 5555 numeres,
1024 5493 1134 5537 tam
1165 5482 1407 5555 incertus
1423 5492 1515 5555 est
1547 5483 1638 5555 bic
1651 5499 1857 5555 _nume-

295 5569 421 5623 rus,
466 5550 630 5623 quam
670 5570 848 5609 annus
872 5553 1021 5609 orbis
1058 5552 1282 5623 conditi.
1316 5551 1375 5607 In
1418 5550 1600 5608 Patris
1651 5552 1855 5623 Petavii

295 5621 682 5694 Chronologia,
714 5625 801 5679 cui
845 5624 1142 5694 plurimum
1179 5622 1358 5694 tribuo
1382 5663 1398 5688 ,
1433 5637 1611 5678 annus
1644 5623 1732 5677 ille
1763 5621 1857 5678 Ja-

295 5641 557 5684 Lnronoto
593 5641 682 5689 ta,
714 5641 801 5679 CUI
845 5641 1142 5694 plurimum
1179 5641 1358 5677 ll‘lDuo
1382 5663 1398 5688 ,
1433 5641 1611 5678 annus
1644 5641 1732 5677 me
1763 5641 1854 5678 Ja-

295 5694 419 5749 cobi
446 5694 502 5749 in
531 5641 820 5766 Agigyptum
853 5693 1077 5749 καθόδου
1099 5734 1113 5762 ,
1145 5692 1334 5750 mundi
1375 5707 1554 5749 annus
1581 5703 1665 5751 est
1692 5694 1854 5751 2257.

3532 4430 3548 4459 \

2026 4494 2141 4563 (61)
2189 4492 2367 4547 Ἐτῶν
2388 4493 2535 4563 ρμζτ.
2569 4496 2646 4549 Ita
2681 4494 2877 4550 Genes.
2918 4511 3086 4559 XLVII,
3116 4495 3208 4548 27.

2027 4564 2160 4637 (6Γ)
2198 4564 2366 4619 meo
2408 4565 2551 4637 ὅκτα
2591 4564 2743 4618 ἐτῶν
2773 4564 3061 4637 μἠΕττοι·
3091 4581 3155 4619 ex
3192 4564 3362 4634 priori
3394 4580 3531 4620 con-

1955 4633 2211 4705 sequens,
2248 4650 2358 4704 quo
2385 4634 2573 4689 eodem
2598 4651 2749 4705 almo
2775 4633 2826 4689 et
2856 4633 3119 4689 Jacobum
3151 4633 3454 4702 mortuum,
3477 4643 3532 4690 et

1954 4704 2224 4760 Caathum
2254 4705 2310 4760 in
2340 4706 2513 4760 lucem
2544 4704 2751 4759 editum
2785 4705 2985 4774 posuit.
3019 4704 3188 4759 Error
3208 4715 3391 4775 autem
3423 4713 3527 4770 est,

1956 4790 2081 4829 cum
2116 4775 2240 4829 inde
2270 4784 2530 4849 sequatur
2563 4785 2751 4849 natum
2779 4791 2900 4849 esse
2931 4776 3201 4849 Caathum
3255 4775 3313 4849 in
3359 4775 3533 4849 gEgy-

1958 4859 2070 4915 pto,
2105 4860 2229 4900 cum
2263 4854 2448 4915 tamen
2479 4844 2648 4898 frater
2673 4846 2792 4913 ejus
2831 4844 3048 4910 Merari,
3077 4855 3207 4899 natu
3239 4844 3525 4911 minimus,

1957 4913 2083 4986 ante
2110 4916 2263 4969 illum
2300 4916 2355 4969 in
2384 4913 2621 4986 Egypto
2647 4927 2807 4970 natus
2827 4914 3011 4977 fuerit,
3035 4915 3234 4970 Genes.
3263 4931 3410 4981 xLVI,
3442 4918 3524 4971 l1.

1956 4984 2127 5039 Multo
2159 5001 2289 5055 ergo
2321 4984 2507 5040 senior
2532 4984 2788 5039 ’Caathus
2832 4995 2982 5050 erat,
3014 5001 3139 5039 cum
3172 4986 3531 5040 Amraamum

1958 5058 2166 5126 genuit.
2202 5056 2393 5110 Annus
2434 5065 2615 5109 tamen
2644 5056 2732 5109 ille
2759 5056 2900 5109 haud
2925 5056 3148 5121 certius,
3180 5071 3348 5125 quam
3381 5055 3530 5126 ejus-

1957 5125 2080 5181 dem
2106 5125 2300 5181 Caatbi
2335 5135 2489 5195 ortus
2510 5126 2795 5195 designari
2824 5133 3024 5194 potest.

2028 5195 2143 5263 (62)
2196 5193 2460 5265 Ἀϐραάμ.
2507 5193 2770 5251 Hebraice
2795 5204 2987 5259 σιω.
3044 5194 3356 5250 Demetrius
3407 5194 3534 5251 fecit

1970 5266 2243 5339 Ἁϐραάμ,
2272 5268 2487 5339 sublato
2515 5284 2573 5339 μ,
2606 5275 2662 5321 et
2700 5267 2976 5339 inserted
3000 5265 3151 5339 :‘nisi
3187 5275 3367 5339 tamen
3397 5266 3533 5339 seri:

1958 5334 2142 5406 pserat
2186 5334 2472 5407 Ἆμραάμ.
2513 5334 2864 5407 Septuaginta
2916 5334 3206 5407 Ἀμϐρόιμ,
3260 5337 3470 5391 inserto
3500 5334 3533 5386 6
3615 5350 3621 5359 ³

1959 5408 2030 5477 ob
2064 5407 2394 5476 euphoniam
2432 5425 2446 5460 :
2476 5408 2717 5477 vulgaris
2747 5407 2892 5460 enim
2940 5407 3029 5477 bic
3056 5422 3211 5477 error
3243 5415 3326 5460 est
3345 5448 3361 5473 ,
3387 5407 3533 5477 quod

1958 5476 2012 5530 in
2060 5475 2417 5546 manuscript.
2450 5475 2733 5533 codicibus
2771 5493 2811 5545 μ
2843 5485 2897 5532 et
2933 5475 2966 5528 6
3001 5476 3190 5530 eodem
3224 5477 3339 5530 fere
3372 5475 3531 5529 niodo

1957 5547 2329 5617 pingerentur.
2368 5550 2459 5605 Sic
2508 5547 2650 5604 infra
2690 5547 3019 5619 Μωαμῖται,
3065 5562 3164 5617 pro
3206 5547 3531 5612 Μωαϐῖται,

1959 5620 2218 5688 scriptum
2249 5625 2352 5674 est.
