3824 6226
346 342 460 399 725

344 458 704 529 Majoremque
730 457 839 512 viro
868 457 1090 529 thalami
1120 457 1175 510 in
1203 454 1505 529 penetralia
1525 455 1709 529 furtim

344 476 439 515 ua
463 476 704 529 oremque
730 476 839 512 mro
868 476 1088 510 tnatamt
1120 476 1175 510 in
1203 476 1505 524 penetratus
1525 476 1651 523 tum

343 476 622 585 Sugmittit
655 527 807 583 Liam
837 528 1041 597 genitor
1076 541 1094 578 :
1121 528 1212 581 sed
1237 527 1426 597 fraude
1456 526 1651 580 retecta

344 600 545 657 (Sensit
578 600 717 653 enim
750 597 988 667 conjux),
1015 608 1246 667 namque
1272 598 1473 650 minore
1501 597 1723 666 potitus,

348 671 478 725 Esse
507 677 784 738 utramque
815 669 960 721 dedit
994 668 1174 721 solerti
1201 667 1347 738 prole
1370 676 1666 734 parentem.

343 738 582 795 Undenis
613 737 848 792 maribus
877 738 1095 806 pulchro
1120 737 1423 806 spectabilis
1449 754 1539 791 ore

341 811 599 878 4dditur,
628 819 678 862 et
702 808 853 862 molli
883 818 1144 878 prastans
1171 810 1229 862 in
1254 823 1469 872 corpore
1494 806 1642 861 Dina

341 876 532 934 Exerit
563 879 848 949 ingenium.

338 991 424 1047 Ab
451 990 730 1063 Euphrate
761 1006 893 1047 vero
925 988 1189 1057 Iacobum
1223 991 1414 1048 scribit
1450 1007 1577 1048 cum
1607 991 1675 1047 ad
1704 990 1927 1047 Emmo-

338 1097 456 1138 rem
488 1083 542 1137 in
578 1081 784 1139 Sicima
804 1084 1086 1151 venisset,
1122 1091 1410 1154 exceptum
1445 1084 1515 1139 ab
1561 1098 1629 1139 eo
1670 1083 1926 1138 humani-

338 1182 457 1243 ter,
497 1175 725 1247 agrique
753 1185 908 1246 parte
932 1176 1195 1231 donatum
1245 1174 1452 1242 fuisse;
1498 1175 1591 1230 ubi
1623 1190 1748 1231 cum
1776 1176 1924 1246 agri—

336 1265 567 1322 culturae
596 1280 818 1336 operam
859 1265 977 1336 ipse
1008 1265 1199 1330 daret,
1247 1274 1363 1321 tum
1391 1280 1522 1320 vero
1550 1265 1799 1319 undecim
1828 1264 1924 1320 lilii

335 1354 395 1409 in
422 1354 757 1427 pastionem,
790 1353 1039 1425 Dinaque
1070 1354 1182 1410 lilia
1209 1370 1334 1411 cum
1365 1354 1574 1411 caeteris
1603 1354 1925 1410 mulieribus

335 1451 392 1505 in
419 1448 720 1506 laniﬁcium
745 1449 1105 1505 incumberet.
1146 1447 1372 1515 Verum,
1401 1464 1512 1521 quo
1537 1450 1625 1505 die
1662 1450 1923 1506 solemnis

334 1538 477 1597 forte
522 1554 824 1599 conventus
870 1542 1092 1598 Sicimis
1135 1551 1423 1613 ageretur,
1479 1540 1672 1597 Dinam
1705 1544 1922 1599 tametsi

335 1632 518 1687 adhuc
539 1632 831 1704 virginem.
866 1632 921 1686 in
953 1634 1144 1689 urbem
1174 1644 1354 1688 tamen
1377 1634 1589 1688 visendi
1617 1636 1800 1690 studio
1828 1650 1922 1705 pe-

332 1731 618 1792 netrasse;
649 1739 714 1780 ac
742 1722 1072 1797 Sychemum
1095 1724 1369 1781 Emmoris
1398 1726 1592 1792 lilium,
1611 1727 1731 1796 ejus
1756 1727 1920 1782 simul

1002 334 1275 394 EUSEBII
1311 332 1792 391 CESABIENSIS
1831 330 1981 387 OPP.
2026 329 2206 385 PARS
2243 327 2311 385 ll.
2346 358 2421 372 —
2452 324 2953 384 APOLOGETICA.

1951 453 2000 509 Δ
2038 449 2224 505 Ἀλλὰ
2243 449 2427 502 δόλον
2435 447 2812 509 τολίπευονεε,
2830 448 2931 500 καὶ
2952 446 3036 518 εἰς
3050 443 3230 518 λέχος
3244 444 3409 518 ἀνέρι
3422 448 3617 518 πέμπε

3510 326 3616 384 724

2030 521 2214 576 Λείαν
2234 559 2249 583 ,
2302 518 2341 586 ἤ
2385 522 2441 572 οἱ
2467 519 2578 585 ἔην
2606 515 3040 587 προγενεστέρη
3062 532 3076 546 ·
3111 515 3253 570 οὐδέ
3287 534 3395 586 μιν
3422 515 3617 587 ἔμπης

2034 593 2320 651 Ἔλαϐεν,
2372 589 2510 644 ἀλλ’
2544 589 2764 655 ἐνόησε
2812 588 3242 655 κακορραφίην,
3278 587 3377 640 καὶ
3405 587 3616 646 ἔδεκτο

2029 660 2197 717 Ηαῒδ’
2220 659 2449 731 ἑτέρην,
2474 654 2698 731 ἀμφοῖν
2716 659 2769 712 δ’
2782 654 2967 731 ,ἐμίτηί
2986 654 3108 710 σὺν
3126 656 3455 731 ’ὁμαίμοορν
3481 655 3610 731 ᾗσι.

2036 732 2120 796 Τῷ
2153 731 2206 784 δ’
2234 726 2385 796 υἱεῖς
2411 726 2689 798 ἐγένοντο
2714 726 2835 793 νόῴ
2865 726 3233 796 πεπνυμένω
3267 727 3448 795 αἰνῶς

2030 801 2321 864 Ἕνδεκα,
2374 801 2473 855 καὶ
2531 801 2718 867 κούρη
2772 799 2946 853 Δείνα
2989 798 3349 864 περικαλλὲς
3381 799 3614 868 ἔχουσα

2028 868 2226 938 Εἶδος,
2261 871 2614 939 ἐπίτρεπτον
2639 869 2709 923 δὲ
2733 869 2937 940 δέμας,
2970 869 3068 922 καὶ
3096 869 3371 938 ἀμύμονα
3396 870 3610 940 θυμόν.

2042 980 2172 1034 Ἀπὸ
2223 980 2282 1033 δὲ
2324 980 2421 1033 τοῦ
2452 980 2738 1053 Εὐφράτου
2769 980 2905 1053 φησὶ
2945 980 3036 1036 τὸν
3080 980 3276 1035 Ἰακὼϐ
3305 980 3478 1035 ὲλθεῖν
3529 984 3612 1046 εἰς

2025 1074 2096 1128 τὰ
2128 1075 2331 1146 Σίκιμα
2359 1073 2497 1147 πρὸς
2538 1073 2765 1146 Ἑμμὼρ
2788 1092 2801 1106 ·
2832 1075 2923 1128 τὸν
2951 1075 2996 1128 δ’
3031 1072 3389 1140 ὑποδέξασθαι
3424 1075 3609 1142 αὑτὸν,

2025 1168 2122 1222 καὶ
2175 1169 2339 1240 μέρος
2387 1185 2440 1222 τι
2482 1167 2585 1239 τῆς
2636 1167 2821 1238 χώρας
2873 1167 3079 1223 δοῦναι.
3153 1168 3264 1222 Καὶ
3312 1168 3476 1224 αὐτὸν
3511 1169 3611 1240 μὲν

2026 1260 2119 1314 τὸν
2172 1259 2368 1315 Ἰακὼϐ
2396 1262 2726 1332 γεωμορεῖν,
2776 1261 2902 1323 τοὺς
2950 1259 3007 1313 δὲ
3035 1261 3184 1326 υἱοὺς
3217 1259 3380 1314 αὐτοῦ
3415 1260 3609 1315 ἕνδεκα

2023 1353 2116 1407 τὸν
2166 1352 2402 1425 ἀριθμὸν
2448 1352 2609 1416 ὄντας
2664 1351 3011 1422 ποιμαίνειν.
3070 1352 3169 1424 τὴν
3218 1351 3276 1404 δὲ
3331 1349 3610 1423 θυγατέρα

2024 1445 2214 1500 Δεῖναν
2289 1445 2384 1499 καὶ
2454 1444 2555 1507 τὰς
2629 1444 2897 1513 γυναῖκας
2952 1445 3294 1516 ὲριουργεῖνο
3354 1443 3450 1497 καὶ
3506 1445 3607 1515 τὴν

2025 1537 2213 1591 Δείναν
2248 1535 2515 1608 παρθένον
2572 1530 2736 1588 οὖσαν
2782 1535 2861 1597 εἰς
2900 1532 2971 1586 τὰ
3018 1533 3223 1603 Σίκιμα
3250 1531 3423 1586 ἐλθεῖν
3467 1549 3608 1587 παν·

2023 1628 2273 1700 ηγύρεως
2320 1625 2505 1698 οὔσης,
2568 1625 2895 1697 βουλομένην
2946 1623 3242 1679 θεάσασθαι
3290 1624 3391 1696 τὴν
3414 1623 3604 1679 πόλινο

2023 1718 2205 1789 Συχὲμ
2236 1716 2292 1770 δὲ
2333 1716 2425 1770 τὸν
2456 1714 2550 1770 τοῦ
2616 1714 2847 1788 Ἑμμὼρ
2889 1715 3003 1769 υἱὸν
3043 1716 3253 1780 ἰδόντα,
3307 1713 3606 1788 ἐρασθῆναι

332 1831 399 1872 ac
429 1816 656 1873 vidisset
699 1832 887 1873 amore
932 1827 1151 1889 captum
1174 1858 1189 1883 ,
1238 1818 1341 1888 ipsi
1392 1834 1488 1888 per
1518 1819 1629 1873 vim
1658 1828 1828 1890 raptas
1855 1835 1879 1874 a

2024 1810 2226 1880 αὐτῆς,
2282 1809 2377 1863 καὶ
2427 1809 2747 1881 ἁρπάσαντα
2800 1810 2876 1873 ὼς
2908 1807 3097 1862 ἑαυτὸν
3148 1808 3463 1879 διακομίσαι
3508 1809 3605 1864 καὶ

331 1911 558 1966 domum
606 1910 855 1966 abductae
906 1921 1156 1982 stuprum
1214 1926 1340 1967 cum
1385 1912 1705 1980 obtulisset,
1754 1912 1917 1983 paulo

329 2008 459 2071 post
487 2017 597 2057 una
621 2017 747 2057 cum
773 2011 926 2073 patre
958 2003 1027 2058 ad
1051 2002 1317 2059 Jacobum
1349 2005 1587 2071 venisse,
1641 2004 1711 2061 ab
1742 2020 1918 2076 eoque

329 2093 456 2149 ﬁlia:
475 2094 1032 2165 nuptiasexpetiisse;
1054 2110 1191 2167 quas
1216 2096 1306 2152 ille
1332 2112 1456 2152 cum
1481 2104 1722 2167 negaret,
1738 2096 1919 2167 prius-

329 2200 496 2256 quam
530 2186 722 2241 incolae
745 2185 1075 2257 Sicimorum
1103 2187 1344 2243 universi
1369 2199 1423 2243 et
1443 2187 1915 2244 circumcisionem

326 2286 384 2333 et
414 2278 554 2336 ritus
599 2278 860 2338 Iudaicos
893 2283 1235 2353 accepissent
1263 2297 1278 2336 :
1308 2282 1621 2339 Emmorem
1667 2281 1913 2338 futurum

327 2368 498 2442 428
548 2374 927 2444 spopondisse,
980 2376 1061 2431 uti
1107 2392 1202 2433 eos
1252 2377 1392 2432 hanc
1443 2374 1510 2431 ad
1549 2376 1915 2433 conditionem

327 2461 600 2518 adducere
629 2474 937 2520 conaretur.
958 2464 1023 2521 Et
1037 2481 1133 2522 eos
1148 2468 1367 2538 quidem
1386 2465 1706 2523 circumcidi
1722 2481 1915 2522 omnes

232 2572 235 2577 ·
325 2562 597 2623 oportere,
613 2553 850 2613 Iacobus
877 2556 954 2612 ita
984 2557 1226 2614 declarat
1259 2576 1275 2614 :

327 2667 613 2744 [febrium
638 2670 820 2726 divina
849 2681 1024 2728 vetant
1054 2674 1274 2728 oracula
1294 2683 1519 2744 gentem,

324 2738 590 2795 Externa:
616 2757 825 2812 sponsa
848 2760 1062 2815 generos
1092 2745 1148 2799 in
1177 2738 1314 2800 tecta
1341 2763 1526 2801 vocare
1541 2763 1562 2811 ,°

323 2873 456 2930 Haec
479 2878 687 2947 patrius
719 2887 924 2934 tantum
956 2880 1099 2935 novit
1123 2884 1436 2937 commercia
1456 2885 1701 2955 sanguis.

321 2988 556 3062 Moxque
592 2991 661 3049 de
693 2993 1114 3051 circumcisione
1143 3015 1157 3051 :

323 3103 712 3180 Qui_mag_num
740 3109 932 3178 patriis
969 3109 1335 3164 Abrahamum
1361 3111 1546 3165 eduxit
1574 3111 1639 3165 ab
1669 3114 1798 3180 oris,

322 3173 712 3250 Qtplitus'hunc
740 3173 855 3232 tota
877 3180 1046 3248 jussit
1069 3196 1189 3233 cum
1217 3182 1383 3250 stirpe
1402 3197 1641 3246 recurvo,
1724 3214 1727 3217 -

321 3242 527 3321 glande
553 3247 651 3301 sub
676 3242 941 3321 extrema,
975 3252 1240 3321 praeputia
1265 3242 1470 3305 demere
1495 3242 1658 3321 ferro.

319 3313 543 3385 Paruit,
565 3324 723 3388 atque
753 3317 851 3372 Dei
879 3313 1048 3374 verbis
1073 3313 1321 3377 immotus
1348 3313 1583 3378 inhwiit.

321 3424 549 3485 Emmor
575 3429 762 3500 itaque
790 3431 846 3487 in
871 3432 1148 3489 civitatem
1176 3448 1464 3502 reversus,
1522 3450 1648 3491 eum
1678 3450 1810 3493 suos
1838 3437 1906 3492 ad

321 3520 719 3587 capessendum
763 3523 1202 3580 circumcisionis
1248 3526 1415 3581 ritum
1446 3526 1698 3584 hortatus
1739 3538 1906 3594 esset,

322 3622 496 3664 unum
527 3626 597 3668 ex
623 3611 818 3670 Jacobi
861 3615 986 3672 [iliis
1015 3616 1342 3690 Symeonem
1363 3657 1382 3685 ,
1407 3619 1555 3689 quod
1578 3620 1786 3678 sororis
1822 3621 1909 3676 iu-

315 3699 522 3768 juriam
562 3703 806 3776 iniquius
854 3707 1187 3780 graviusque
1230 3709 1430 3777 ferret,
1482 3709 1793 3767 Emmorem
1842 3728 1908 3768 ac

323 3788 657 3864 Sychemum
706 3796 1011 3879 interficere
1051 3800 1310 3858 statuisse
1346 3820 1359 3856 :
1391 3803 1906 3875 communicatoque

319 3899 447 3940 cum
486 3884 692 3946 Levino
731 3888 899 3946 fratre
935 3893 1189 3961 consilio,
1220 3894 1432 3951 socium
1462 3910 1590 3951 eum
1615 3897 1903 3952 comitem-

319 3992 431 4048 que
466 3976 729 4037 facinoris
777 3982 1130 4055 adhibuisse,
1176 4002 1301 4043 cum
1338 3988 1526 4045 decem
1576 3989 1666 4045 ille
1717 3999 1905 4060 gentes

318 4067 618 4127 Abrahami
651 4075 888 4143 posteris
918 4076 1105 4134 divino
1127 4079 1427 4149 promissas
1458 4082 1684 4139 oraculo
1732 4072 1905 4140 fuisse

315 4159 570 4231 iactaret.
644 4161 739 4220 Sic
770 4174 956 4224 autem
985 4166 1250 4226 Levinum
1282 4171 1579 4242 alloquitur
1611 4171 1848 4246 Symeon
1884 4192 1907 4228 :.

328 4354 501 4434 Yerlta
536 4355 633 4434 Dei
662 4358 880 4434 penitus
903 4361 1075 4417 medio
1106 4363 1201 4417 sub
1228 4374 1433 4434 pectore
1455 4383 1623 4433 servo,

317 4427 486 4507 Quem
520 4427 682 4507 denas
710 4431 941 4487 Abralue
973 4434 1115 4487 natis
1137 4427 1440 4504 promittere
1465 4427 1641 4507 gentes

315 4496 679 4553 Commemini.

314 4611 397 4666 Ac
418 4606 592 4665 Deum
625 4609 1099 4687 quidem,propter
1135 4612 1505 4673 Sicimitarum
1541 4618 1894 4691 impietatem,

314 4702 459 4760 hanc
484 4704 553 4761 iis
582 4714 821 4762 mentem
845 4705 1122 4779 iniecisse,
1152 4718 1382 4768 testatur
1409 4713 1497 4770 his
1519 4715 1701 4771 verbis
1736 4733 1753 4769 :

310 4816 537 4890 4rdenti
564 4820 756 4875 uindex
781 4818 1009 4877 Sicimos
1038 4821 1180 4879 Deus
1212 4825 1517 4890 obruitira,

312 4886 431 4953 Quo
459 4891 673 4944 uirtutis
710 4906 897 4946 amans
926 4908 1076 4947 nemo
1111 4896 1397 4950 inviolatus
1423 4886 1593 4952 adiret
1622 4913 1643 4952 :

310 4957 419 5035 {lic
444 4958 534 5013 ubi
566 4960 717 5035 nulla
743 4964 883 5035 aequi
915 4964 1083 5018 tenuit
1111 4967 1398 5020 reverentia
1425 4967 1580 5035 cives,

308 5026 415 5084 Sed
437 5038 646 5085 tantum
672 5026 884 5101 infandi
908 5035 1119 5089 sceleris
1152 5052 1340 5091 vesana
1363 5037 1551 5092 libido.

304 5137 452 5214 Ergo
490 5139 759 5198 Levinum
811 5159 879 5201 ac
926 5141 1252 5217 Symeonem
1303 5157 1546 5205 armatos
1592 5150 1647 5205 in
1700 5151 1890 5207 urbem

303 5233 559 5302 venisse,
606 5234 892 5308 obviisque
941 5239 1178 5308 primum
1231 5241 1422 5306 caesis,
1466 5239 1780 5297 Emmorem
1826 5258 1892 5298 ac

305 5324 640 5399 Sycbemum
687 5331 1019 5402 peremisse,
1072 5348 1237 5406 quam
1283 5334 1374 5391 ille
1425 5336 1629 5391 caedem
1668 5335 1744 5391 ita
1784 5335 1884 5392 de-

302 5417 495 5472 scribit
521 5436 537 5474 :

304 5526 460 5611 Z‘uAnc
482 5530 669 5611 Emori
692 5545 840 5591 vasto
868 5534 1092 5611 Symeon
1123 5550 1281 5611 caput
1306 5541 1507 5595 arduus
1529 5542 1637 5597 ictu

300 5597 468 5672 429
488 5603 764 5675 Amputat,
789 5624 852 5661 ac
872 5597 1016 5665 Ἰὧυιι
1039 5597 1280 5667 truncam
1317 5619 1630 5683 suspendere
1656 5613 1812 5684 gestit

371 5745 400 5776 ι
428 5738 515 5794 ῖσ.
541 5739 864 5797 τολύπευσε.
941 5746 972 5788 ιν
1000 5746 1086 5802 Ia.
1114 5746 1250 5805 δέκ’.

1936 3171 1983 3235 C
2012 3171 2209 3256 Αὗτὸς
2226 3188 2328 3242 ἀπ’
2349 3171 2678 3256 οὖροι-ὅθᾶ
2699 3171 2888 3241 κέλετ’
2907 3171 3092 3254 ἀνέρα

2024 1900 2241 1973 φθεῖραι
2310 1901 2499 1972 αὑτήν.
2578 1897 2744 1965 Αὖθις
2785 1900 2841 1954 δὲ
2894 1903 2992 1956 σὺν
3034 1900 3114 1972 τῷ
3160 1901 3329 1971 πατρὶ
3381 1900 3606 1956 ἐλθόντα

2025 1993 2161 2065 πρὸς
2192 1993 2284 2047 τὸν
2325 1992 2519 2047 Ἰακὼϐ
2543 2033 2558 2058 ,
2613 1995 2783 2047 αἰτεῖν
2832 1993 3000 2066 αὐτὴν
3026 1993 3163 2067 πρὸς
3195 1995 3374 2065 γάμου
3410 2012 3604 2048 κοινω-

2022 2086 2174 2139 νίαν·
2223 2084 2315 2139 τὸν
2360 2085 2419 2139 δὲ
2461 2085 2522 2139 οὐ
2555 2086 2721 2157 φάναι
2747 2086 2974 2151 δώσειν,
3026 2086 3157 2159 πρὶν
3216 2086 3283 2141 ἂν
3327 2085 3360 2158 ἢ
3395 2085 3605 2151 πάντας

2021 2178 2149 2241 τοὺς
2190 2176 2476 2242 οἰκοῦντας
2518 2176 2589 2231 τὰ
2615 2178 2818 2249 Σίκιμα
2850 2178 3341 2251 περιτεμνομένους
3381 2179 3604 2233 Ἰουδαϊ-

2024 2286 2142 2324 σαιο
2194 2271 2286 2325 τὸν
2337 2270 2397 2324 δὲ
2461 2268 2688 2342 Ἑμμὼρ
2740 2270 2905 2339 φάναι
2937 2271 3146 2325 πείσειν
3174 2270 3391 2335 αὐτούς.
3463 2272 3602 2343 Φησὶ

2022 2359 2079 2413 δὲ
2137 2360 2266 2433 περὶ
2301 2360 2393 2415 τοῦ
2431 2361 2543 2416 δεῖν
2574 2361 2998 2437 περιτέμνεσθαι
3044 2361 3242 2426 αὐτοὺς
3285 2364 3316 2416 ὁ
3362 2360 3559 2419 ’ωκὼϐ
3582 2376 3603 2396 ο

2024 2680 2108 2733 Οὐ
2140 2678 2250 2748 γὰρ
2285 2675 2361 2745 δὴ
2381 2676 2629 2748 θεμιτόν
2675 2691 2742 2745 γε
2773 2674 2892 2728 τόδ’
2940 2674 3267 2748 Ἐὄρᾳῲισξι
3295 2672 3600 2748 τέτυκται,

2021 2744 2330 2819 Γαμϐροὺς
2352 2744 2626 2801 ἄλλοθεν
2654 2744 2742 2812 εἰς
2769 2744 3025 2814 ιγενυοὺς
3074 2745 3187 2818 (67)
3216 2746 3601 2868 ἁγῗὲιὲναέτοτι

2031 2888 2192 2943 Ἀλλ’
2218 2886 2391 2955 ὅστις
2412 2884 2622 2958 γενεᾶς
2648 2886 2959 2957 ἐξεύχεται
2988 2881 3141 2942 εἶναι
3167 2815 3488 2956 duell:ng

2016 2998 2149 3056 Εἶτα
2178 3001 2386 3066 ὑποϐὰς
2420 3002 2547 3074 περὶ
2578 3003 2676 3073 τῆς
2706 3002 3006 3073 περιτομῆς
3026 3019 3041 3032 ⁸

2019 3116 2118 3182 ὀς
2152 3117 2282 3187 ποθ’
2309 3116 2417 3184 ἑῆς
2447 3116 2677 3186 πάτρης
2712 3117 2966 3187 ἐξήγαγε
2995 3114 3126 3187 δῖον
3168 3113 3463 3187 Ἀϐραὰμ.

3109 3186 3286 3239 παντὶ
3309 3183 3431 3238 σὺν
3451 3183 3597 3247 οἴκῳ

2009 3255 2186 3324 Σάρκ’
2211 3255 2607 3326 ἀποσυλῆσαι
2634 3258 2870 3326 πόσθης
2888 3256 3028 3322 ἄπο,
3046 3258 3147 3326 καί
3157 3256 3223 3325 ῤ’
3243 3255 3592 3310 ἐτέλεσσεν.

2022 3327 2348 3397 Ἀστεμφὲς
2390 3327 2460 3381 δὲ
2486 3325 2761 3382 τέτυκται
2784 3368 2799 3394 ,
2857 3328 2987 3382 ἐπεὶ
3025 3325 3168 3394 Θεὸς
3195 3325 3378 3392 αὐτὸς
3406 3325 3592 3379 ἔειπε.

2007 3438 2373 3510 Πορευθέντος
2421 3435 2514 3496 οὖν
2547 3441 2630 3505 εἰς
2682 3440 2783 3513 τὴν
2834 3442 2990 3497 πόλιν
3035 3441 3130 3496 τοῦ
3177 3438 3442 3512 Ἑμμὼρ,
3500 3440 3593 3494 καὶ

2005 3530 2134 3594 τοὺς
2158 3530 2629 3604 ὑποτασσομένους
2662 3532 3109 3604 παρακαλοῦντος
3131 3530 3556 3602 περιτέμνεσθαι
3573 3569 3590 3596 ,

2003 3620 2103 3674 ἕνα
2152 3622 2261 3677 τῶν
2336 3623 2530 3677 Ἰακὼϐ
2579 3623 2711 3677 υἱῶν
2762 3623 2932 3695 ὄνομα
2984 3624 3246 3695 Συμεῶνα
3295 3622 3592 3691 διαγνῶναι

2003 3715 2095 3769 τόν
2145 3731 2205 3768 τε
2267 3715 2497 3788 Ἑμμὼρ
2531 3717 2626 3770 καὶ
2661 3717 2753 3769 τὸν
2797 3704 2981 3788 Συχὲμ
3007 3716 3215 3771 ἀνελεῖν
3236 3756 3251 3781 ,
3301 3715 3400 3787 τὴν
3431 3715 3589 3788 ὕϐριν

2003 3805 2106 3876 τῆς
2159 3805 2394 3878 ἀδελφῆς
2448 3806 2529 3879 μὴ
2592 3807 2920 3879 βουληθέντα
2956 3809 3245 3872 πολιτικῶς
3295 3812 3542 3879 ἐνεγκεῖν
3569 3824 3585 3840 ⁸

2001 3896 2175 3952 ταῦτα
2204 3897 2260 3950 δὲ
2296 3897 2578 3967 διαγνόντα
2631 3899 2794 3954 Λευῒν
2834 3899 2912 3971 τῷ
2942 3899 3154 3970 ἀδελφῷ
3188 3899 3583 3955 κοινώσασθαι·

2001 3988 2233 4043 λαϐόντα
2265 3989 2312 4044 δ’
2356 3990 2519 4045 αὑτὸν
2551 3992 2928 4060 συγκάταινον,
2958 3991 3051 4044 ἐπὶ
3081 3993 3181 4062 τὴν
3214 3990 3411 4062 πρᾶξιν
3444 4008 3586 4062 παρ-

2001 4080 2244 4152 ορμῆσαι
2265 4120 2281 4146 ,
2339 4079 2518 4150 λόγιον
2574 4082 3017 4154 προσφερόμενον
3059 4079 3148 4136 τὸν
3187 4081 3321 4135 Θεὸν
3375 4082 3582 4136 ἀνελεῖν

2001 4175 2244 4245 φάμενον
2266 4214 2280 4239 ,
2309 4176 2421 4238 τοῖς
2453 4173 2703 4246 Ἀϐραὰμ
2731 4175 3020 4244 ἀπογόνοις
3048 4175 3179 4231 δέκα
3209 4173 3337 4229 ἑθντι
3365 4173 3577 4231 δώσειν.

2002 4267 2142 4338 Φησὶ
2170 4266 2228 4320 δὲ
2254 4265 2429 4331 οὕτως
2456 4267 2486 4320 δ
2526 4266 2752 4339 Συμεὼν
2801 4268 2937 4340 πρὸς
2976 4269 3138 4322 Λευῖν
3159 4283 3173 4298 ·

2003 4376 2086 4454 Εὖ
2111 4380 2221 4451 γὰρ
2251 4379 2367 4454 ἐγὼ
2407 4381 2604 4454 μῦθόν
2634 4400 2701 4454 γε
2731 4381 3115 4454 πεπυσμένος
3144 4382 3261 4452 εἰμὶ
3312 4383 3509 4438 Θεοῖο·

1998 4450 2220 4506 Δώσειν
2251 4450 2359 4523 γάρ
2379 4450 2509 4506 ποτ’
2541 4450 2734 4523 έφήσε
2752 4450 2824 4506 δέ
2857 4454 2911 4509 κ’
2934 4450 2964 4494 1³
2990 4452 3167 4509 ἔθνεα
3194 4450 3422 4595 σταίὲνέῖὲ
3451 4456 3574 4510 Ἀϐ-

3418 4543 3484 4594 μ.

3418 4543 3484 4594 μ.

2001 4634 2106 4688 Τὸν
2140 4634 2197 4689 δὲ
2227 4634 2363 4689 Θέδν
2407 4634 2590 4700 αὐτοῖς
2620 4636 2810 4690 τοῦτον
2855 4635 2949 4689 τὸν
2980 4635 3106 4690 νοῦν
3158 4636 3438 4707 ἐμϐαλεῖν,
3488 4638 3578 4692 διά

1997 4728 2058 4781 τὸ
2095 4728 2221 4793 τοὺς
2259 4729 2316 4782 ὲν
2348 4728 2594 4799 Σικίμοις
2617 4727 2834 4792 ἀσεϐεῖς
2859 4723 3020 4782 εἶναι.
3077 4728 3215 4800 Φησὶ
3242 4728 3298 4782 δέ
3319 4746 3334 4760 ·

1998 4841 2236 4896 Βλάπτε
2280 4840 2425 4907 Θεὸς
2453 4840 2710 4910 Σικίμων
2744 4840 3059 4908 οἰκήτορας
3077 4857 3116 4910 ’ί
3148 4841 3222 4894 οὐ
3256 4839 3367 4910 τὰρ
3391 4841 3574 4908 ἄατος

1991 4914 2095 4978 Εἰς
2114 4910 2334 4976 αὐτοὺς
2352 4911 2519 4977 ὅστις
2535 4928 2603 4964 κε
2612 4912 2771 4979 ,αόλῃ
2793 4911 2999 4975 καλὸς,
3021 4909 3161 4979 οὐδέ
3177 4909 3296 4979 μὲν
3313 4911 3558 4978 ἐσθλόςο

1999 4981 2151 5036 οὐδὲ
2171 4981 2346 5048 δίκας
2368 4978 2638 5039 ἐδίκαζον
2661 4978 2785 5035 ἀνὰ
2803 4982 3001 5046 πόλιν,
3026 4978 3169 5034 οὐδὲ
3182 4978 3503 5050 ίθεμιστάς.

1993 5052 2200 5122 Λοίγια
2230 5051 2283 5105 δ’
2319 5050 2537 5120 ὠρώρει
2562 5051 2759 5105 τοῖο-ιν
2779 5050 3164 5121 μεμελημένα
3192 5050 3356 5121 ἔργα.

1993 5163 2097 5216 Τὸν
2127 5182 2221 5219 ουν
2254 5164 2418 5220 Λευῖν
2448 5167 2542 5220 καὶ
2572 5165 2663 5219 τὸν
2697 5164 2956 5236 Συμεῶνα
3013 5165 3094 5228 εἰς
3125 5165 3226 5235 τὴν
3261 5161 3416 5219 πόλιν
3435 5168 3571 5222 καθ-

1996 5254 2372 5329 ωπλισμένους
2396 5255 2592 5321 ἐλθεῖν,
2624 5257 2721 5311 καὶ
2740 5256 2934 5329 πρῶτα
2952 5257 3053 5327 μὲν
3068 5258 3196 5320 τοὺς
3223 5257 3573 5329 ἐντυγχάνον-

1988 5362 2088 5408 τας
2115 5346 2381 5417 ἀναιρεῖν,
2395 5346 2583 5401 ἔπειτα
2604 5348 2662 5401 δὲ
2683 5349 2774 5403 καὶ
2797 5348 2888 5402 τὸν
2916 5348 3144 5422 Ἑμμὼρ
3159 5349 3360 5403 καὶτὸν
3388 5352 3572 5427 Συχὲμ

1990 5437 2268 5508 φονεῦσαι.
2290 5440 2453 5510 Λέγει
2476 5440 2533 5494 δὲ
2562 5441 2691 5513 περὶ
2716 5441 2812 5512 τῆς
2825 5441 3155 5513 ἀναιρέσεως
3174 5440 3354 5495 αὐτῶν
3371 5443 3567 5509 οὕτως’

2000 5549 2244 5624 Ὠςᾲτότε
2264 5550 2341 5620 δὴ
2359 5551 2603 5622 Συμεὼν
2622 5552 2733 5624 μὲν
2760 5554 2941 5624 Ἐμὼρ
2962 5554 3232 5624 ὤρουσεν
3251 5558 3344 5611 ἐπ’
3359 5557 3565 5620 αὐτὸν,

1987 5620 2194 5689 Πλῆξέ
2218 5639 2282 5677 τε
2301 5627 2355 5678 ol
2380 5620 2674 5694 κεφαλὴν,
2697 5620 2973 5694 δειρὴνδ
2988 5620 3132 5682 ἕλεν
3146 5630 3218 5683 ἐν
3241 5629 3373 5699 χερὶ
3395 5628 3569 5698 λαιῇ-

376 5828 489 5903 (61)
527 5833 634 5900 Εις
657 5836 930 5906 γενυούς.
969 5836 1525 5927 Uterque‘manuscr.
1567 5843 1784 5916 adhuc,
1817 5848 1876 5903 ut

2012 5852 2143 5912 stur,
2190 5841 2503 5916 corruptius
2534 5843 2763 5915 γενυοὺς
2803 5845 3141 5917 τεταγμένης
3174 5848 3255 5900 ὅτι
3307 5846 3485 5914 δῶμα.
