3824 6226
125 211 243 271 725

124 375 323 447 Aelim
348 375 404 431 δ’
433 376 522 432 ἔτι
539 378 945 449 σπαίρουσαν,
974 380 1104 436 ἐπεὶ
1144 381 1333 449 πόνος
1359 382 1552 447 ἄλλος
1580 379 1724 450 ὀρώ-

134 519 339 592 Τόφρα
366 517 436 571 δὲ
463 479 563 572 καὶ
592 519 774 573 Λευῒν
792 519 979 589 μένος
1007 522 1268 592 ἄσχετος
1308 452 1727 592 suacsgﬁ‘én;

141 588 509 664 ᾉπτόμετον
535 591 769 664 γούνων
793 588 1025 664 ξΣυχέμᾼ,
1059 588 1294 664 derassa
1314 588 1723 664 μαργήᾶίαντὰ.

135 661 367 734 ξΗλαᾳε
392 659 462 712 δὲ
482 660 706 734 κδηΐδα
728 659 971 734 item)?"
988 662 1063 717 δῦ
1091 663 1161 716 δὲ
1188 659 1365 734 ξίφος
1388 659 1498 728 ὀξὺ

130 728 472 800 {utier
519 729 620 785 διὰ
670 728 939 801 στέρνων
962 771 980 799 ,
1021 735 1163 789 λίπε
1203 728 1279 790 ⁷δὲ
1324 728 1728 878 ὼῗέὺθιίἐέιας

131 941 488 1014 Πυθομένους
511 943 568 996 δὲ
611 944 861 1009 καὶτοὺς
900 943 1121 1018 ἐτέρους
1162 943 1424 1015 ἀδελφοὺς
1455 946 1554 1017 τὴν
1589 949 1728 1018 πρᾶέ

135 1034 219 1099 ξιν
253 1033 457 1098 αὐτῶν,
484 1034 866 1107 ἐπιϐοηθῆσαι,
915 1039 1010 1092 καὶ
1046 1038 1146 1109 τὴν
1184 1037 1338 1093 πόλιν
1367 1037 1725 1110 ὲκπορθῆσαι,

133 1127 234 1182 καὶ
263 1127 364 1198 τὴν
410 1127 645 1199 ἀδελφὴν
678 1130 1184 1202 άναρῤυσαμένους,
1217 1129 1354 1201 μετὰ
1389 1131 1496 1184 τῶν
1528 1132 1727 1201 αἰχμα-

135 1219 326 1273 λώτων
351 1221 433 1283 εἰς
463 1219 564 1292 τὴν
595 1219 852 1293 πατρῴαν
878 1220 1103 1276 ἔπαυλιν
1139 1221 1473 1292 διακομίσαι.

651 1334 1049 1390 ΚΕΦΑΛΑῙΟΝ
1087 1337 1212 1391 Kl".

453 1449 841 1518 Ἀρταπάνου,
873 1452 1008 1520 περί
1040 1452 1148 1507 τοῦ
1187 1451 1417 1521 Ἰωσήφ.

207 1561 438 1626 Τούτοις
490 1563 586 1616 καὶ
632 1545 702 1616 τά
749 1563 877 1636 ἑξῆς
933 1566 1064 1638 περὶ
1125 1565 1221 1620 τοῦ
1265 1565 1465 1637 Ἰωσὴφ
1516 1567 1584 1620 ἐκ
1627 1569 1726 1639 τῆς

1281 213 1607 274 ΡΒΛΕΡΑΒ.
1649 213 1902 274 EVANG.
1945 215 2072 272 LIB.
2115 215 2203 272 IX.

3309 222 3412 280 726

1754 341 1800 397 Α
1900 337 2199 409 ςενυίεεηιί;
2229 336 2412 409 donec,
2444 337 2584 407 quod
2606 353 2784 409 pugna
2811 339 3044 393 atrocior
3074 341 3251 407 instet,

1897 407 2127 478 Linqual
2157 408 2304 460 humi
2332 407 2730 478 singultantem.
2766 410 2836 463 At
2864 410 3140 464 violentior
3169 413 3320 468 ardet

1898 476 2150 542 Levinus,
2182 476 2487 548 frustraque
2507 476 2632 533 'solo
2663 480 2980 550 pedibusque
3013 481 3270 548 uolutum,

1898 550 2102 604 Ausum
2167 549 2396 604 immane
2458 551 2607 620 nefas
2672 548 3018 620 Sychemum,
3071 551 3411 622 pendentibus

1903 688 2173 761 Crinibus,
2205 690 2427 745 invadit.
2461 689 2718 760 Jugulum
2752 691 2961 745 delatus
2989 693 3044 745 in
3074 621 3361 761 nisi?“

1902 759 2030 832 you:
2061 750 2171 815 toto
2197 761 2409 830 gladius
2435 750 2576 816 subit
2608 763 2664 816 in
2690 763 2990 832 prwcordia
3016 763 3180 832 ferro,

1895 829 2262 902 Exturbatque
2289 833 2544 886 animam.

1829 943 2182 1000 Postmodum
2213 960 2344 1001 vero
2375 944 2572 1004 fratres
2591 955 2846 1016 caeteros,
2877 948 2971 1004 ubi
3002 964 3117 1005 rem
3146 949 3412 1007 inaudiis-

1829 1044 1970 1101 sent,
1997 1036 2304 1107 conjunctis
2334 1037 2542 1094 viribus
2573 1039 2845 1096 civitatem
2872 1040 3184 1111 diripuisse,
3218 1057 3284 1098 ac
3317 1057 3412 1098 so-

1830 1143 2007 1182 rorem
2037 1143 2163 1183 cum
2192 1128 2307 1198 ipsa
2334 1129 2672 1198 captivorum
2706 1145 2872 1185 manu
2906 1142 3187 1203 paternam
3219 1133 3275 1190 in
3306 1135 3412 1190 vil-

1828 1217 1936 1272 lam
1983 1218 2345 1275 transtulisse.
2402 1217 2529 1274 llzec
2578 1217 2906 1288 Polyhistor.

2392 1329 2623 1388 CAPUT
2654 1331 2846 1388 XXIII.

2251 1444 2330 1500 De
2345 1445 2593 1517 losepho,
2607 1462 2672 1502 ca:
2696 1449 2990 1517 Artapano.

1899 1559 2112 1628 Quibus
2159 1559 2418 1631 deinceps
2446 1559 2668 1633 Iosephi
2709 1578 2891 1618 rerum
2932 1563 3411 1618 commemoratio-

133 1655 312 1726 αὐτῆς
337 1655 431 1708 τοῦ
448 1655 806 1728 Πολυῖστορος
837 1661 1055 1730 γραφῆς
1083 1658 1466 1731 ἐπισυνῆφθαι.
1489 1679 1508 1712 ι
1531 1659 1720 1732 Ἀρτά-

1839 1667 1951 1708 nem
1978 1653 2246 1724 adjungit,
2283 1653 2431 1710 hunc
2462 1654 2517 1708 in
2543 1653 2789 1710 modum:
2819 1673 2840 1706 ι
2863 1655 3169 1725 Artapanus
3231 1662 3412 1709 autem

134 1764 310 1812 πανος
342 1747 401 1801 δέ
440 1765 604 1819 φησιν
647 1749 706 1802 ὲν
734 1750 814 1822 τῷ
835 1745 972 1813 Περὶ
1003 1747 1308 1806 Ἰουδαίων
1334 1750 1428 1806 τοῦ
1482 1751 1730 1824 Ἀϐραὰμ

133 1839 412 1908 ἀπόγονον
456 1839 732 1908 γενέσθαι,
779 1841 894 1895 υἱὸν
941 1842 1000 1895 δὲ
1074 1842 1354 1896 Ἰακώϐουο
1413 1843 1624 1898 συνέσει
1671 1843 1730 1896 δὲ

135 1932 234 1984 καὶ
267 1933 534 2003 φρονήσει
582 1934 735 2004 παρά
783 1935 912 1998 τοὺς
967 1935 1159 1999 ἄλλους
1207 1936 1582 2005 διενεγκόντα,
1626 1937 1731 1990 ὑπὸ

135 2021 391 2090 ἀδελφῶν
423 2022 874 2097 ἐπιϐουλευθῆναι
895 2042 906 2054 ·
952 2027 1334 2098 προειδόμενον
1367 2028 1424 2080 δὲ
1469 2027 1568 2098 τὴν
1607 2030 1728 2082 ἐπι-

137 2111 440 2177 σύστασιν,
485 2114 743 2187 δεηθῆναι
771 2117 879 2172 τῶν
921 2119 1320 2187 ἀστυγειτόνων
1369 2120 1614 2192 Ἀράϐων
1651 2121 1732 2184 εἰς

134 2207 238 2276 τὴν
268 2199 549 2274 Ᾰῖγυπτον
572 2208 735 2262 αὑτὸν
766 2209 1100 2281 διακομίσαι.
1125 2212 1265 2275 Τοὺς
1289 2211 1345 2266 δὲ
1372 2211 1433 2264 τὸ
1463 2215 1728 2282 ἐντυγχα-

136 2296 372 2380 νόμενον
403 2301 646 2369 ποιῆσαι.
685 2295 842 2354 Εἶναι
889 2301 999 2373 γὰρ
1025 2303 1171 2372 τοὺς,
1199 2301 1308 2356 τῶν
1347 2303 1592 2374 Ἀράϐων
1636 2304 1732 2375 βα-

137 2387 310 2452 σιλεῖς
342 2388 644 2458 ἀπογόνους
681 2391 917 2464 Ἰσραὴλ,
941 2394 1090 2458 υἰοὺς
1117 2394 1210 2447 τοῦ
1247 2395 1516 2466 Ἀϐραὰμ,
1548 2397 1734 2451 Ἰσαὰκ

135 2476 191 2530 δὲ
216 2477 507 2548 ἀδελφούς.
540 2480 791 2534 Ἐλθόντα
817 2483 874 2535 δὲ
905 2484 1070 2537 αὑτὸν
1105 2486 1184 2548 εἰς
1203 2484 1303 2558 τὴν
1317 2486 1612 2555 Αἴγυπτον,
1639 2487 1735 2541 καὶ

139 2569 486 2625 συσταθέντα
511 2571 590 2642 τῷ
620 2571 852 2642 βασιλεῖ,
885 2575 1168 2648 διοικητὴν
1193 2579 1290 2648 τῆς
1321 2575 1449 2649 ὅλης
1479 2577 1735 2646 γενέσθαι

135 2660 348 2733 χώρας.
387 2663 500 2716 Καὶ
528 2664 792 2737 πρότερον
825 2667 1079 2731 ἀτάκτως
1116 2668 1224 2722 τῶν
1245 2667 1560 2737 Αἰγυπτίων
1591 2688 1733 2740 γεω-

139 2753 481 2824 μορούντων,
505 2755 595 2809 διὰ
615 2756 674 2810 τὸ
693 2757 792 2829 τὴν
809 2758 992 2830 χώραν
1012 2759 1316 2834 ἀδιαίρετον
1334 2757 1494 2828 εἶναι,
1511 2763 1736 2818 καὶτῶν
1774 2751 1786 2760 ”

137 2845 453 2900 ἐλασσόνων
481 2847 589 2900 ὑπὸ
610 2847 719 2901 τῶν
751 2851 1087 2919 κρεισσόνων
1111 2853 1481 2926 ἀδικουμένων
1501 2871 1514 2884 ·
1545 2854 1737 2910 τοῦτον

139 2939 364 3008 πρῶτον
379 2940 480 3012 τήν
504 2958 565 2994 τε
590 2943 693 3013 γῆν
733 2941 948 3006 διελεῖν,
976 2945 1070 2998 καὶ
1101 2945 1248 3017 ὅροις
1274 2945 1732 3018 διασημήνασθαι,

1831 1744 1888 1799 in
1919 1759 2021 1800 suo
2053 1744 2122 1800 de
2149 1743 2352 1800 Judaeis
2381 1743 3107 1816 commentario,Josephum
3133 1745 3209 1800 ait
3236 1745 3412 1800 Abra-

1830 1836 1980 1891 hami
2005 1846 2255 1907 nepotem
2277 1878 2293 1904 ,
2327 1834 2516 1893 Jacobi
2553 1837 2724 1892 ﬁlium
2747 1879 2761 1905 ,
2812 1853 2938 1892 cum
2973 1838 3197 1908 reliquis
3227 1837 3413 1894 fratri-

1830 1927 1935 1983 bus
1963 1928 2208 1999 ingenio,
2237 1928 2610 1999 sapientiaque
2635 1936 2938 1999 praestaret,
2977 1945 3168 1984 eorum
3200 1929 3414 1987 insidiis

1829 2021 2127 2092 appetitum
2159 2035 2281 2078 esse
2296 2039 2310 2088 ;
2329 2036 2561 2091 quorum
2581 2022 2698 2091 ipse
2713 2022 3091 2092 conjuratione
3106 2033 3411 2094 prospecta,

1827 2115 2039 2170 vicinos
2060 2115 2289 2179 Arabas,
2309 2115 2387 2171 uti
2410 2131 2469 2171 se
2493 2116 2546 2170 in
2573 2114 2864 2188 Egyptum
2884 2115 3416 2184 abducerent,obse-

1830 2207 2020 2274 orarit,
2039 2207 2270 2278 ejusque
2300 2208 2556 2278 precibus
2573 2208 2694 2264 illos
2714 2209 2992 2264 annuisse.
3007 2207 3249 2263 Arabum
3266 2209 3413 2264 enim

1830 2316 1986 2371 reges
2007 2301 2226 2356 lsraelis
2250 2308 2498 2373 nepotes,
2524 2301 2820 2356 Ahrahami
2846 2300 3009 2369 ﬁlios,
3028 2309 3082 2356 et
3101 2299 3272 2358 Isaaci
3301 2299 3417 2357 ira»

1832 2401 1948 2447 tres
1969 2405 2112 2446 esse.
2163 2390 2306 2464 Ergo
2336 2391 2655 2463 Josepbum,
2685 2393 2848 2462 paulo
2877 2401 3001 2462 post
3044 2408 3210 2463 quam
3245 2391 3416 2465 Egy-

1832 2490 1985 2552 ptum
2020 2480 2310 2552 attigisset,
2345 2497 2414 2538 eo
2443 2481 2587 2552 regis
2617 2481 2798 2537 studio
2827 2496 2891 2536 ac
2919 2482 3293 2536 benevolentia
3323 2496 3417 2536 ex-

1833 2581 2050 2643 ceptum
2079 2586 2201 2628 esse
2219 2612 2236 2637 ,
2293 2581 2354 2628 ut
2393 2571 2682 2644 praefectus
2711 2575 2780 2627 ab
2808 2587 2874 2626 eo
2899 2571 3068 2626 totius
3097 2573 3250 2643 regni
3279 2587 3416 2628 con-
3479 2632 3486 2640 ,

1834 2664 2058 2719 etitutus
2084 2661 2269 2719 fuerit.
2310 2661 2572 2718 Eumdem
2599 2677 2748 2725 vero,
2781 2678 2905 2718 cum
2933 2659 3175 2733 Egyptii
3210 2671 3414 2717 terram

1834 2766 2060 2812 eatenus
2107 2771 2305 2828 magna
2345 2757 2750 2826 perturbatione
2775 2757 3106 2822 coluissent,
3141 2755 3288 2826 quod
3315 2770 3414 2810 ne-

1835 2863 1944 2918 que
1971 2847 2148 2902 divisa
2195 2848 2347 2918 regio
2372 2855 2539 2912 esset,
2589 2863 2654 2902 ac
2686 2848 2950 2903 tenuioris
2975 2846 3208 2902 fortuna:
3234 2845 3415 2900 homi-

1837 2953 1934 2994 nes
1963 2937 2414 3008 a_potentioribus
2441 2936 2683 3008 iniquius
2712 2937 3070 2994 haberentur:
3102 2951 3262 3008 agros
3291 2947 3417 2994 ante

141 3033 237 3085 καὶ
265 3031 366 3103 τὴν
389 3032 593 3103 πολλὴν
618 3035 1022 3108 χερσευομένην
1055 3039 1438 3111 γεωργήσιμον
1469 3037 1720 3092 ἀποτελέ·

1839 3030 2022 3086 omnia
2049 3030 2339 3097 divisisse,
2377 3031 2542 3085 certis
2589 3030 2794 3100 passim
2823 3029 3023 3086 ﬁnibus
3059 3029 3419 3100 terminisque

142 3137 258 3186 σαι,
289 3123 385 3176 καί
413 3141 567 3187 τινας
591 3122 700 3178 τῶν
723 3125 972 3198 ἀρουρῶν
992 3129 1102 3190 τοῖς
1132 3119 1376 3198 ’ἱερεῦσιν
1409 3126 1735 3200 ἀποκληρῶ-

145 3230 260 3268 σαι.
292 3215 497 3268 Τοῦτον
521 3215 578 3269 δὲ
599 3218 694 3270 καὶ
731 3217 906 3289 μέτρα
933 3220 1135 3290 εὑρεῖν,
1173 3221 1267 3274 καὶ
1295 3219 1546 3290 μεγάλως
1572 3220 1734 3274 αὑτὸν

148 3305 259 3359 ὑπὸ
290 3307 402 3359 τῶν
455 3309 767 3376 Αἰγυπτίων
807 3311 895 3364 διὰ
933 3311 1114 3365 ταῦτα
1135 3312 1508 3385 ἀγαπηθῆναι.
1551 3314 1734 3386 Γῆμαι

143 3397 187 3450 δ’
211 3399 378 3452 αύτὺν
392 3399 798 3458 Ἦλιουπολίτου
825 3404 1015 3476 ἱερέως
1041 3405 1256 3460 Ἀσενὲθ
1279 3407 1573 3479 θυγατέρα.
1589 3407 1647 3473 ἐξ
1666 3401 1735 3480 ἦς

145 3491 411 3561 γεννῆσαι
446 3495 661 3558 παῖδας.
698 3496 856 3550 Μετὰ
881 3497 938 3549 δὲ
963 3498 1138 3552 ταῦτα
1165 3499 1570 3570 παραγενέσθαι
1599 3501 1736 3572 πρὸς

147 3583 314 3636 αὑτὸν
344 3584 437 3638 τόν
470 3601 530 3639 τε
565 3587 778 3658 πατέρα
813 3591 909 3642 καὶ⁹
940 3590 1069 3654 τοὺς
1115 3591 1374 3660 ἀδελφοὺς
1413 3590 1736 3662 κομίζοντας

147 3675 353 3748 πολλὴν
408 3677 682 3750 ὓπαρξιν,
737 3679 836 3734 καὶ
885 3682 1296 3754 κατοικισθῆναι
1347 3685 1405 3736 ὲν
1458 3685 1526 3754 τῇ
1581 3681 1736 3735 πόλει

150 3768 386 3835 Καισὰν,
420 3771 516 3825 καὶ
543 3773 668 3836 τοὺς
698 3772 903 3845 Σύρους
934 3775 1224 3829 πλεονάσαι
1264 3777 1322 3828 ὲν
1352 3778 1418 3847 τῇ
1452 3774 1731 3846 Αἰγύπτῳ.

151 3859 389 3928 Τούτους
412 3863 470 3916 δέ
489 3880 561 3935 φη
571 3881 622 3917 σι
642 3866 736 3918 καὶ
761 3867 822 3920 τὸ
843 3868 902 3922 ἐν
929 3866 1098 3932 Ἀθὼς
1119 3867 1290 3921 καὶτὸ
1316 3867 1374 3920 ὲν
1399 3866 1736 3920 Ἡλιουπόλει

152 3953 300 4025 ἱερὸν
344 3955 754 4009 κατασκευάσαι
803 3958 929 4021 τοὺς
973 3957 1230 4029 Ἐρμιοὺθ
1282 3957 1734 4028 ὀνομαζομένους.

150 4043 307 4098 Μετὰ
325 4045 383 4099 δὲ
404 4044 578 4100 ταῦτα
605 4046 925 4119 τελευτῆσαι
946 4048 1036 4102 τὸν
1053 4048 1271 4119 Ἰωσὴφ,
1293 4048 1387 4101 καὶ
1406 4047 1498 4101 τὸν
1515 4047 1737 4118 βασιλέα

148 4134 260 4190 τῶν
273 4138 616 4206 Ἀἰγυπτίων.
643 4139 746 4192 Τὸν
766 4135 860 4193 οὖν
893 4141 1090 4211 Ἰωσὴφ
1120 4138 1425 4210 κρατοῦντα
1451 4140 1549 4211 τῆς
1567 4140 1734 4210 Αἰγύ-

150 4242 307 4291 πτου,
325 4228 417 4282 τὸν
445 4229 586 4283 ἑτῶν
603 4231 744 4285 ἑπτὰ
774 4236 940 4299 σῖτον,
959 4232 1250 4303 γενόμενον
1274 4231 1416 4285 κατὰ
1434 4232 1533 4303 τὴν
1564 4232 1734 4303 φορὰν

149 4316 404 4383 ἄπλετον,
443 4319 821 4392 παραθέσθαι,
867 4321 1089 4392 καὶτῆς
1132 4319 1410 4389 Αἰγύπτου
1463 4317 1732 4390 δεσπότην

149 4409 418 4474 γενέσθαι.
444 4429 465 4463 ι

1837 3122 2175 3195 descriptos,
2213 3113 2460 3194 adeoque
2496 3138 2751 3192 magnam
2793 3122 2893 3177 soli
2921 3133 3131 3192 partem
3155 3122 3418 3178 incultam

1835 3217 1990 3286 prius
2044 3225 2208 3286 atque
2270 3215 2690 3280 silvescentem,
2765 3215 2992 3271 culturae
3053 3221 3417 3285 opportunam

1837 3307 2295 3378 commodamque
2342 3307 2678 3368 reddidisse,
2741 3322 2982 3377 suosque
3040 3307 3418 3362 sacerdotibus

1837 3415 2001 3472 agros
2025 3400 2330 3470 singulares
2362 3413 2428 3453 ac
2451 3398 2700 3468 proprios
2729 3399 3060 3469 assignasse.
3131 3397 3418 3455 Mensuras

1836 3502 2097 3564 praeterea
2127 3493 2434 3556 invenisse,
2467 3491 2668 3561 quibus
2698 3489 2787 3546 ille
2820 3490 3011 3547 oﬂiciis
3036 3490 3418 3562 Egyptiorum

1837 3586 1943 3641 sibi
1993 3585 2325 3640 voluntatem
2385 3583 2649 3652 majorem
2705 3583 2759 3636 in
2812 3582 3034 3636 modum
3089 3583 3413 3637 devinxerit.

1835 3677 2124 3742 Caeterum,
2142 3676 2468 3741 Asenethen,
2496 3673 2874 3745 Heliopolitani
2901 3673 3198 3730 sacerdotis
3226 3673 3420 3740 ﬁliam,

1837 3783 2064 3823 uxorem
2090 3766 2335 3831 duxisse,
2373 3782 2437 3822 ac
2460 3766 2658 3821 liberos
2679 3780 2747 3821 ex
2771 3781 2833 3821 ea
2859 3767 3187 3837 suscepisse.
3221 3765 3417 3822 Postea

1835 3875 1986 3924 vero,
2014 3858 2178 3931 430
2205 3869 2413 3928 patrem
2437 3866 2775 3927 cunctosque
2812 3857 3009 3913 fratres
3028 3899 3043 3925 ,
3079 3857 3266 3913 multis
3291 3873 3415 3912 cum

1837 3954 2030 4023 opibus
2045 3967 2109 4008 ac
2122 3951 2473 4008 facultatibus
2494 3950 2561 4006 ad
2577 3965 2701 4006 cum
2719 3950 3188 4020 venisse,ﬁxisque
3210 3951 3263 4004 in
3286 3949 3419 4006 urbe

1836 4045 2062 4101 Czesana
2087 4044 2399 4108 domiciliis,
2433 4042 2698 4114 Syrorum
2728 4043 2784 4098 in
2811 4041 3046 4114 Egyplo
3076 4051 3293 4100 auctam
3322 4044 3418 4098 ad-

1835 4138 2059 4193 modum
2085 4152 2149 4192 ac
2173 4144 2524 4208 propagatam
2553 4136 2796 4192 sobolem
2831 4135 3021 4194 fuisse.
3076 4136 3309 4193 Eosdem
3334 4136 3418 4191 in-

1837 4245 2001 4299 super
2027 4239 2141 4284 tum
2169 4229 2316 4299 quod
2347 4229 2488 4299 apud
2525 4228 2728 4294 Athon,
2755 4238 2870 4284 tum
2894 4230 3040 4300 quod
3069 4231 3210 4300 apud
3237 4227 3419 4285 Helio-

1835 4320 2000 4388 polim
2027 4327 2131 4384 est,
2173 4319 2433 4389 templum
2483 4319 2814 4384 condidisse,
2854 4317 3224 4375 Hermiuthios
3253 4319 3417 4390 vulgo

1761 4407 1808 4462 D
1834 4411 2167 4465 nominatos.
2218 4407 2502 4474 Postremo
2522 4449 2537 4474 ,
2570 4408 2865 4480 Josephum
2885 4453 2900 4475 ,
2926 4410 3419 4493 Egyptiorumque

149 4519 326 4575 regem
357 4505 584 4564 obiisse.
623 4506 702 4564 Ac
747 4506 1045 4578 Josephum
1071 4506 1290 4578 quidem
1314 4547 1330 4573 ,
1383 4520 1508 4562 cum
1541 4503 1774 4578 Egypto
1811 4512 2091 4575 praeesset,
2131 4504 2454 4558 immensam
2477 4503 2735 4560 frumenti
2764 4505 3032 4577 vim,quae
3060 4514 3175 4561 toto
3202 4518 3418 4578 septen-

150 4599 240 4652 nio
282 4609 639 4669 provenerat,
683 4602 739 4655 in
788 4602 1028 4656 medium
1071 4603 1404 4666 contulisse,
1454 4616 1519 4656 ac
1563 4609 1728 4656 totius
1769 4598 1988 4671 Egypti
2012 4597 2294 4654 dominum
2325 4597 2519 4654 fuisse.
2545 4609 2566 4645 ι

677 4697 1070 4751 ΚΕΦΑΛΑΙΟΝ
1110 4699 1234 4750 KA'.

533 4810 820 4877 Φίλωνος,
852 4812 986 4881 περί
1016 4813 1122 4867 τοῦ
1155 4813 1366 4868 αὐτοῦ.

214 4926 501 4998 Μαρτυρεῖ
554 4927 614 4981 δὲ
655 4929 777 4991 ταῖς
824 4929 998 5000 ἱεραῖς
1022 4928 1224 5000 βίϐλοις
1254 4929 1348 4983 καὶ
1366 4927 1540 4983 Φίλων
1569 4930 1627 4981 ὲν
1659 4931 1726 4999 τῇ

151 5017 212 5070 ιδ’
237 5019 345 5072 τῶν
374 5020 506 5092 περὶ
537 5020 908 5093 Ἱεροσόλυμα,
933 5021 1107 5092 λέγων
1128 5021 1302 5086 οὕτως
1323 5039 1338 5054 ·

2401 4691 2629 4748 CAPUT
2657 4691 2848 4747 XXIV.

2284 4807 2361 4861 De
2387 4807 2586 4872 eodem,
2613 4822 2678 4860 ea:
2711 4805 2956 4862 Philone.

1903 4922 2048 4990 Quin
2096 4921 2263 4978 etiam
2288 4921 2488 4977 divinis
2529 4921 2724 4976 litteris
2775 4918 3018 4977 Philonis
3084 4933 3306 4992 quoque
3334 4929 3413 4977 te-

1832 5016 2148 5070 stimonium
2172 5014 2519 5085 suffragatur.
2557 5013 2607 5070 Is
2636 5015 2780 5068 enim
2811 5013 2953 5069 libro
2982 5013 3194 5069 decimo
3217 5022 3413 5084 quarto

1831 5109 1898 5163 de
1929 5106 2317 5180 Hierosolymis
2345 5107 2415 5162 ita
2451 5107 2642 5163 scribit
2685 5126 2697 5162 :

155 5197 348 5253 Τοῖσιν
376 5197 517 5266 ἕδος
538 5199 914 5270 μακαριστὸν
946 5202 1095 5271 ὅλης
1133 5200 1246 5271 (68)
1269 5201 1459 5273 μέγας
1486 5202 1720 5273 ἔκτισεν

1839 5199 1971 5273 Quis
2002 5199 2181 5273 ampla
2205 5209 2386 5273 potens
2419 5199 2560 5273 ultro
2589 5200 2685 5253 dat
2713 5200 2910 5273 jugera
2932 5202 3194 5273 princeps,

1465 5272 1620 5327 ἄκτω

153 5337 457 5412 Ἰψιστος,
489 5341 588 5412 καί
613 5343 876 5409 πρόσθεν
904 5342 1005 5412 ἀφ’
1047 5342 1395 5412 Ἀϐραάμοιο
1420 5271 1726 5410 audax,

162 5407 354 5482 Ἰακὼϐ
377 5407 682 5482 εὐτέκνοιο
710 5415 884 5478 τόκος
919 5407 1155 5481 ’Ῐωσὴςρξ
1189 5407 1273 5479 ὅς’
1286 5414 1531 5482 ὀνείρων

151 5480 514 5554 Gevarwthc,
549 5485 938 5554 σκηπτοῦχος
969 5484 1039 5536 ἐν
1075 5480 1720 5554 Αἰγύπτοιοθρόνοισι,

149 5552 434 5617 Δινεύσας
461 5553 715 5619 λαθραῖα
743 5556 964 5631 κράγον
993 5552 1360 5624 πλημμυρίδι
1382 5555 1614 5623 μοιζοης.

149 5639 252 5703 Καὶ
275 5642 345 5696 τὰ
361 5644 509 5714 ἑξῆς.
542 5643 727 5699 Ταῦτα
754 5647 848 5700 καὶ
872 5646 997 5716 περὶ
1024 5646 1118 5700 τοῦ
1153 5647 1367 5718 Ἰωσήφ.

1831 5268 2180 5340 Fecuudoque
2212 5270 2323 5324 solo
2344 5271 2481 5324 locat
2517 5268 2852 5340 incorruptus
2882 5268 3096 5340 Ioseph,

1828 5341 2047 5394 Abrami
2078 5341 2324 5410 Isaciquc
2356 5357 2510 5409 nepos
2533 5381 2549 5404 ,
2585 5357 2837 5410 quemque
2863 5342 3037 5394 almus
3067 5341 3230 5396 Iacob

1831 5411 2082 5474 Sustulit,
2111 5412 2348 5466 obscura:
2366 5413 2450 5464 cui
2481 5413 2658 5480 pervia
2687 5413 2893 5464 somnia
2919 5414 3108 5472 noctis.

1833 5480 1939 5545 Qui
1962 5482 2095 5536 solio
2123 5483 2425 5536 incumbens
2455 5481 2712 5552 Egyptia
2743 5499 2901 5552 regna
2932 5493 3128 5550 tuetur,

1831 5552 2088 5622 Ambigua
2116 5553 2215 5623 fati
2239 5553 2380 5607 varie
2397 5553 2636 5622 jactatus
2667 5553 2732 5606 ab
2762 5563 2914 5606 testu.

1834 5645 1899 5702 Et
1931 5657 2050 5717 quae
2079 5655 2398 5704 sequuntur.
2437 5646 2614 5718 Atque
2643 5648 2759 5702 haec
2787 5645 2854 5702 de
2877 5643 3134 5719 Josepho.

223 5730 333 5806 (68)
375 5737 579 5805 ὀλης.
627 5737 703 5793 Ita
730 5753 940 5806 omnes,
965 5739 1115 5797 nullo
1137 5749 1315 5798 tamen
1345 5756 1529 5799 sensu.
1558 5739 1718 5797 Forte
1751 5739 1906 5805 ὅλως.
