3824 6226
1126 217 1393 274 EUSEBII
1433 215 1918 276 CESARIENSIS
1952 216 2101 274 OPP.
2144 216 2323 272 PARS
2359 217 2423 272 II.
2465 249 2532 259 —
2567 216 3061 276 APOLOGETICA.
3618 216 3724 274 728

1025 336 1256 392 CAPUT
1306 336 1472 391 XXV.

2638 339 3034 393 ΚΕΦΑΛΑΙΟΝ
3074 337 3204 391 KE'.

913 447 988 503 De
1020 448 1191 514 Jobo,
1229 465 1294 505 ex
1325 451 1572 504 Aristaaa.

2511 452 2874 520 Ἀρισταίου,
2906 449 3039 517 περὶ
3066 447 3172 502 τοῦ
3208 447 3345 504 Ἰὼϐ.

526 561 683 620 Nune
734 579 914 618 amem
967 563 1094 618 audi
1143 564 1254 628 sis,
1300 580 1423 634 qua:
1472 566 1539 621 de
1565 563 1704 620 Jobo
1743 566 1884 620 idem
1917 569 1992 637 ips

2213 566 2409 618 Ἄκουε
2450 566 2506 618 δὲ
2550 561 2637 619 οἷα
2680 565 2774 618 καὶ
2805 565 2933 636 περὶ
2965 563 3065 617 τοῦ
3096 561 3215 616 Ἰὼϐ
3243 563 3272 614 ὁ
3298 560 3460 624 αὐτὸς
3489 556 3722 633 ἱστορεῖ.

455 663 861 710 commemoret.
881 672 903 707 ι
923 656 1182 710 Aristazas
1199 698 1214 723 ,
1267 656 1476 726 inquit,
1530 657 1584 711 in
1610 674 1707 713 sua
1741 658 1807 713 de
1831 657 1992 714 Judaei

2140 677 2160 711 ι
2192 659 2498 731 Ἀρισταίας
2525 661 2583 714 δέ
2632 675 2796 728 φησιν
2856 658 2916 709 ὲν
2962 655 3040 726 τῷ
3083 657 3222 723 Περὶ
3264 653 3571 710 Ἰουδαίων
3626 653 3722 708 τὸν

457 743 718 808 Historia,
753 755 945 801 auctor
975 756 1058 800 est
1085 745 1286 802 Esaum
1317 763 1383 802 ex
1413 747 1642 804 Bassara
1675 750 1906 820 conjuge
1938 750 1992 805 Jo

2144 747 2337 812 Ἠσαῦ,
2372 751 2626 818 γήμαντα
2653 749 2942 820 Βασσάρας
2974 749 3088 800 υἱὸν
3111 745 3220 825 ((_i9)
3257 747 3314 798 ὲν
3349 743 3550 814 Ἑδὼμ,
3591 760 3716 811 γενο

452 839 581 892 hum
613 840 668 892 in
698 838 931 894 ldumaaa
981 839 1151 893 lilium
1180 840 1466 910 genuisse,
1514 843 1807 912 sedemque
1840 843 1942 896 sibi
1973 844 1988 895 i

2129 843 2288 910 νῆσαι
2315 842 2450 894 υἱόν.
2483 843 2773 894 Κατοικεῖν
2798 841 2854 893 δὲ
2883 839 3070 893 τοῦτον
3101 842 3157 891 ἐν
3174 841 3237 908 τῇ
3260 837 3498 890 Λύσίτιδι
3534 836 3719 908 χώρᾳ,

464 219 570 279 727

450 929 700 986 Ausitide
732 932 951 1001 regione
977 932 1043 986 ad
1079 933 1257 1000 ipsum
1303 931 1550 987 Idumazae
1572 943 1626 989 et
1652 934 1866 988 Arabiae
1897 949 2030 988 con-

2128 935 2221 986 ὲπὶ
2246 937 2358 997 τοῖς
2385 935 2534 1004 ὅροις
2557 933 2658 1004 τῆς
2695 933 3001 1004 Ἰδουμαίας
3025 932 3120 985 καὶ
3155 931 3431 1002 Ἀραϐίας.
3451 929 3722 984 Γενέσθαι

448 1020 639 1074 ﬁnium
667 1021 950 1091 delegisse.
984 1019 1246 1076 Eumdem
1269 1023 1520 1093 aequitate
1546 1033 1893 1093 praestantem
1912 1067 1927 1091 ,
1963 1041 1992 1080 a

2128 1025 2172 1078 δ’
2207 1026 2370 1079 αὐτὸν
2418 1025 2624 1079 δίκαιον
2678 1025 2771 1079 καὶ
2817 1023 3170 1094 πολύκτηνον.
3223 1021 3547 1094 κτήσασθαι
3599 1020 3722 1094 γὰρ

446 1113 715 1183 peeorein
732 1114 926 1182 primis
956 1113 1322 1169 abundantem
1347 1113 1520 1170 fuisse
1553 1133 1568 1170 :
1603 1117 1825 1186 quippe,
1841 1117 2023 1171 ovium

445 1205 592 1258 enim
647 1212 878 1274 septem,
915 1207 1246 1261 camelorum
1293 1207 1398 1261 tria
1441 1207 1630 1274 millia,
1664 1209 1816 1281 paria
1859 1210 2021 1263 boum

445 1296 764 1366 quingenta,
811 1297 1162 1368 gregalesque
1209 1300 1391 1355 asinas
1429 1299 1650 1354 totidem
1681 1315 2020 1355 numerasse.

443 1388 666 1457 Copiam
698 1405 949 1460 agrorum
981 1406 1089 1446 non
1119 1391 1443 1447 absimilem.
1475 1394 1554 1449 Ac
1575 1391 1773 1448 Jobum
1803 1393 2020 1463 quidem

439 1479 598 1552 43],
639 1478 926 1536 Jobamum
984 1494 1146 1538 antea
1205 1484 1546 1538 nominatum
1610 1500 1752 1540 esse.
1814 1483 2012 1549 Porro,

441 1571 612 1626 Deum
656 1575 1004 1643 exploranda:
1058 1575 1301 1632 hominis
1353 1577 1756 1646 probandteque
1799 1576 2019 1631 virtutis

2127 1115 2290 1168 αὐτὸν
2311 1114 2556 1186 πρόϐατα
2579 1116 2675 1186 μὲν
2704 1115 3108 1186 ἑπτακισχίλια.
3126 1115 3403 1187 καμήλους
3424 1115 3480 1169 δὲ
3499 1133 3720 1188 τρισχι-

2125 1205 2265 1273 λίας,
2293 1205 2459 1278 ζεύγη
2490 1206 2628 1276 βοῶν
2658 1207 3012 1270 πεντακόσια,
3037 1207 3190 1270 ὅνους
3217 1206 3434 1277 θηλείας
3469 1208 3720 1278 νομάδας

2124 1300 2507 1363 πεντακοσίας.
2540 1296 2668 1369 Εἶχε
2704 1299 2761 1352 δὲ
2795 1301 2890 1353 καὶ
2935 1300 3208 1370 γεωργίας
3250 1301 3460 1363 ἱκανάς.
3505 1300 3720 1354 Τοῦτον

2122 1387 2181 1440 δὲ
2212 1387 2303 1441 τὸν
2337 1387 2458 1441 Ἰὼϐ
2485 1389 2747 1460 πρότερον
2794 1387 2994 1458 Ἰωϐἀμ
3025 1387 3135 1459 (70)
3167 1388 3550 1459 ὀνομάζεσθαι.
3581 1390 3716 1442 llat-

2124 1478 2358 1551 ρὰζοντα
2385 1480 2428 1532 δ’
2462 1481 2625 1533 αὑτὸν
2671 1479 2763 1533 τὸν
2805 1479 2940 1533 Θεὸν
2986 1482 3281 1552 ἐμμεῖναι,
3335 1481 3603 1552 μεγάλαις
3654 1481 3716 1536 δὲ

2121 1572 2435 1644 περιϐαλεῖν
2464 1573 2628 1626 αὑτὸν
2671 1573 2938 1644 ἀτυχίαις.
2995 1571 3220 1642 Πρῶτον
3255 1574 3351 1642 μὲν
3394 1572 3504 1643 γὰρ
3536 1571 3714 1629 αὑτοῦ

439 1666 654 1734 gratia,
699 1666 972 1722 diuturnis
1016 1682 1142 1723 eum
1191 1669 1556 1739 gravibusque
1614 1669 1986 1724 ealamitatibu

2120 1663 2244 1728 τούς
2273 1681 2332 1716 τε
2359 1664 2513 1728 ὅνους
2537 1667 2631 1718 καὶ
2661 1665 2787 1734 βοῦς
2816 1665 2922 1719 ὑπὸ
2962 1665 3174 1739 λῃστῶν
3199 1665 3558 1735 ἀπελαθῆναι,
3586 1661 3714 1720 εἶτα

436 1754 772 1813 exercuisse.
808 1758 1052 1814 Primum
1104 1761 1252 1815 enim
1301 1762 1580 1816 asinarum
1610 1761 1888 1832 boumque
1921 1777 1992 1816 art

2117 1755 2186 1809 τὰ
2214 1755 2464 1827 πρόϐατα
2493 1757 2598 1810 ὑπὸ
2627 1756 2722 1810 τοῦ
2760 1759 2930 1829 πυρὸς
2953 1758 3018 1810 ὲκ
3046 1757 3138 1810 τοῦ
3175 1756 3404 1830 οὐρανοῦ
3445 1759 3713 1823 πεσόντος

435 1861 621 1906 menta
654 1867 686 1907 a
710 1853 1015 1908 latronibus
1034 1869 1128 1922 per
1158 1855 1265 1908 vim
1291 1853 1483 1910 abacta
1512 1870 1668 1922 esse;
1732 1862 1851 1909 tum
1883 1870 2015 1913 oves

433 1941 598 1998 simul
629 1954 792 2013 atque
819 1953 1063 2014 pastores
1091 1945 1214 2016 igne
1255 1947 1470 2002 caelitus
1516 1947 1764 2003 immisso
1809 1949 2014 2006 conﬂa-

431 2050 657 2104 grasse;
697 2052 824 2090 mox
857 2047 914 2092 et
942 2039 1180 2094 camelos
1214 2055 1245 2094 a
1279 2040 1582 2096 latronibus
1609 2043 1863 2097 similiter
1910 2045 2010 2099 ab-

429 2127 650 2190 ductos,
711 2126 960 2198 ﬁliosque
1004 2144 1194 2186 omnes
1243 2131 1440 2186 aedium
1500 2133 1659 2187 ruina
1719 2150 2010 2204 oppressos

431 2219 602 2275 fuisse
634 2239 649 2276 :
677 2229 956 2290 postremo
984 2222 1135 2276 illum
1171 2223 1354 2278 etianr
1373 2238 1441 2278 eo
1483 2224 1604 2294 ipso
1636 2225 1726 2281 die
1770 2225 2008 2281 foedissi-

429 2325 522 2364 mo
559 2313 727 2366 totius
758 2313 1006 2382 corporis
1039 2315 1219 2370 ulcere
1247 2316 1548 2372 laborasse.
1579 2317 1793 2384 Quibus
1827 2319 1882 2374 in
1917 2334 2008 2374 an-

428 2404 624 2470 gustiis
666 2405 878 2474 positus
923 2421 1049 2461 cum
1087 2415 1255 2471 esset,
1289 2409 1356 2461 ad
1383 2424 1508 2462 eum
1538 2409 1807 2465 invisendi
1837 2426 2004 2466 causa

428 2493 674 2565 Elipbam
701 2495 1147 2553 Themanitarum
1166 2515 1370 2571 regem.
1391 2499 1685 2555 Baldadem
1717 2501 2003 2558 Sauchaeo-

427 2601 549 2640 rum
592 2595 902 2657 tyrannum,
935 2589 1236 2660 Sopharem
1287 2591 1661 2648 Mannaeorum
1711 2610 1917 2664 regem,
1949 2606 2003 2651 et

428 2673 600 2731 Elium
651 2678 986 2735 Barachielis
1033 2682 1204 2736 tilium
1251 2681 1495 2738 Zobitem
1526 2687 1864 2741 convenisse.
1896 2685 2000 2753 Qui

423 2781 546 2821 eum
580 2783 705 2823 eum
736 2771 979 2841 alloquio
1008 2773 1337 2838 solarentur,
1362 2775 1565 2844 ipsum,
1601 2777 1818 2832 tametsi
1865 2793 2001 2834 con-

422 2857 693 2915 solatione
719 2862 869 2916 omni
895 2873 1124 2929 careret,
1145 2864 1387 2921 futurum
1414 2877 1595 2922 tamen
1622 2871 1992 2940 respondisse,

420 2950 501 3004 uti
525 2951 742 3020 pietatis
774 2969 889 3010 sum
916 2956 1133 3010 laudem
1157 2957 1259 3011 hac
1286 2958 1340 3011 in
1372 2967 1522 3012 tanta
1548 2959 1817 3014 malorum
1842 2975 1995 3017 acer-

2115 1848 2462 1919 κατακαῆναι
2509 1851 2606 1903 σὺν
2637 1852 2750 1913 τοῖς
2793 1850 3052 1921 ποιμέσι’
3086 1853 3204 1920 μετ’
3241 1849 3302 1903 οὐ
3331 1849 3466 1903 πολὺ
3516 1849 3574 1902 δὲ
3609 1851 3714 1905 καὶ

2112 1941 2210 2005 τὰς
2233 1941 2514 2013 καμήλους
2535 1941 2641 1995 ὑπὸ
2671 1941 2884 2013 λῃστῶν
2913 1941 3280 2011 ἀπελαθῆναι·
3310 1936 3428 1993 εἶτα
3451 1941 3520 1994 τὰ
3537 1941 3713 1996 τέκνα

2110 2033 2274 2089 αὐτοῦ
2308 2033 2617 2098 ἀποθανεῖν,
2647 2034 2923 2104 πεσούσης
2956 2035 3056 2106 τῆς
3081 2035 3275 2097 οίκίας.
3303 2034 3626 2106 Αὺθημερὸν
3646 2034 3713 2089 δὲ

2109 2125 2274 2180 αὐτοῦ
2313 2126 2406 2178 καὶ
2435 2126 2494 2178 τὸ
2533 2125 2694 2196 σῶμα
2731 2125 2988 2179 ἑλκῶσαι.
3030 2127 3252 2190 Φαύλως
3279 2127 3336 2179 δὲ
3381 2125 3548 2180 αὑτοῦ
3579 2127 3709 2180 δια-

2108 2219 2393 2290 κειμένου,
2427 2217 2600 2271 ὲλθεῖν
2639 2221 2718 2282 είς
2764 2219 3052 2285 ἐπίσκεψιν
3100 2219 3319 2287 Ἐλίφαν
3358 2219 3449 2273 τὸν
3479 2221 3710 2289 Θαιμα-

2107 2311 2267 2365 νιτῶν
2298 2310 2520 2381 βασιλέα
2542 2351 2557 2374 ,
2588 2310 2684 2364 καὶ
2718 2309 2924 2364 Βαλδὰδ
2957 2311 3066 2364 τῶν
3092 2311 3372 2382 Σαυχαίων
3410 2311 3704 2383 τύραννον,

2106 2403 2201 2457 καὶ
2246 2402 2447 2473 Σωφὰρ
2482 2403 2575 2456 τὸν
2621 2401 2912 2456 Μανναίων
2963 2401 3220 2471 βασιλέα,
3275 2401 3448 2456 ἐλθεῖν
3489 2403 3550 2456 δὲ
3602 2406 3703 2457 καὶ

2117 2494 2321 2548 Ἐλιοῦν
2345 2495 2435 2547 τὸν
2462 2493 2742 2567 Βαραχιὴλ
2767 2493 2858 2546 τὸν
2884 2494 3149 2564 Ζωὸίτην.
3178 2495 3704 2566 ΙΙαρακαλουμένων

2102 2587 2180 2651 δὲ,
2213 2587 2378 2656 φάναι
2429 2586 2524 2639 καὶ
2563 2586 2735 2656 χωρὶς
2777 2585 3176 2655 παρακλήσεως
3221 2589 3480 2657 ἐμμενεῖν
3529 2589 3701 2642 αὐτὸν

2101 2678 2157 2731 ἐν
2179 2696 2238 2731 τε
2270 2681 2334 2749 τῇ
2369 2676 2621 2747 εὐσεϐείᾳ
2651 2678 2746 2730 καὶ
2776 2679 2890 2741 τοῖς
2922 2676 3134 2741 δεινοῖς.
3159 2676 3261 2730 Τὸν
3284 2677 3339 2730 δὲ
3368 2677 3526 2743 Θεὸν,
3556 2681 3702 2761 ἀγατ

2103 2770 2302 2825 σθέντα
2323 2769 2421 2841 τὴν
2452 2769 2717 2839 εὐψυχίαν
2750 2768 2936 2834 αὐτοῦ,
2971 2768 3072 2839 τῆς
3095 2786 3152 2822 τε
3179 2769 3334 2823 νόσου
3361 2769 3530 2823 αὐτὸν
3559 2771 3698 2822 ἁπο-

2100 2865 2282 2928 λῦσαι,
2325 2864 2419 2917 καὶ
2457 2862 2666 2916 πολλῶν
2707 2862 2894 2934 κύριον
2951 2863 3236 2934 ὑπάρξεων
3301 2863 3696 2935 ποιῆσαι.»“[ο-

2103 2959 2276 3016 σαῦτα
2316 2958 2412 3012 καὶ
2438 2957 2566 3029 περὶ
2594 2955 2798 3009 τούτων
2829 2958 2858 3009 ὁ
2887 2956 3225 3028 Πολυΐστωρ.

419 3041 593 3100 bitate
615 3055 931 3117 perpetuam
969 3049 1246 3105 retineret.
1272 3051 1444 3110 Deum
1476 3068 1608 3109 vero
1639 3053 1745 3108 hac
1777 3057 1899 3126 ejus
1935 3053 2264 3130 integritatis
2291 3061 2346 3106 et
2373 3051 2697 3106 constantiae
2727 3049 2781 3104 vi
2809 3049 3070 3118 majorem
3105 3050 3158 3102 in
3184 3048 3406 3103 modum
3435 3048 3689 3116 probata,

418 3152 530 3192 non
560 3139 738 3208 ipsum
762 3149 975 3197 tantum
1003 3143 1197 3199 morbo
1226 3145 1510 3216 liberasse,
1541 3164 1732 3206 verum
1763 3151 1925 3208 etiam
1958 3149 2270 3225 ingentibus
2297 3143 2555 3213 deinceps
2584 3141 2780 3212 opibus
2814 3157 2878 3197 ae
2911 3141 3147 3197 fortunis
3171 3140 3541 3196 cumulasse.»
3565 3139 3695 3195 Haec

417 3231 599 3287 omnia
628 3232 954 3303 Polyhistor.

983 3345 1214 3404 CAPUT
1244 3349 1436 3407 XXVI.

832 3455 910 3511 De
943 3457 1143 3530 Moyse,
1170 3477 1234 3516 ea:
1270 3461 1575 3532 Eupolemo.

488 3565 636 3622 Idem
667 3582 886 3639 quoque
914 3569 1148 3639 plurima
1177 3571 1243 3627 de
1279 3570 1465 3644 Moyse
1493 3573 1660 3631 habet
1688 3575 1879 3632 auditu
1907 3575 1995 3632 di-

415 3673 539 3730 gna.
564 3669 585 3705 (
609 3659 872 3732 Moysem,
920 3661 1117 3731 inquit,
1145 3672 1332 3719 narrat
1379 3663 1711 3736 Eupolemus
1754 3669 1994 3738 primum

415 3751 712 3821 sapientem
742 3751 935 3820 fuisse,
965 3751 1277 3824 Judaeisque
1307 3757 1544 3826 primum
1583 3758 1792 3816 litteras
1825 3761 1995 3827 tradit-

412 3844 580 3910 disse,
627 3860 658 3899 a
709 3845 912 3914 quibus
952 3861 1046 3901 eas
1090 3845 1399 3913 thniees,
1453 3860 1512 3904 ut
1561 3866 1591 3904 a
1635 3849 1992 3910 thnicibus

411 3933 606 4003 Graeci,
636 3937 942 4006 acceperint
976 3957 990 3992 :
1023 3939 1386 4010 eumdemque
1414 3939 1621 3999 Iudaeis
1647 3943 1794 4015 leges
1838 3946 1992 4016 prin-

411 4025 586 4095 cipem
621 4027 949 4084 condidisse.
977 4042 998 4077 ι

954 4232 1183 4289 CAPUT
1220 4235 1436 4292 XXVII.

833 4341 910 4394 De
942 4344 1142 4413 eodem,
1166 4361 1231 4400 ea:
1262 4351 1558 4419 Artapano.

474 4451 784 4520 Artapanus
826 4461 1007 4508 autem
1059 4457 1112 4510 in
1164 4472 1267 4512 suo
1309 4458 1375 4513 de
1407 4459 1610 4517 Judaeis
1655 4477 1815 4532 opere
1849 4480 1985 4520 εστι-

404 4541 500 4608 bit,
521 4543 832 4599 Abrahamo
861 4561 984 4600 cum
1021 4548 1560 4618 Mempsasthenothe
1589 4555 1720 4621 lilio,
1754 4555 1982 4627 ipsoque

404 4633 785 4708 Egyptiorum
822 4653 968 4708 rege,
1001 4640 1113 4694 vita
1144 4640 1354 4708 functo,
1384 4642 1798 4701 Palmanothem
1847 4649 1979 4704 alte-

401 4742 523 4780 rum
575 4727 818 4798 ejusdem
868 4731 1038 4786 [ilium
1070 4732 1286 4804 .Egypti
1331 4735 1621 4806 imperium
1651 4742 1975 4811 capessisse,

397 4815 756 4890 Judmumque
787 4823 1043 4893 populum
1074 4823 1267 4881 durius
1300 4828 1576 4885 habuisse.
1605 4832 1688 4886 Ab
1716 4833 1818 4887 hoc
1863 4834 1976 4903 pri-

399 4924 548 4964 mum
596 4909 818 4967 Cessam
868 4915 1165 4984 conditam,
1202 4919 1256 4972 in
1287 4935 1458 4990 eaque
1507 4922 1816 4988 delubrum,
1850 4941 1974 4980 mox

398 5004 658 5074 templum
707 5009 850 5077 apud
900 5009 1225 5082 Heliopolim
1272 5031 1415 5070 esse.
1462 5015 1625 5088 432
1668 5019 1751 5073 Ab
1781 5020 1970 5075 eodem

468 5140 580 5221 (69)
620 5143 948 5221 βασσάρας
979 5149 1132 5212 υἱόν,
1169 5158 1273 5204 etc.
1315 5149 1462 5205 Verti
1487 5194 1501 5216 ,
1542 5153 1766 5221 perinde
1810 5171 1873 5209 ac
1921 5158 1968 5212 si

396 5213 548 5282 prius
586 5213 702 5266 υίόν
729 5216 942 5287 abesset
968 5259 982 5281 ,
1019 5221 1295 5287 posterius
1325 5213 1502 5275 autem
1537 5213 1588 5275 in
1630 5223 1748 5277 ’lcb6
1789 5237 1968 5281 muta-

394 5290 510 5336 tum
557 5293 719 5339 esset.
754 5284 1040 5361 Bassaram
1089 5288 1302 5354 Jobabi,
1336 5308 1496 5360 quem
1531 5304 1733 5361 postea.
1767 5294 1964 5352 Jobum

393 5368 595 5434 magno
635 5371 912 5434 consensu
977 5360 1180 5414 dictum
1231 5377 1352 5416 esse
1407 5360 1631 5427 volunt,
1695 5378 1961 5434 matrem;

395 5421 745 5503 §eptuaginta
777 5425 1064 5503 Bossoram
1102 5441 1384 5494 vocarunt,
1423 5421 1958 5503 Genesrxxxvl,715:

393 5491 719 5575 Gravis_:est
762 5502 1010 5575 quazstio,
1049 5503 1345 5575 perdiuque
1374 5491 1620 5575 jactata,
1658 5491 1855 5575 quibus
1894 5491 1960 5563 et

391 5563 708 5645 parentibus
737 5563 830 5621 aut
863 5571 952 5622 ubi
984 5563 1144 5626 natus
1168 5563 1470 5645 patriarcha
1501 5563 1689 5641 Johns,
1730 5595 1836 5644 qua
1869 5579 1958 5645 de,

395 5641 453 5685 ut
497 5641 742 5690 omittam
772 5648 1033 5706 exteros,
1081 5644 1377 5700 novissime
1423 5645 1673 5714 pluribus
1715 5641 1959 5720 disputa;

2597 3345 2998 3401 ΚΕΦΑΛΑΙΟΝ
3035 3347 3162 3414 Κεῖν

2468 3459 2846 3531 Εὐπολέμου,
2877 3460 3010 3528 περὶ
3037 3459 3320 3527 Μωσέως.

2165 3575 2277 3629 Καὶ
2326 3574 2454 3647 περὶ
2485 3574 2730 3639 Μωσέως
2775 3573 2832 3627 δὲ
2872 3575 2902 3626 ὁ
2945 3574 3108 3638 αὐτὸς
3157 3573 3386 3629 πλεῖστα
3447 3577 3688 3646 παρατί-

2096 3665 2269 3734 θεται,
2301 3663 2376 3720 ὧν
2407 3667 2501 3720 καὶ
2545 3666 2728 3720 αὐτῶν
2792 3666 3096 3722 ἐπακοῦσαι
3131 3666 3310 3747 ἄξιονς
3332 3667 3691 3739 «Εὐπόλεμος

2092 3758 2149 3811 δέ
2197 3776 2329 3829 φησι
2380 3758 2472 3811 τὸν
2520 3757 2727 3828 Μωσῆν
2783 3758 2999 3831 πρῶτον
3041 3759 3204 3827 σοφὸν
3251 3758 3536 3828 γενέσθαι,
3591 3761 3687 3813 καὶ

2092 3847 2398 3919 γράμματα
2433 3848 2765 3918 παραδοῦναι
2794 3852 2909 3914 τοῖς
2949 3850 3222 3913 Ἰουδαίοις
3251 3850 3488 3919 πρῶτον,
3527 3853 3686 3925 παρὰ

2090 3940 2149 3994 δὲ
2185 3939 2452 3994 Ἰουδαίων
2484 3939 2733 4005 Φοίνικας
2767 3941 3124 4013 παραλαϐεῖν,
3154 3941 3422 4014 Ἕλληνας
3442 3943 3499 3997 δὲ
3527 3945 3688 4017 παρὰ

2089 4032 2382 4086 Φοινίκωνο
2441 4032 2639 4104 νόμους
2672 4050 2732 4086 τε
2779 4032 2997 4104 πρῶτον
3046 4033 3252 4106 γράψαι
3302 4036 3512 4106 Μωσῆν
3563 4040 3687 4102 τοῖς

2101 4123 2389 4188 Ἰουδαίοις.
2419 4140 2441 4174 ι

2598 4237 2999 4291 ΚΕΦΑΛΑΙΟΝ
3035 4239 3166 4291 ΚΖ’.

2409 4349 2802 4419 Ἀρταπάνου,
2830 4353 2963 4420 περὶ
2997 4353 3106 4408 τοῦ
3136 4353 3344 4408 αὑτοῦ.

2179 4462 2515 4534 Ἀρταπάνος
2571 4462 2629 4516 δέ
2694 4481 2860 4534 φησιν
2935 4465 2995 4518 ὲν
3056 4469 3122 4537 τῇ
3181 4467 3310 4538 περὶ
3365 4467 3678 4536 Ἰουδαίων,

2095 4553 2346 4625 Ἀϐραὰμ
2388 4555 2827 4626 τελευτήσαντος,
2865 4558 2958 4610 καὶ
3005 4559 3099 4612 τοῦ
3128 4558 3244 4612 υἱοῦ
3291 4560 3457 4614 αὐτοῦ
3507 4564 3673 4634 Μεμ-

2079 4643 2385 4713 ψασθενὼθ,
2427 4647 2719 4717 ὁμοίωςοδὲ
2773 4649 2867 4702 καὶ
2905 4649 2998 4703 τοῦ
3037 4651 3300 4720 βασιλέως
3341 4653 3451 4706 τῶν
3502 4657 3675 4722 Αἰγυ-

2081 4736 2290 4799 πτίων,
2332 4736 2431 4807 τὴν
2477 4737 2797 4792 δυναστείαν
2854 4740 3188 4812 παραλαϐεῖν
3234 4743 3328 4795 τὸν
3393 4745 3509 4797 υἱὸν
3549 4731 3670 4816 (71)

2079 4826 2244 4879 αὑτοῦ
2276 4826 2674 4900 Παλμανὼθην.
2709 4829 2909 4883 Τοῦτον
2936 4831 2993 4884 δὲ
3040 4834 3153 4896 τοῖς
3203 4833 3476 4900 Ἰουδαίοις
3527 4838 3669 4905 φαύ-

2077 4917 2184 4983 λως
2240 4921 2679 4994 προσφέρεσθαιο
2729 4923 2823 4977 καὶ
2874 4923 3089 4995 πρῶτον
3139 4920 3240 4994 μὲν
3287 4925 3386 4995 τὴν
3441 4928 3666 4982 Κεσσὰν

2074 5012 2445 5085 οἰκοδομῆσαι,
2487 5015 2547 5067 τό
2573 5032 2633 5068 τε
2682 5017 2769 5069 ἐπ’
2807 5016 2945 5088 αὐτῇ
2999 5016 3142 5088 ἱερὸν
3187 5016 3662 5088 καθιδρύσασθαι,

2073 5177 2221 5231 runt,
2252 5166 2504 5223 Saliauus
2535 5179 2587 5223 et
2614 5167 2894 5234 Petavius,
2920 5170 3080 5224 ambo
3112 5171 3282 5223 nostri
3319 5189 3331 5222 :
3365 5173 3504 5228 alter
3527 5193 3658 5231 eru-

2073 5237 2232 5316 ditor.
2268 5239 2485 5316 Annal:
2512 5249 2645 5316 tom.
2682 5239 2723 5316 Ι,
2751 5257 2878 5294 ann.
2915 5241 3311 5316 mund_i_25i9;
3344 5246 3483 5316 alter
3518 5263 3659 5316 prac-

2071 5308 2202 5379 clari
2231 5311 2412 5377 operis
2446 5309 2518 5362 De
2552 5311 2796 5364 doctrina
2832 5321 3048 5379 tempor.
3082 5313 3172 5365 lib.
3213 5328 3286 5372 Ix,
3322 5329 3370 5366 (δ.
3406 5315 3498 5368 20.

2142 5377 2254 5449 Q70)
2307 5379 2523 5447 Ἰωσάμ.
2561 5379 2870 5449 Legemlum
2894 5377 3058 5436 credo
3091 5383 3300 5435 Ἰωϐἁϐ.
3332 5385 3653 5442 Similitudo

2068 5447 2160 5499 τοῦ
2193 5466 2251 5518 μ,
2286 5451 2378 5501 καὶ
2402 5449 2493 5502 τοῦ
2530 5449 2580 5520 β,
2601 5447 2654 5504 in
2687 5467 2966 5507 manuscr.
2995 5454 3274 5508 codicibus
3308 5455 3456 5509 hunc
3483 5461 3651 5514 etiam

2069 5532 2307 5588 errorem
2341 5523 2568 5588 peperit.

2136 5587 2250 5668 _(7l)
2297 5589 2407 5642 Τὸν
2431 5591 2585 5646 υἱόν.
2615 5589 2732 5649 Vox
2755 5633 2769 5660 ,
2801 5593 3052 5665 alterum,
3081 5595 3139 5652 in
3162 5592 3474 5650 versionem
3507 5598 3648 5653 irre-

2065 5670 2190 5729 psn,
2225 5675 2494 5732 expunge.
