3842 6226
215 295 320 351 ἷὶθ

1393 299 1717 357 PREPAB.
1760 301 2013 358 EVANG.
2055 301 2183 357 LIB.
2222 301 2316 358 IX.

3380 302 3485 357 750

211 408 331 466 εἶτα
362 413 458 467 τὸν
491 415 550 469 ἐν
588 414 927 470 Ἡλιουπόλει
954 416 1082 471 ναὸν
1122 418 1552 473 κατασκευάσαι.
1600 419 1803 475 Τοῦτον

1909 420 2148 478 Μειτίιὶιι
2195 420 2365 476 ﬁliam
2425 428 2759 488 susceptam,
2796 432 2861 473 ac
2888 416 3224 487 Chenephra'.
3268 414 3483 471 cuidam

210 504 270 557 δὲ
297 506 561 576 γεννῆσαι
595 506 874 580 θυγατέρα
905 508 1137 580 Μέρριν,
1158 511 1225 580 ῆν
1256 510 1506 582 Χενεφρῇ
1540 527 1647 564 τινι
1671 529 1801 565 κατ-

211 598 504 666 εγγυῆσαι,
552 597 666 653 τῶν
716 599 858 671 ὑπὲρ
907 601 1135 672 Μέμφιν
1179 601 1361 655 τόπων
1430 600 1795 673 βασιλεύοντιο

213 683 446 747 πολλοὺς
472 685 581 758 γὰρ
610 687 731 741 τότε
764 691 865 759 τῆς
908 689 1182 759 Αἰγύπτου
1230 691 1552 762 βασιλεύειν.
1585 694 1802 767 Ταύτην

210 774 269 827 δὲ
301 777 526 849 στείραν
559 779 912 851 ὑπάρχουσαν
942 782 1310 838 ὑποϐαλέσθαι
1342 786 1485 851 τινὸς
1516 787 1626 841 τῶν
1669 789 1801 842 Ἰου-

210 864 381 953 δαίων
425 869 672 924 παιδίον·
699 872 856 926 τοῦτο
891 873 949 927 δὲ
999 875 1232 930 Μώὓσον
1269 877 1565 948 ὀνομάσαι·
1609 879 1714 933 ὑπὸ
1744 880 1800 934 δὲ

209 957 322 1013 τῶν
384 960 647 1036 Ἐλλήνων
693 966 857 1019 αὑτὸν
904 967 1250 1040 ἀνδρωθέντα
1299 972 1575 1027 Μουσαῖον
1629 991 1802 1046 προσ-

212 1055 603 1127 αγορευθῆναι.
623 1058 877 1113 Γενέσθαι
899 1059 954 1113 δὲ
977 1061 1067 1114 τὸν
1089 1063 1321 1117 Μώῢσον
1339 1064 1527 1118 τοῦτον
1560 1066 1804 1138 Ὀρφέως

213 1145 535 1202 διδάσκαλον
555 1167 569 1182 ’
606 1150 944 1223 ἀνδρωθέντα
984 1152 1030 1206 δ’
1061 1155 1226 1209 αὑτὸν
1256 1156 1427 1211 πολλὰ
1453 1160 1565 1222 τοῖς
1591 1159 1687 1214 ἀνθ
1697 1158 1804 1232 ρώ-

215 1257 343 1304 ποις
369 1240 647 1314 εὔχρηστα
678 1244 1030 1316 παραδοῦναι.
1058 1248 1167 1301 Καὶ
1198 1248 1309 1320 γὰρ
1342 1250 1522 1316 πλοῖα,
1564 1252 1660 1306 καὶ
1703 1268 1806 1323 μη-

216 1333 393 1403 χανὰς
426 1334 565 1405 πρὸς
596 1335 698 1400 τὰς
747 1335 1074 1405 λιθοθεσίας,
1108 1340 1202 1393 καὶ
1231 1341 1300 1394 τὰ
1327 1341 1602 1411 Αἰγύπτια
1642 1343 1802 1408 ὅπλα,

216 1424 315 1478 καὶ
344 1424 413 1479 τὰ
448 1425 655 1496 ὄργανα
679 1427 748 1481 τὰ
782 1428 1071 1501 ὑδρευτικὰ
1103 1432 1196 1485 καὶ
1228 1432 1532 1503 πολεμικὰ,
1584 1434 1678 1487 καὶ
1707 1432 1805 1504 τὴν

218 1515 539 1585 φιλοσοφίαν
572 1514 814 1590 ἐξευρεῖν
834 1537 847 1549 ·
878 1519 960 1573 ἔτι
993 1520 1051 1574 δὲ
1080 1520 1178 1593 τὴν
1205 1522 1358 1576 πόλιν
1389 1525 1470 1588 εἰς
1494 1522 1582 1589 λς’
1608 1523 1807 1593 νομοὺς

216 1608 450 1673 διελεῖν,
480 1611 572 1663 καὶ
617 1611 833 1682 ἑκάστῳ
871 1612 981 1667 τῶν
1033 1613 1214 1685 νομῶν
1251 1614 1517 1681 άποτάξαι
1549 1616 1640 1671 τὸν
1672 1616 1806 1671 Θεὸν

221 1700 613 1772 σεφθήσεσθαι,
658 1704 731 1757 τά
759 1721 819 1757 τε
864 1704 985 1776 ἰερὰ
1034 1705 1338 1777 γράμματα
1385 1711 1500 1772 τοῖς
1534 1707 1799 1780 ἱερεῦσιν·

1904 512 2113 584 regioni
2148 527 2313 582 supra
2340 510 2637 580 Memphim
2672 509 2789 564 sitae
2833 508 3120 578 imperanti
3156 508 3483 577 desponsam

1903 604 2073 660 fuisse
2112 622 2125 657 :
2161 610 2278 658 tum
2325 603 2470 657 enim
2523 592 2715 672 plures
2752 599 3049 673 Egyptum
3100 601 3323 670 regulos
3383 600 3487 654 ha-

1901 695 2108 750 buisse.
2145 692 2296 748 Ilanc
2320 707 2504 764 porro,
2546 691 2749 767 sterilis
2784 707 2907 748 cum
2934 698 3099 754 esset,
3134 689 3335 746 Judaeae
3367 706 3487 744 mu-

1902 786 2052 841 lieris
2101 783 2364 839 infantem
2428 781 2804 853 supposuisse,
2847 798 3012 853 quem
3064 781 3312 853 Mnysum
3368 781 3488 852 ipsa

1902 878 2163 948 primum,
2193 876 2389 931 deinde
2417 889 2542 930 vero
2571 874 2765 938 Grmci,
2796 891 2921 929 cum
2974 874 3041 929 ad
3093 874 3301 928 virilem
3348 882 3485 928 aeta—

1905 978 2009 1024 tem
2043 969 2399 1038 pervenisset,
2434 966 2696 1023 Musaeum
2732 968 3087 1022 nominarint.
3120 966 3298 1037 Atque
3338 966 3486 1022 hunc

1904 1062 2102 1131 Orphei
2149 1062 2471 1131 magistrum
2520 1060 2690 1116 fuisse
2742 1068 3071 1124 memorant,
3106 1076 3170 1114 ac
3211 1059 3483 1130 permulta

1905 1156 2148 1210 humano
2198 1154 2383 1225 generi
2431 1153 2727 1208 utilissima
2778 1154 3085 1208 tradidisse.
3118 1151 3199 1206 Illi
3235 1152 3403 1216 enim,
3432 1160 3488 1206 ct

1904 1245 2273 1316 navigiorum,
2303 1254 2357 1299 et
2406 1245 2807 1311 machinarum,
2844 1245 3047 1315 quibus
3095 1244 3314 1299 adducti
3363 1260 3486 1299 sur-

1905 1356 2027 1395 sum
2075 1341 2284 1408 lapides
2337 1340 2478 1394 inter
2522 1355 2646 1395 sese
2698 1350 2885 1411 postea
2935 1350 3405 1412 coagmententur,
3437 1349 3492 1395 et

1906 1445 2186 1486 armorum
2220 1431 2695 1503 Egyptiacorum,
2725 1440 2780 1487 et
2826 1433 3319 1488 instrumentorum
3368 1448 3494 1503 par-

1906 1525 2004 1579 tim
2050 1524 2367 1580 haurienda:
2404 1527 2489 1580 vel
2524 1525 2855 1580 deducendae
2894 1540 3071 1593 aquae,
3108 1525 3307 1595 partim
3350 1523 3496 1579 bello

1906 1615 2368 1681 necessariorum,
2399 1615 2684 1686 ipsiusque
2716 1615 2854 1671 adeo
2894 1615 3257 1686 philosolihia:
3302 1614 3496 1669 inven-

1908 1706 2112 1762 tionem
2146 1718 2425 1778 acceptam
2452 1705 2654 1763 ferunt.
2685 1706 2767 1764 Ad
2800 1708 2915 1764 haec
2943 1707 3220 1764 civitatem
3251 1708 3321 1763 ab
3342 1723 3409 1763 eo
3440 1708 3496 1763 in

217 1786 362 1846 εἶναι
392 1793 450 1846 δὲ
480 1795 576 1849 καὶ
604 1794 889 1868 αἰλούρους
910 1839 926 1863 ,
959 1797 1054 1850 καὶ
1088 1796 1278 1861 κύνας,
1324 1798 1422 1851 καὶ
1461 1798 1628 1863 ἴϐεις·
1668 1800 1807 1852 ἀπο-

1911 1812 2008 1852 sex
2034 1806 2089 1852 et
2118 1797 2341 1868 triginta
2373 1797 2729 1869 praefecturas
2756 1798 3011 1865 divisam,
3036 1813 3278 1869 suosque
3307 1798 3498 1868 singu-

217 1887 405 1955 νεῖμαι
431 1884 490 1937 δὲ
519 1885 749 1951 καὶτοῖς
791 1888 1026 1958 ἱερεῦσιν
1062 1886 1339 1961 ἐξαίρετον
1383 1889 1589 1962 χώραν.
1624 1890 1808 1945 Ταῦτα

217 1972 275 2026 δὲ
312 1974 493 2029 ⁴πάντα
531 1976 757 2048 ποιῆσαι
787 1978 946 2050 χάριν
980 1977 1075 2031 τοῦ
1121 1978 1220 2050 τὴν
1253 1982 1548 2052 μοναρχίαν
1588 1980 1808 2052 βεϐαίαν

215 2065 299 2138 τῷ
327 2068 582 2140 Χενεφρῇ
617 2068 961 2139 διαφυλάξαι.
990 2069 1263 2141 Πρότερον
1306 2070 1416 2142 γὰρ
1453 2072 1808 2138 ἀδιατάκτους

218 2157 385 2223 δντας
413 2161 542 2223 τοὺς
568 2159 779 2241 ὄχλους,
819 2160 949 2214 ποτὲ
978 2161 1079 2231 μὲν
1113 2160 1420 2228 ἐκϐάλλειν,
1452 2163 1579 2216 ποτὲ
1599 2163 1659 2218 δέ
1672 2165 1809 2219 καθ-

226 2256 464 2305 ιστάνειν
530 2250 805 2321 βασιλεῖς,
854 2251 950 2305 καὶ
982 2250 1242 2316 πολλάκις
1280 2251 1382 2323 μὲν
1418 2253 1544 2316 τοὺς
1588 2252 1807 2318 αὑτοὺς,

218 2337 432 2402 ἐνιάκις
467 2339 524 2393 δὲ
556 2341 771 2405 ἄλλους.
810 2341 911 2396 Διὰ
958 2341 1131 2397 ταῦτα
1170 2339 1263 2397 οὖν
1289 2343 1380 2398 τὸν
1427 2341 1656 2398 Μώῦσον
1703 2344 1810 2397 ὑπὸ

219 2430 330 2485 τῶν
363 2430 535 2502 ὄχλων
568 2434 941 2506 ἀγαπηθῆναι,
975 2435 1069 2488 καὶ
1100 2436 1204 2489 ὑπὸ
1237 2435 1344 2490 τῶν
1375 2436 1565 2507 ἱερέων
1598 2435 1810 2490 ἰσοθέου

218 2525 391 2596 τιμῆς
440 2526 845 2591 καταξιωθέντα
904 2530 1411 2601 προσαγορευθῆναι
1458 2530 1664 2602 Ἑρμῆν
1722 2529 1812 2584 διὰ

219 2617 325 2689 τὴν
353 2616 463 2671 τῶν
498 2618 658 2690 ἰερῶν
692 2622 1037 2692 γραμμάτων
1065 2622 1383 2693 ἑρμηνείαν.
1413 2621 1516 2675 Τὸν
1549 2622 1606 2676 δὲ
1644 2624 1813 2677 Χενε·

222 2709 391 2780 φρῆν,
444 2710 656 2781 ὁρῶντα
703 2710 802 2782 τὴν
851 2711 1052 2784 ἀρετὴν
1092 2712 1186 2766 τοῦ
1238 2713 1510 2778 Μωΰσου,
1548 2712 1812 2784 φθονῆσαι

220 2800 393 2870 αὑτῷ,
415 2801 509 2855 καὶ
531 2801 713 2874 ζητεῖν
742 2803 904 2857 αὑτὸν
935 2805 1021 2857 ἐπ’
1043 2804 1250 2876 εὐλόγῳ
1277 2806 1426 2877 αἰτίᾳ
1446 2805 1555 2860 τινὶ
1578 2805 1808 2863 ἀνελεῖν.

221 2893 335 2947 Καὶ
361 2894 425 2965 δή
471 2911 603 2947 ποτε
639 2894 744 2950 τῶν
786 2895 1060 2950 Αἰθιόπων
1117 2898 1695 2970 ἐπιστρατευσαμένων
1741 2902 1810 2972 τῇ

218 2987 507 3058 Αἰγύπτῳ,
539 2989 632 3043 τὸν
661 2988 965 3060 Χενεφρῆν,
1001 2989 1342 3044 ὑπολαϐόντα
1369 2991 1661 3063 εὑρηκέναι
1693 3008 1813 3046 και-

217 3082 319 3152 ρδν
341 3079 582 3145 εὔθετον,
621 3079 833 3151 πέμψαι
871 3080 962 3134 τὸν
1003 3079 1235 3134 Μώὺσον
1266 3082 1351 3135 ἐπ’
1399 3082 1598 3146 αὐτοὺς
1642 3099 1811 3155 στρα-

221 3171 393 3243 τηγὸν
426 3169 567 3243 μετὰ
611 3169 913 3241 δυνάμεως.
963 3171 1037 3225 Τὸ
1077 3171 1134 3225 δὲ
1179 3162 1287 3225 τῶν
1336 3173 1612 3242 συγγενῶν
1660 3172 1809 3244 αὐτῷ

222 3261 495 3334 συστῆσαι
525 3261 750 3333 πλῆθος,
781 3261 1124 3317 ὑπολαϐόντα
1165 3263 1365 3335 ῥᾳδίως
1401 3264 1561 3317 αὑτὸν
1593 3264 1683 3318 διὰ
1712 3263 1809 3335 τὴν

216 3355 333 3411 τῶν
362 3354 711 3427 στρατιωτῶν
743 3355 1027 3410 ἀσθένειαν
1054 3355 1158 3411 ὑπὸ
1187 3356 1298 3411 τῶν
1337 3356 1611 3429 πολεμίων
1653 3359 1809 3412 ἀναι-

220 3446 572 3521 ρεθήσεσθαι.
604 3448 709 3502 Τὸν
737 3448 796 3503 δὲ
823 3448 1058 3503 Μὼὓσον
1089 3448 1312 3502 ἐλθόντα
1331 3450 1425 3503 ἐπὶ
1456 3450 1548 3504 τὸν
1576 3450 1811 3523 Ἕρμου-

217 3539 451 3612 πολίτην
481 3539 881 3612 ὀνομαζόμενον
919 3538 1117 3611 νομὸν,
1142 3539 1337 3611 ἔχοντα
1368 3540 1500 3612 περὶ
1544 3540 1679 3594 δέκα
1710 3558 1812 3612 μυ-

219 3632 418 3706 ριάδας
458 3631 756 3704 γεωργῶν,
816 3629 984 3685 αὑτοῦ
1036 3631 1526 3703 καταπρατεῦσαι.
1588 3632 1811 3703 Πέμψαι

214 3725 273 3780 δὲ
311 3725 651 3796 στρατηγοὺς
686 3725 813 3788 τοὺς
862 3722 1402 3796 προκαθεδουμένους
1446 3726 1547 3796 τῆς
1589 3725 1807 3798 χώρας,

216 3817 317 3882 οὓς
357 3818 425 3890 δὴ
451 3818 797 3872 πλεονεκτεῖν
834 3816 1119 3886 ἐπιφανῶς
1156 3818 1300 3872 κατὰ
1334 3817 1434 3883 τὰς
1461 3819 1664 3890 μάχας.
1708 3821 1810 3874 Λέ-

214 3929 341 3983 γειν
386 3911 446 3965 δέ
476 3927 643 3983 φησιν
697 3910 1108 3974 Ἠλιουπολίτας
1145 3910 1400 3980 γενέσθαι
1446 3912 1539 3966 τὸν
1575 3911 1811 3983 πόλεμον

213 4003 412 4062 τοῦτον
452 4002 549 4075 ἔτη
585 4002 741 4057 δέκα.
768 4003 906 4066 Τοὺς
938 3996 1031 4057 οὖν
1062 4003 1194 4074 περὶ
1223 4001 1316 4056 τὸν
1346 4002 1597 4070 Μώῦσον,
1632 4003 1722 4057 διὰ
1748 4003 1811 4057 τὸ

218 4094 456 4168 μέγεθος
525 4094 627 4167 τῆς
686 4095 945 4165 στρατιᾶς
968 4133 986 4159 ,
1058 4093 1212 4147 πόλιν
1273 4095 1333 4148 ἐν
1398 4094 1573 4167 τούτῳ
1628 4095 1810 4148 κτίσαι

214 4186 298 4259 τῷ
357 4186 512 4258 τόπῳ
546 4226 565 4253 ,
612 4186 707 4240 καί⁸
753 4186 853 4258 τὴν
915 4184 1023 4238 ῖϐιν
1090 4184 1150 4237 ἐν
1210 4184 1361 4257 αὐτῷ
1436 4184 1808 4256 καθιερῶσαι,

213 4279 311 4338 διὰ
367 4280 433 4335 τὸ
481 4279 687 4350 ταύτην
745 4279 1052 4351 βλάπτοντα
1099 4277 1216 4343 ζῶα
1292 4280 1421 4342 τοὺς
1487 4278 1811 4351 ἀνθρώπους

214 4372 486 4443 ἀναιρεῖν.
557 4369 1006 4443 Προσαγορεῦσαι
1075 4369 1135 4423 δὲ
1201 4371 1372 4441 αὑτὴν
1427 4370 1807 4442 Ἐρμούπολιν.

1907 1891 1978 1946 lis
2005 1888 2229 1945 Numini
2256 1890 2488 1946 colendo
2523 1892 2664 1947 ritus
2694 1892 3027 1961 assignatas,
3060 1891 3382 1962 litterasque
3418 1904 3501 1946 sa-

1907 1996 2053 2045 cras,
2082 1988 2216 2050 puta
2262 1977 2471 2043 felium,
2504 1995 2726 2043 canum,
2758 1978 2930 2033 ibium
2968 1978 3170 2049 ﬁguras
3197 1975 3500 2032 sacerdoti-

1906 2077 2012 2132 bus
2062 2090 2187 2130 cum
2246 2074 2512 2145 singulari
2567 2090 2632 2131 ac
2673 2074 2892 2144 propria
2944 2073 3168 2144 regione
3207 2071 3507 2126 attributas

1908 2167 2097 2225 fuisse.
2135 2166 2269 2234 Quae
2296 2167 2482 2223 omnia
2529 2182 2595 2221 eo
2635 2165 2865 2221 consilio
2894 2164 3201 2235 perfecerit,
3235 2172 3297 2218 ut
3342 2177 3500 2218 sum-

1908 2276 2060 2317 mum
2107 2259 2446 2331 Cbenephraa
2492 2258 2782 2329 imperium
2831 2257 3133 2323 stabiliret;
3165 2271 3293 2312 cum
3349 2255 3502 2310 nullo

1909 2353 2167 2410 distincta
2196 2352 2392 2408 ordine
2420 2350 2717 2407 multitudo
2746 2364 2903 2419 reges
2947 2357 3107 2403 antea
3137 2348 3299 2403 modo
3331 2347 3501 2417 ejice-

1910 2454 2014 2512 ret,
2046 2445 2210 2499 modo
2253 2453 2486 2509 crearet,
2517 2458 2581 2497 ac
2636 2457 2778 2511 saepe
2800 2442 3022 2511 quidem
3056 2439 3301 2504 eosdem,
3334 2438 3507 2493 inter-

1911 2537 2043 2593 dum
2071 2537 2235 2591 etiam
2272 2536 2431 2590 alios.
2467 2533 2678 2600 Quibus
2723 2533 2841 2602 ipse
2878 2532 3042 2588 rebus
3070 2547 3182 2585 non
3216 2530 3377 2586 modo
3405 2545 3506 2600 po-

1911 2630 2164 2699 pulorum
2227 2628 2331 2683 sibi
2392 2641 2634 2681 amorem
2686 2622 3032 2689 conciliarit,
3092 2638 3282 2678 verum
3335 2624 3500 2676 etiam

1913 2737 2096 2793 parem
2148 2720 2363 2791 superis
2414 2720 2677 2774 honorem
2722 2733 2752 2771 a
2788 2716 3189 2782 sacerdotibus,
3240 2716 3332 2785 qui
3379 2715 3503 2785 Ἐρ-

1915 2816 2024 2887 μῆν
2054 2812 2230 2877 illum,
2265 2811 2369 2867 hoc
2390 2819 2473 2866 est
2500 2809 2853 2873 Mercurium,
2883 2808 2997 2863 sive
3029 2808 3398 2874 interpretem,
3430 2807 3502 2859 oh

1914 2920 2197 2962 sacrarum
2246 2904 2551 2958 litterarum
2612 2901 2932 2974 ἑρμηνείαν,
2968 2899 3501 2969 interpretationem,

1914 2997 2277 3068 appellarunt,
2313 2994 2471 3050 facile
2517 2992 2844 3065 impetrarit.
2876 2991 2947 3046 At
2975 3005 3108 3045 vero
3139 2989 3498 3059 Chenephren

1914 3092 2089 3164 Moysi
2142 3090 2438 3153 virtutibus
2497 3088 2852 3151 invidentem,
2899 3084 3203 3157 perimendi
3259 3082 3507 3139 hominis

1914 3185 2154 3241 colorem
2184 3184 2447 3254 aliquem,
2467 3183 2867 3250 honestamque
2896 3177 3131 3248 speciem
3155 3175 3498 3246 quaesivisse.

1913 3276 2103 3346 Itaque
2138 3290 2263 3330 cum
2293 3275 2346 3329 in
2381 3272 2679 3345 Egyptum
2715 3271 2911 3326 armati
2947 3268 3233 3338 Ethiopes
3267 3266 3503 3322 invasis-

1914 3375 2055 3433 sent,
2090 3364 2438 3422 commodam
2487 3362 2589 3418 sibi
2631 3360 2894 3416 facinoris
2957 3359 3195 3414 oblatam
3249 3357 3511 3413 occasio-

1912 3473 2037 3513 nem
2097 3472 2219 3512 esse
2270 3463 2475 3517 ratum,
2504 3453 2753 3525 Moysum
2816 3452 3202 3522 imperatorem
3236 3450 3509 3504 adversus

1911 3566 2008 3607 eos
2064 3564 2189 3605 cum
2221 3547 2487 3610 exercitu,
2521 3562 2588 3600 ex
2620 3544 2913 3615 gentilibus
2940 3550 2995 3597 et
3022 3540 3351 3611 propinquis
3378 3539 3507 3609 ejus

1913 3643 2209 3699 maximam
2236 3650 2444 3711 partem
2476 3636 2716 3694 conflato
2750 3635 2989 3700 misisse,
3025 3633 3173 3704 quod
3212 3647 3338 3687 eum
3371 3647 3504 3702 pro-

1910 3745 2031 3805 pter
2061 3734 2294 3787 militum
2336 3729 2765 3787 imbecillitatem
2795 3728 2865 3782 ab
2899 3726 3057 3781 hoste
3081 3724 3233 3778 nullo
3278 3724 3501 3794 negotio

1912 3827 2312 3882 conficiendum
2365 3831 2599 3894 putaret.
2629 3820 2877 3893 Moysum
2903 3828 3084 3873 autem
3111 3816 3180 3871 ad
3210 3816 3499 3886 praefectu-

1912 3934 2028 3973 ram
2069 3915 2388 3987 quamdam,
2429 3914 2519 3968 cui
2578 3911 2963 3981 llermopolitae
3017 3925 3241 3974 nomen,
3268 3926 3499 3981 quaque

1911 4008 2233 4063 colonorum
2292 4004 2358 4059 ad
2424 4013 2643 4058 centum
2707 4003 2875 4059 millia
2929 4001 3275 4067 numerabat,
3317 4000 3499 4071 profe-

1912 4109 2082 4161 ctum,
2113 4108 2293 4154 castra
2346 4097 2422 4152 ibi
2467 4097 2749 4167 posuisse;
2779 4096 3084 4167 legatorum
3119 4109 3348 4151 suorum
3384 4091 3498 4147 for—

1911 4190 2143 4248 tissimis
2168 4206 2233 4246 ac
2265 4189 2665 4243 strenuissimis
2698 4187 3010 4258 quibusque
3048 4185 3371 4256 praemissis,
3401 4182 3496 4253 qui

1910 4284 2094 4339 locum
2135 4298 2201 4338 ac
2240 4282 2424 4338 sedem
2456 4288 2809 4351 occuparent.
2837 4278 2994 4346 Quod
3026 4278 3228 4334 bellum
3263 4286 3378 4332 toto
3402 4276 3498 4330 de-

1912 4376 2107 4431 cennio
2167 4383 2378 4446 gestum
2430 4389 2574 4441 esse,
2601 4374 2673 4428 ab
2701 4371 3117 4442 lleliopolitauis
3166 4386 3286 4426 sese
3339 4383 3498 4424 acce-

216 4463 378 4519 οὔτω
407 4461 473 4534 δὴ
526 4464 653 4525 τοὺς
698 4450 959 4523 Αἰθίοπας
982 4502 997 4526 ,
1030 4461 1237 4533 καίπερ
1277 4462 1438 4526 ὄντας
1494 4461 1807 4532 πολεμίους,

1915 4470 2061 4539 pisse
2106 4476 2359 4523 testatur.
2384 4466 2559 4521 Porro
2608 4465 2876 4537 Mnysum,
2909 4464 3190 4534 copiarum
3222 4461 3498 4533 magnitu-

219 4555 448 4628 στέρξαι
485 4555 581 4608 τὸν
608 4552 875 4620 Μώὑσον,
907 4553 1050 4608 ὥστε
1087 4555 1182 4608 καὶ
1214 4554 1312 4625 τὴν
1357 4554 1667 4626 περιτομὴν
1698 4553 1809 4608 τῶν

218 4648 437 4703 αἰδοίων
470 4650 603 4718 παρ’
633 4647 842 4700 ἐκείνου
882 4646 1108 4720 μαθεῖν·
1154 4649 1216 4701 οὑ
1268 4648 1429 4718 μόνον
1461 4648 1519 4702 δὲ
1564 4648 1808 4711 τούτους,

218 4740 356 4794 ἀλλὰ
409 4740 503 4795 καὶ
552 4740 681 4803 τοὺς
739 4740 903 4811 ἱερεῖς
934 4738 1202 4805 ἅπαντας.
1249 4740 1354 4794 Τὸν
1385 4740 1443 4793 δὲ
1495 4739 1808 4811 Χενεφρῆν,

218 4831 477 4896 λυθέντος
504 4830 600 4885 τοῦ
630 4832 894 4903 πολέμου,
922 4832 1066 4904 λόγῳ
1102 4833 1199 4904 μὲν
1230 4833 1392 4886 αὑτὸν
1422 4829 1807 4896 ἀποδέξασθαι,

220 4923 368 4995 ιργῳ
386 4922 448 4976 δὲ
474 4922 864 4977 ἐπιϐουλεύειν.
897 4924 1272 4998 Παρελόμενον
1302 4921 1435 4993 γοῦν
1473 4921 1639 4976 αὑτοῦ
1684 4923 1810 4986 τοὺς
1844 4928 1851 4933 ’

220 5020 436 5092 ὕχλους,
463 5019 593 5081 τοὺς
628 5018 726 5089 μὲν
761 5019 855 5072 ἐπὶ
879 5020 948 5073 τὰ
978 5021 1102 5091 ὅρια
1140 5019 1239 5090 τῆς
1261 5016 1547 5080 Αἰθιοπίας
1571 5016 1807 5088 πέμψαι,

223 5109 583 5182 προφυλακῆς
617 5109 815 5181 χάριν’
863 5115 975 5175 τοῖς
1010 5111 1067 5164 δὲ
1115 5110 1417 5182 προστάξαι
1463 5110 1555 5163 τὸν
1592 5111 1650 5163 ἐν
1687 5109 1811 5173 Διὸς

224 5201 375 5255 πόλει
406 5199 535 5254 ναὸν
567 5198 629 5265 ἐξ
669 5200 846 5269 ὀπτῆς
892 5200 1117 5254 πλίνθου
1148 5197 1654 5268 κατεσκευασμένον
1710 5214 1810 5251 κα-

226 5293 436 5366 θαιρεῖν
460 5309 474 5322 ·
506 5291 695 5362 ἕτερον
718 5292 775 5345 δὲ
808 5292 1005 5347 λίθινον
1037 5290 1469 5366 κατασκευάσαι,
1501 5290 1563 5343 τὸ
1582 5288 1809 5360 πλησίον

225 5360 347 5458 ὅρος
394 5360 828 5456 λατομήήσαντας.
877 5383 1049 5449 Τάξαι
1106 5383 1163 5437 δὲ
1216 5385 1310 5437 ὲπὶ
1352 5360 1455 5454 τῆς
1500 5382 1810 5452 οἰκοδομίας

226 5477 525 5549 ἐπιστάτην
559 5477 882 5549 Ναχέρωτα.
909 5477 1013 5531 Τὸν
1039 5476 1116 5540 δὲ,
1149 5475 1371 5530 ἐλθόντα
1407 5476 1545 5547 μετά
1574 5476 1811 5531 Μωὺσου

229 5572 305 5634 εἰς
329 5568 582 5640 Μέμφιν,
606 5568 876 5623 πυθέσθαι
922 5570 1054 5642 παρ’
1083 5566 1271 5632 αὑτοῦ,
1307 5569 1362 5622 ετ
1388 5585 1443 5622 τι
1490 5568 1620 5624 duo
1661 5569 1815 5623 ἐστὶν

231 5659 527 5731 εὔχρηστον
557 5661 670 5723 τοῖς
696 5658 1024 5731 ἀνθρώποις.
1060 5658 1165 5712 Τὸν
1212 5657 1270 5711 δὲ
1301 5659 1467 5727 φάναι
1508 5660 1665 5727 γένος
1699 5658 1810 5712 τῶν

235 5744 391 5817 βοῶν,
422 5746 505 5802 διὸ
530 5746 595 5801 τὸ
618 5747 718 5819 τὴν
762 5748 865 5819 γῆν
898 5748 1005 5802 ὑπὸ
1043 5746 1249 5803 τούτων
1281 5747 1570 5810 άρούσθαι.
1612 5748 1716 5805 Τὸν
1747 5749 1806 5805 δὲ

1912 4555 2039 4612 dine
2072 4556 2425 4618 instructum.
2466 4554 2658 4611 eodem
2695 4556 2747 4608 in
2784 4556 2905 4609 loco
2945 4554 3137 4608 urbem
3165 4552 3493 4616 condidisse,

1912 4649 2281 4719 Hermopolim
2343 4651 2584 4715 nomine,
2628 4649 2684 4702 in
2732 4663 2835 4718 qua
2898 4647 3132 4716 primum
3166 4645 3318 4708 ibim,
3347 4646 3497 4714 quod

1912 4741 2103 4796 noxias
2154 4741 2467 4795 hominibus
2515 4740 2822 4793 animantes
2853 4739 3105 4808 perimat,
3136 4735 3492 4791 consecrarit.

1910 4830 2071 4903 433
2104 4829 2392 4901 IEthiopes
2444 4839 2627 4885 autem
2680 4830 2852 4899 ipsos,
2882 4828 3099 4883 tametsi
3141 4827 3347 4891 hostes,
3383 4836 3495 4880 tam

1912 4939 2183 4993 propenso
2210 4931 2390 4977 tamen
2419 4921 2474 4976 in
2509 4921 2757 4995 Moysum
2787 4923 2973 4977 animo
3010 4920 3204 4983 fuisse,
3237 4928 3294 4973 ut
3321 4918 3495 4988 ipsius

1910 5030 2129 5086 quoque
2156 5014 2596 5071 circumcisionis
2640 5014 2710 5070 ab
2757 5030 2825 5070 eo
2875 5016 3041 5070 ritum
3074 5013 3407 5082 acciperent.
3438 5009 3493 5065 ld

1910 5109 2054 5179 quod
2082 5123 2112 5161 a
2144 5107 2523 5163 sacerdotibus
2553 5108 2717 5162 etiam
2746 5105 3335 5176 oninibuspraastitum
3378 5101 3496 5156 fue-

1912 5201 2003 5254 rit.
2032 5199 2303 5255 Caeterum
2350 5201 2733 5271 Chenephren,
2768 5199 3016 5255 confecto
3069 5198 3232 5265 bello,
3272 5196 3493 5251 tametsi

1913 5291 2343 5347 benevolentiam
2377 5306 2474 5346 ore
2509 5290 2817 5355 simularet.
2852 5291 2990 5346 clam
3042 5290 3093 5345 ei
3144 5296 3326 5344 tamen
3359 5287 3494 5343 insi-

1910 5382 2047 5437 diari
2098 5382 2278 5452 reipsa
2336 5381 2661 5450 perrexisse.
2723 5378 2909 5447 Itaque
2964 5375 3135 5449 Moysi
3184 5375 3369 5445 copias
3414 5374 3492 5429 ita

1910 5474 2251 5540 distraxisse,
2285 5482 2344 5528 ut
2402 5474 2601 5543 partim
2657 5471 2722 5526 ad
2767 5469 3064 5540 Ethiopiae
3114 5468 3350 5523 confinia
3395 5480 3493 5537 per

1910 5581 2133 5620 causam
2169 5563 2410 5635 praesidii
2441 5563 2736 5633 ablegaret,
2768 5559 2966 5632 partim
3008 5558 3328 5629 Diospoleos
3356 5565 3491 5611 tem-

1909 5656 2061 5727 plum
2088 5659 2269 5727 operis
2295 5654 2518 5711 laterilii
2542 5655 2781 5719 diruere,
2812 5654 3090 5725 aliudque,
3118 5653 3392 5723 lapidibus
3419 5662 3488 5702 ex

1909 5748 2094 5805 vicino
2152 5759 2336 5806 monte
2388 5748 2567 5818 caesis,
2600 5747 2871 5819 lapideum
2921 5747 3192 5805 adiﬁcarc
3255 5748 3488 5821 iuberet.
