3842 6226
300 301 397 358 73f

936 299 1208 356 EUSEBII
1242 294 1733 355 CAESARIENSIS
1772 293 1926 352 OPP.
1971 291 2157 350 PARS
2195 291 2262 348 ll.
2302 321 2372 335 —-
2410 289 2925 350 APOLOGETICA.

3466 288 3570 346 73‘!

300 427 440 485 Huic
472 428 621 500 operi
658 427 1011 484 Nacherotem
1044 427 1333 497 quemdam
1366 426 1436 480 ab
1470 439 1536 480 eo
1567 419 1881 493 praefectum

1989 413 2292 486 Χενεφρῆν,
2322 408 2842 484 προσαγορεύσαντα
2871 405 3073 478 ταῦρον
3099 407 3285 470 Ἀπιν,
3319 404 3572 460 κελεῦσαι

299 539 444 586 esse,
470 524 562 594 qui
590 521 881 593 Memphim
915 537 1023 576 una
1048 536 1172 576 cum
1190 519 1377 591 Moyso
1412 517 1709 589 profectus,
1733 533 1882 588 qum-

299 617 457 673 sierit
504 632 569 671 ex
629 630 717 679 eo,
782 614 1047 683 numquid
1101 623 1359 682 prazterea
1407 613 1645 668 humano
1697 612 1882 684 generi

299 708 650 763 commodum
700 706 938 776 utileque
983 713 1192 760 nosset.
1248 705 1347 759 Cui
1376 703 1619 776 Moysus,
1651 719 1710 759 se
1750 718 1884 758 vero

299 817 486 865 nosse,
512 801 681 855 boves
725 799 1010 865 nimirum,
1032 798 1237 868 quibus
1284 798 1340 853 in
1391 799 1596 854 aranda
1626 809 1771 854 terra
1802 798 1883 853 uti

300 894 505 950 liceret.
539 893 608 947 At
641 891 1021 962 Chenephren,
1054 891 1147 946 ubi
1194 901 1353 946 tauro
1384 891 1515 960 Apis
1561 907 1760 946 nomen
1800 893 1885 945 in-

300 986 545 1049 didisset,
574 985 623 1040 ei
666 986 929 1040 continuo
964 985 1223 1055 templum
1278 1000 1308 1039 a
1357 984 1706 1039 multitudine
1730 985 1882 1055 poni,

301 1077 602 1147 eodemque
631 1077 926 1133 translatas
953 1077 1262 1133 animantes
1287 1092 1317 1131 a
1345 1077 1533 1148 Moyso
1566 1078 1720 1148 prius
1751 1094 1885 1132 con-

303 1179 546 1227 secratas
592 1169 809 1239 sepeliri
857 1169 1116 1232 voluisse,
1147 1170 1224 1223 uti
1257 1186 1441 1224 rerum
1469 1172 1537 1225 ab
1565 1186 1630 1225 eo
1661 1172 1884 1227 institu-

304 1270 484 1316 tarum
529 1261 850 1316 memoriam
898 1277 1006 1315 una
1055 1261 1329 1325 sepeliret.
1376 1260 1577 1317 Verum
1608 1262 1885 1318 abaliena-

302 1363 390 1409 tos
420 1369 449 1408 a
481 1368 541 1408 se
576 1364 861 1424 propterea
907 1371 1031 1410 cum
1062 1353 1442 1426 IEgyptiorum
1479 1356 1691 1411 animos
1724 1356 1886 1409 intel-

304 1445 515 1516 ligeret,
542 1446 681 1501 clam
722 1447 1083 1518 jurejurando
1131 1449 1433 1504 amicorum
1460 1465 1686 1503 suorum
1724 1448 1882 1504 fidem

303 1537 689 1605 obstrinxisse,
721 1541 799 1594 uti
854 1556 922 1596 ne
973 1541 1098 1611 quis
1148 1540 1337 1612 Moyso
1374 1549 1599 1612 paratas
1656 1542 1885 1598 insidias

306 1628 559 1697 aperiret.
582 1630 855 1700 simulque
887 1631 1101 1688 futuros
1130 1633 1292 1688 caedis
1319 1645 1573 1689 auctores
1600 1633 1886 1705 designas-

305 1738 384 1777 se.
426 1720 873 1779 Reelamantibus
923 1724 1199 1792 omnibus,
1233 1724 1668 1790 Cbanethothen,
1718 1741 1880 1795 quem

1989 506 2136 579 ἱερὸν
2162 503 2328 559 αὑτοῦ
2362 505 2490 567 τοὺς
2521 502 2716 573 ὄχλους
2744 499 3199 571 καθιδρύσασθαι,
3229 498 3326 553 καὶ
3355 497 3424 553 τά
3455 496 3574 562 ζῶα

1984 601 2054 655 τά
2107 597 2510 667 καθιερωθέντα
2562 595 2669 650 ὑπὸ
2713 595 2808 649 τοῦ
2869 594 3108 650 Μωΰσου
3162 590 3406 646 κελεύειν
3455 591 3575 645 ἐκεῖ

1986 693 2255 764 φέροντας
2290 689 2517 745 θάπτειν
2536 729 2550 751 ,
2584 686 2990 759 κατακρύπτειν
3018 685 3188 739 θέλων
3227 685 3343 755 (72)
3373 685 3445 739 τά
3474 686 3571 741 τοῦ

1983 784 2220 841 Μωὺσου
2245 783 2611 853 ἐπινοήματα.
2649 778 3138 846 Ἀποξενωσάντων
3180 779 3238 833 δέ
3267 776 3430 833 αὑτὸν
3462 778 3573 835 τῶν

1984 877 2320 945 Αἰγυπτίων,
2348 875 2735 947 ὁρκωμοτῆσαι
2770 875 2897 937 τοὺς
2928 872 3114 942 φίλους
3150 853 3224 943 μὴ
3261 870 3573 940 ἐξαγγεῖλαι

1983 970 2062 1040 τῷ
2092 967 2312 1038 Μωύσῳ
2354 967 2456 1038 τὴν
2503 965 2999 1036 ἐπισυνισταμένην
3054 963 3205 1034 αὑτῷ
3240 962 3531 1035 ἐπιϐουλὴν
3554 1003 3571 1028 ,

1986 1062 2081 1115 καὶ
2109 1058 2475 1131 προϐαλέσθαι
2510 1058 2637 1122 τοὺς
2672 1059 3068 1129 ἀναιρήσοντας
3104 1055 3286 1110 αὑτόν.
3326 1054 3577 1124 Μηδενὸς

1984 1153 2030 1207 δ’
2061 1152 2491 1215 ὑπακούσαντος,
2514 1150 2768 1204 ὀνειδίσαι
2792 1150 2884 1204 τὸν
2910 1141 3194 1220 Χενεφρῆν
3221 1146 3569 1217 Χανεθώθην,

1985 1245 2077 1298 τὸν
2136 1244 2369 1315 μάλιστα
2417 1241 2955 1316 προσαγορευόμενον
3004 1239 3096 1294 ὑπ’
3145 1237 3330 1294 αὑτοῦ.
3376 1237 3481 1290 Τδν
3514 1237 3573 1291 δέ

1985 1336 2368 1400 όνειδισθέντα,
2395 1335 2727 1406 ὑποσχέσθαι
2755 1336 2855 1405 τὴν
2886 1331 3148 1394 ἐπίθεσιν,
3179 1330 3413 1384 λαϐόντα
3450 1346 3574 1384 και-

1989 1424 2102 1499 ρόν.
2136 1425 2273 1479 Ὑπὸ
2299 1425 2357 1478 δὲ
2385 1424 2575 1478 τοῦτον
2602 1424 2695 1477 τὸν
2716 1423 2928 1494 καιρὸν,
2964 1421 3062 1493 τῆς
3093 1420 3365 1491 Μέῤῥιδος
3389 1418 3577 1473 τελευ-

1986 1518 2250 1590 τησάσης,
2290 1517 2624 1589 ὑποσχέσθαι
2666 1517 2759 1570 τὸν
2802 1514 3089 1587 Χενεφρῆν
3129 1512 3208 1584 τῷ
3243 1530 3301 1566 τε
3352 1512 3576 1584 Μωΰσιρ

1985 1613 2080 1666 καὶ
2113 1611 2191 1683 τῷ
2224 1609 2521 1680 Χανεθώθῃ
2556 1609 2617 1663 τὸ
2652 1607 2832 1679 σῶμα,
2868 1606 3011 1661 ὥστε
3036 1606 3465 1678 διακομίσαντας
3491 1606 3575 1669 είς

1985 1705 2114 1766 τοὺς
2141 1703 2283 1775 ὑπὲρ
2311 1700 2587 1771 Αἴγυπτον
2626 1700 2827 1764 τόπους
2861 1697 3060 1768 θάψαι,
3115 1695 3458 1751 ὑπολαϐόντα
3480 1695 3577 1750 τὸν

304 1831 369 1870 ex
408 1816 665 1870 omnibus
708 1817 981 1886 praecipue
1011 1818 1276 1884 nominat,
1319 1818 1569 1873 acerbius
1601 1818 1881 1888 increpas-

1989 1793 2217 1850 Μὼῦσον
2245 1794 2350 1848 ὑπὸ
2380 1794 2475 1847 τοῦ
2520 1791 2780 1846 Χανεθὼθ
2815 1788 3291 1862 ἀναιρεθήσεσθαι.
3332 1789 3578 1861 Πορευο-

306 1920 387 1972 se,
414 1906 506 1976 qui
540 1906 685 1975 regis
720 1909 939 1962 tandem
975 1908 1276 1966 offensione
1305 1919 1609 1980 permotus,
1640 1925 1887 1966 commoo

304 1997 377 2052 do
430 2013 490 2053 se
552 2006 792 2068 tempore
854 1998 1066 2057 facinus
1120 2002 1395 2057 obiturum
1431 2004 1711 2073 receperit.
1744 2003 1887 2075 Ergo

305 2104 432 2143 cum
488 2090 544 2143 in
602 2106 697 2173 eos
753 2090 893 2146 forte
943 2093 1063 2149 dies
1107 2093 1338 2150 Merrbis
1366 2096 1548 2151 obitus
1581 2096 1883 2162 incidisset,

305 2176 662 2250 Chenephren
699 2183 1059 2238 transferendi
1093 2185 1236 2240 ultra
1273 2185 1490 2258 Egypti
1523 2188 1659 2243 lines
1685 2204 1885 2258 corpo~

304 2272 407 2336 ris,
448 2273 759 2344 ibidemque
802 2278 1120 2345 sepeliendi,
1168 2278 1358 2349 Moyse
1396 2289 1451 2334 et
1493 2279 1889 2336 Chancthotbae

305 2374 630 2434 potestatem
692 2367 908 2431 fecisse,
956 2385 1078 2423 cum
1137 2370 1481 2426 interfectum
1541 2372 1607 2426 iri
1657 2373 1728 2427 ab
1780 2374 1889 2428 isto

306 2456 555 2529 Moysum
585 2467 822 2529 putaret.
855 2459 1055 2516 Verum
1094 2462 1306 2518 insidiis
1335 2478 1363 2516 a
1394 2465 1617 2520 conscio
1649 2466 1886 2534 quodam

307 2550 362 2603 in
409 2550 604 2606 itinere
638 2552 742 2606 sibi
786 2553 1092 2622 patefactis,
1127 2553 1373 2627 Moysum
1402 2556 1563 2611 saluti
1606 2573 1721 2613 suae
1765 2558 1890 2612 dili-

308 2642 525 2711 gentius
557 2645 768 2700 cavisse
803 2663 818 2700 :
858 2646 968 2711 cui,
1004 2657 1129 2716 post
1173 2649 1437 2718 sepultam
1479 2648 1743 2715 Merrhin,
1777 2649 1890 2703 Me-

307 2749 543 2806 roesque
574 2753 775 2792 nomen
810 2738 976 2793 ﬂuvio
1008 2748 1171 2804 atque
1196 2740 1319 2795 urbi
1351 2741 1417 2796 ad
1458 2740 1682 2796 ﬂuvium
1715 2740 1888 2797 aedili-

307 2836 443 2882 cataa
490 2829 804 2898 impositum
842 2831 1043 2900 (quam
1074 2832 1293 2902 quidem
1325 2832 1589 2901 Merrbin,
1625 2834 1892 2907 indigenae

307 2918 453 2975 haud
503 2922 702 2977 minori
750 2940 913 2994 quam
965 2924 1070 2980 Isin
1123 2927 1297 2996 ipsam
1333 2928 1595 2997 religione
1627 2944 1891 2984 veneren-

307 3013 439 3077 tur),
477 3013 656 3069 Aaron
689 3014 876 3080 frater,
913 3017 1005 3087 qui
1033 3026 1086 3071 et
1116 3017 1231 3087 ipse
1253 3019 1686 3089 coniurationem
1720 3020 1892 3077 resci-

306 3114 481 3170 verat,
513 3116 704 3183 auctor
734 3107 918 3175 fuerit,
953 3109 1030 3163 uti
1057 3107 1237 3180 fugam
1267 3111 1321 3164 in
1353 3112 1611 3166 Arabiam
1639 3128 1888 3180 capesse-
1914 3139 1957 3197 ρ

306 3204 409 3251 ret.
451 3195 605 3251 Illum
644 3212 774 3267 ergo
804 3198 1095 3262 consilium
1135 3199 1323 3255 fratris
1352 3212 1622 3268 secutum,
1650 3201 1887 3272 Memphi

310 3288 562 3352 solvisse,
597 3288 830 3359 Niloque
884 3291 1112 3360 traiecto
1171 3293 1225 3347 in
1282 3294 1538 3348 Arabiam
1593 3296 1886 3365 appulisse.

309 3374 474 3447 434
496 3375 930 3432 Chanetbothem
958 3395 1110 3445 vero,
1131 3379 1254 3452 fuga
1276 3382 1565 3451 intellecta,
1586 3384 1814 3440 insidias
1838 3385 1889 3439 ei

310 3468 627 3535 tetendisse,
653 3470 856 3539 quibus
887 3481 1175 3541 exceptum
1229 3474 1594 3542 Opprimeret;
1644 3475 1891 3546 adeoque

310 3556 548 3611 venienti
600 3558 789 3614 stricto
833 3559 1015 3629 gladio
1040 3563 1348 3617 occurrisse
1383 3582 1396 3617 :
1428 3572 1480 3617 at
1516 3562 1764 3634 Moysum
1795 3566 1892 3622 bo-

310 3647 515 3703 minem
547 3664 865 3720 occupasse,
896 3667 998 3708 nec
1029 3652 1147 3722 ejus
1180 3661 1390 3708 tantum
1437 3654 1741 3712 inbibuisse
1775 3674 1893 3712 ma-

311 3754 467 3802 num,
496 3741 589 3795 sed
625 3742 787 3795 etiam
840 3742 990 3797 illum
1042 3744 1241 3799 educto
1282 3762 1414 3802 ense
1460 3749 1795 3805 confodisse.
1845 3749 1888 3803 E

311 3830 542 3901 vestigio
599 3832 843 3903 elapsum
900 3835 955 3889 in
1017 3835 1298 3900 Arabiam,
1327 3838 1395 3893 ad
1432 3838 1720 3911 Raguelem
1772 3843 1892 3911 ejus

310 3930 428 3978 tum
457 3925 698 3993 regionis
735 3926 1039 3997 principem
1071 3928 1388 3995 adhaesisse,
1421 3931 1490 3985 ab
1515 3947 1691 4002 eoque
1723 3933 1891 3988 ﬁliam

312 4015 368 4069 in
399 4030 624 4070 uxorem
665 4018 963 4087 accepisse.
1001 4017 1175 4076 Porro
1208 4036 1331 4076 cum
1365 4022 1419 4076 in
1448 4020 1733 4093 Egyptios
1773 4041 1892 4081 mo-

313 4122 439 4162 vere
473 4107 750 4177 Raguelus
800 4110 1151 4167 vehementer
1200 4120 1432 4181 optaret,
1462 4124 1520 4169 ut
1551 4113 1798 4185 Moysum
1826 4131 1893 4171 eo

312 4196 624 4261 deduceret,
653 4198 882 4268 filiaeque
911 4200 1075 4255 simul
1103 4217 1166 4255 ac
1194 4218 1392 4269 genero
1423 4204 1709 4274 imperium
1739 4221 1892 4262 asse-

313 4297 458 4342 reret
498 4307 511 4342 :
547 4288 817 4361 Moysum,
849 4292 992 4362 quod
1021 4292 1312 4363 gentilibus
1348 4296 1463 4351 suis
1508 4306 1793 4366 metueret,
1826 4300 1894 4355 ab

313 4396 377 4435 ea
427 4382 607 4450 ipsum
659 4392 840 4438 mente
891 4384 1169 4440 dimovere
1196 4396 1453 4442 conatum
1486 4404 1604 4446 esse
1648 4391 1890 4461 quidem,

315 4474 408 4527 sed
452 4482 632 4528 tamen
689 4483 745 4530 et
783 4476 1055 4533 Arabibus
1107 4478 1400 4547 abstinere,
1457 4489 1511 4535 et
1560 4497 1627 4537 ex
1657 4482 1891 4556 IEgypto
1923 4497 1967 4552 1)

313 4566 526 4634 praedas
587 4582 747 4637 agere
806 4583 836 4622 a
887 4567 1130 4645 Raguelo
1177 4569 1393 4639 jussum
1434 4571 1625 4628 fuisse.
1686 4574 1892 4633 Interea

313 4656 670 4727 Chenephren
699 4658 1021 4729 elephantize
1062 4662 1255 4716 morbo
1302 4665 1613 4719 mortalium
1646 4668 1890 4722 omnium

314 4750 612 4820 principem
648 4752 870 4816 obiisse,
899 4769 1022 4807 cum
1056 4754 1110 4809 in
1141 4771 1263 4831 eum
1295 4757 1598 4824 incidisset,
1622 4760 1765 4830 quod
1794 4759 1895 4815 Ju-

313 4842 480 4908 daeos,
517 4843 686 4899 laneae
730 4845 900 4899 vestis
931 4862 1033 4901 usu
1068 4847 1364 4917 prohibito,
1402 4850 1662 4906 sindones
1690 4852 1891 4921 jussis-

314 4944 397 4989 set
424 4935 672 4999 induere,
710 4953 820 5007 quo
849 4937 1062 4994 facilius
1096 4941 1150 4994 in
1181 4956 1277 4996 eos
1303 4942 1408 4997 hoc
1433 4957 1462 4996 a
1494 4943 1705 4998 caeteris
1739 4945 1887 4999 cultu

313 5027 599 5084 distinctos
624 5030 815 5085 saevire
838 5042 1042 5100 posset.
1074 5033 1143 5087 At
1165 5032 1406 5107 Moysum
1437 5036 1613 5106 gentis
1647 5053 1760 5092 suae
1791 5038 1892 5092 mi-

314 5119 487 5174 serias
517 5122 658 5190 apud
695 5121 864 5176 Deum
896 5123 1115 5179 assidue
1141 5125 1541 5195 deprecantem,
1571 5142 1635 5182 eo
1667 5128 1887 5182 demum

314 5219 557 5280 tempore
572 5210 782 5268 Numen
804 5214 1097 5283 propitium
1126 5217 1405 5285 habuisse,
1427 5234 1490 5273 ac
1515 5228 1737 5288 repente
1767 5235 1891 5275 suc-

313 5320 537 5359 censum
586 5321 617 5361 e
649 5315 793 5362 terra
822 5309 1002 5379 ignem
1032 5312 1277 5381 erupisse
1307 5313 1402 5374 ait,
1433 5313 1527 5383 qui
1555 5315 1770 5369 tametsi
1805 5314 1889 5369 lo-

312 5410 411 5451 cus
441 5397 511 5451 ab
547 5398 695 5453 omni
744 5398 891 5470 ligno
940 5402 1156 5472 aliaque
1208 5405 1435 5458 materia
1467 5403 1577 5474 igni
1617 5406 1890 5475 pascendo

311 5498 437 5556 apta
467 5506 674 5549 vacuus
699 5504 863 5561 esset,
896 5496 1089 5551 ardere
1116 5505 1293 5552 tamen
1324 5513 1435 5552 non
1467 5497 1885 5567 desineret.Quo

390 5623 509 5680 οἵσ.
550 5633 1096 5704 προκατασχήσαντα.
1173 5632 1203 5674 δ
1242 5635 1328 5692 la’.
1359 5635 1598 5704 γεγονός·

1991 1887 2169 1958 μένων
2200 1887 2257 1940 δὲ
2287 1885 2489 1949 αὑτῶν,
2516 1885 2614 1955 τὴν
2637 1883 2928 1954 ἐπιϐουλὴν
2956 1881 3034 1953 τῷ
3064 1881 3286 1952 Μωύσῳ
3304 1878 3578 1935 τῷν⁶συν-

1985 1979 2204 2033 ειδότων
2238 1977 2549 2047 ἐξαγγείλαι
2583 1994 2728 2032 τινα.
2763 1976 2868 2030 Τὸν
2913 1976 2972 2030 δὲ
3020 1974 3364 2045 φυλάσσοντα
3411 1972 3579 2026 αὑτὸν

1984 2070 2084 2139 τὴν
2117 2070 2215 2141 μὲν
2254 2068 2468 2140 Μέρῤιν
2506 2067 2696 2138 θάψαι,
2734 2066 2827 2120 τὸν
2860 2066 2918 2120 δέ
2958 2064 3225 2136 ποταμὸν,
3258 2063 3354 2117 καὶ
3385 2062 3484 2134 τὴν
3517 2063 3578 2116 ἐν

1986 2160 2182 2230 ἐκείνῳ
2209 2159 2365 2213 πόλιν
2396 2158 2617 2230 Μερόην
2659 2153 3127 2229 προσαγορεῦσαι.
3163 2153 3472 2235 (Τι-μᾶσθαι
3517 2151 3578 2206 δέ

1986 2251 2085 2323 τὴν
2111 2251 2325 2321 Μέρῤιν
2366 2251 2574 2321 ταύτην
2599 2250 2706 2304 ὑπὸ
2746 2249 2854 2303 τῶν
2893 2246 3175 2320 ἐγχωρίων
3221 2246 3320 2300 οὑκ
3355 2245 3580 2299 ἔλαττον

1986 2344 2019 2416 ἦ
2059 2343 2158 2415 τὴν
2195 2340 2385 2414 Ἶσιν.)
2435 2343 2684 2415 Ἀάρωνα
2707 2342 2766 2395 δὲ
2806 2341 2897 2396 τὸν
2923 2339 3017 2394 τοῦ
3057 2340 3293 2395 Μωΰσου
3325 2337 3578 2407 ἀδελφὸν,

1985 2433 2058 2488 τὰ
2094 2434 2223 2506 περὶ
2262 2434 2361 2505 τὴν
2392 2433 2685 2504 ἐπιϐουλὴν
2714 2433 3030 2501 ἐπιγνόντα,
3070 2430 3471 2502 συμϐουλεῦσαι
3497 2428 3581 2500 τῷ

1987 2527 2202 2597 ἀδελφῷ
2226 2529 2418 2596 φυγεῖν
2453 2529 2534 2590 εἰς
2574 2526 2675 2596 τὴν
2707 2526 2987 2598 Ἀραϐίαν.
3028 2526 3133 2579 Τὸν
3177 2524 3233 2578 δέ
3262 2522 3579 2588 πεισθέντα,

1987 2620 2095 2672 ἀπὸ
2143 2620 2423 2689 Μέμφεως
2460 2619 2552 2672 τὸν
2591 2615 2784 2672 Νεῖλον
2821 2617 3258 2682 διαπλεύσαντα,
3296 2617 3581 2674 ἀπαλλάσ-

1991 2711 2177 2766 σεσθαι
2201 2714 2280 2776 είς
2301 2711 2398 2782 τὴν
2431 2711 2711 2783 Ἀραϐίαν.
2747 2711 2851 2764 Τὸν
2874 2710 2932 2764 δέ
2952 2708 3303 2783 Χανεθώθην,
3336 2708 3581 2782 πυθόμε-

1988 2823 2078 2859 νον
2107 2803 2201 2860 τοῦ
2238 2804 2474 2859 Μωὺσου
2506 2805 2605 2876 τὴν
2645 2804 2845 2875 φυγὴν,
2891 2802 3194 2875 ἐνεδρεύειν
3232 2803 3309 2867 ὡς
3350 2805 3582 2879 ἀναιρήο

1994 2911 2175 2951 σοντα.
2202 2895 2400 2949 ’ἰδόντα
2426 2895 2483 2948 δὲ
2507 2896 2821 2966 ἐρχόμενον,
2843 2895 3149 2949 σπάσασθαι
3173 2895 3273 2968 τὴν
3303 2896 3581 2968 μάχαιραν

1990 2985 2078 3040 ἐπ’
2110 2985 2292 3040 αὐτόν.
2316 2985 2420 3039 Τὸν
2443 2986 2500 3039 δέ
2523 2984 2777 3050 Μώῦσον,
2808 2987 3302 3058 προκαταχήσαντα
3325 2998 3352 3028 ι
3384 2988 3488 3057 τήν
3518 3003 3583 3040 τε

1989 3079 2149 3149 χεῖρα
2192 3078 2486 3148 κατασχεῖν
2537 3076 2699 3131 αὑτοῦ
2726 3117 2740 3138 ,
2775 3078 2872 3132 καὶ
2923 3076 3269 3149 σπασάμενον
3299 3077 3360 3131 τὸ
3404 3078 3579 3149 ξίφος,

1992 3168 2248 3241 φονεῦσαι
2306 3169 2399 3223 τὸν
2466 3168 2816 3239 Χανεθὼθην.
2857 3170 3180 3241 Διεκδρᾶναι
3230 3169 3289 3223 δὲ
3342 3170 3426 3233 εἰς
3476 3170 3580 3241 τὴν

2003 3261 2278 3334 Ἀραϐίαν,
2300 3260 2396 3316 καὶ
2422 3261 2736 3332 Ῥαγουήλῳ
2756 3260 2834 3332 τῷ
2845 3261 2953 3315 τῶν
2979 3261 3161 3315 τόπων
3191 3262 3411 3332 ἄρχοντι
3442 3278 3579 3331 συμ-

1991 3350 2169 3417 ϐιοῦν,
2199 3351 2432 3405 λαϐόντα
2472 3351 2569 3423 τὴν
2615 3351 2827 3405 ἐκείνου
2870 3349 3165 3422 θυγατέρα.
3211 3350 3315 3404 Τὸν
3354 3349 3413 3403 δέ
3458 3349 3581 3403 Ῥα-

1990 3444 2217 3515 γουῆλον
2249 3443 2534 3514 βούλεσθαι
2581 3443 2899 3514 στρατεύειν
2930 3445 3024 3498 ἐπὶ
3065 3444 3195 3509 τοὺς
3225 3442 3581 3511 Αἰγυπτίους,

1991 3537 2251 3606 κατάγειν
2283 3537 2605 3608 βουλόμενον
2630 3537 2721 3590 τὸν
2745 3536 2999 3603 Μώῦσον,
3024 3537 3119 3590 καὶ⁵
3134 3537 3235 3608 τὴν
3260 3535 3582 3590 δυναστείαν

1989 3633 2055 3702 τῇ
2090 3649 2149 3684 τε
2174 3631 2405 3702 θυγατρὶ
2433 3629 2528 3683 καὶ
2558 3628 2637 3700 τῷ
2661 3627 2898 3700 γαμϐρῷ
2926 3627 3359 3683 κατασκευάσαι.
3388 3627 3492 3679 Τὸν
3520 3626 3580 3680 δὲ

1990 3722 2226 3776 Μὼῡσον
2258 3719 2646 3787 ἀποκωλῦσαι,
2683 3717 3078 3789 στοχαζόμενον
3110 3718 3219 3772 τῶν
3265 3714 3581 3787 ὁμοφύλων.

1991 3815 2097 3867 Τὸν
2155 3814 2213 3867 δέ
2264 3811 2590 3881 Ῥαγουῆλον
2657 3810 3025 3865 διακωλύοντα
3089 3807 3403 3881 στρατεύειν
3466 3809 3581 3873 τοῖς

1996 3903 2222 3975 Ἀραψι,
2247 3901 2547 3975 προστάξαι
2569 3901 2854 3976 λῃστεύειν
2881 3901 2980 3973 τὴν
3016 3901 3310 3970 Αἴγυπτον.
3345 3899 3484 3955 ’Υπὺ
3517 3900 3579 3955 δὲ

1991 3998 2083 4052 τὸν
2144 3996 2308 4051 αὑτὸν
2355 3996 2546 4068 χρόνον
2586 3995 2681 4050 καὶ
2730 3996 3014 4067 Χενεφρῆν
3060 3995 3275 4066 πρῶτον
3320 3993 3580 4049 ἁπάντων

1993 4087 2297 4161 ἀνθρώπων
2362 4087 2830 4156 ἐλεφαντιάσαντα
2888 4086 3237 4159 μεταλλάξαι.
3282 4085 3476 4157 Τούτῳ
3518 4083 3579 4139 δὲ

1991 4180 2070 4250 τῷ
2111 4178 2273 4233 πάθει
2322 4180 2641 4250 περιπεσεῖν
2681 4178 2769 4232 διά
2797 4178 2858 4232 τὸ
2898 4179 3026 4241 τοὺς
3065 4177 3351 4243 Ἰουδαίους
3408 4192 3578 4249 προσο

1992 4266 2151 4333 τάξαι
2185 4265 2429 4330 σινδόνας
2476 4266 2912 4337 ἀμφιέννυσθαι,
2945 4267 3108 4339 ἐρεᾶν
3154 4267 3200 4321 δ’
3251 4267 3457 4337 ἐσθῆτα
3501 4266 3580 4338 μὴ

1992 4355 2373 4427 ἀμπέχεσθαι,
2425 4356 2574 4421 ὅπως
2598 4357 2750 4421 ὄντες
2798 4356 3058 4430 ἐπίσημοι
3098 4355 3436 4423 κολάζωνται
3483 4357 3580 4411 ὑπ’

1994 4446 2179 4500 αὑτοῦ.
2205 4446 2308 4500 Τὸν
2339 4447 2398 4500 δέ
2441 4446 2675 4502 Μὼὓσον
2707 4445 2963 4519 εὔχεσθαι
3003 4446 3082 4518 τῷ
3123 4446 3278 4518 Θεῷ,
3312 4447 3418 4519 ἤδη
3447 4447 3583 4501 ποτέ

1994 4539 2121 4603 τοὺς
2147 4539 2310 4603 λαοὺς
2348 4539 2553 4593 παῦσαι
2598 4540 2708 4594 τῶν
2738 4540 3141 4595 κακοπαθειῶν.
3196 4539 3582 4610 Ἱλασκομένου

1992 4631 2037 4684 δ’
2071 4630 2258 4695 αὑτοῦ,
2293 4631 2606 4702 αἰφνιδίως,
2655 4634 2852 4703 φησὶν,
2885 4633 2952 4688 ἐκ
3004 4633 3103 4704 τῆς
3137 4633 3243 4704 γῆς
3275 4631 3389 4704 πῦρ
3442 4631 3580 4685 ἀνα-

1994 4720 2217 4792 φθῆναι,
2246 4721 2526 4775 καὶτοῦτο
2551 4723 2812 4795 κάεσθαι,
2853 4725 2993 4794 μήτε
3034 4723 3167 4794 ὕλης
3215 4724 3355 4794 μήτε
3409 4722 3584 4793 ἄλλης

1990 4808 2137 4873 τινος
2174 4807 2389 4875 ξυλείας
2413 4807 2582 4879 οὑσης
2627 4810 2685 4863 ἐν
2734 4808 2812 4878 τῷ
2843 4810 3012 4880 τόπῳ.
3062 4809 3169 4863 Τδν
3209 4808 3268 4862 δὲ
3315 4807 3577 4873 Μὼῦσον,

1989 4901 2242 4956 δείσαντα
2275 4901 2335 4954 τὸ
2361 4900 2516 4970 γένος
2538 4901 2589 4965 δ,
2634 4901 2888 4971 φεύγεινο
2926 4900 3110 4973 φωνὴν
3146 4901 3192 4955 δ’
3226 4899 3378 4970 αὑτῷ
3425 4898 3582 4955 θείαν

1988 4994 2181 5054 εἰπεῖν,
2218 4990 2532 5064 στρατεύειν
2560 4993 2645 5048 ἐπ’
2671 4992 2967 5061 Αἴγυπτον,
2995 4991 3089 5046 καὶ
3121 4990 3251 5054 τοὺς
3288 4991 3584 5055 Ἰουδαίους

1988 5083 2354 5148 διασώσαντα,
2391 5086 2472 5148 εἰς
2516 5083 2616 5153 τὴν
2646 5083 2882 5156 ἀρχαίαν
2910 5083 3139 5153 ἀγαγεῖν
3176 5080 3434 5154 πατρίδα.
3472 5081 3581 5135 Τὸν

1990 5172 2068 5233 δὲ,
2105 5174 2476 5245 θαρῤήσαντα.
2512 5172 2743 5243 δύναμιν
2782 5172 3047 5243 πολεμίαν
3075 5170 3303 5240 ἐπάγειν
3338 5167 3581 5238 διαγνῶσ-

1991 5282 2077 5319 ναι
2121 5267 2234 5329 τοῖς
2283 5264 2619 5333 Αἰγυπτίοις.
2666 5263 2889 5336 Πρῶτον
2940 5264 2998 5317 δὲ
3030 5263 3168 5336 πρὸς
3207 5260 3456 5334 Ἀαρῶνα
3483 5260 3580 5315 τὸν

1989 5353 2218 5422 ἀδελφὸν
2251 5354 2444 5409 ἐλθεῖν.
2471 5353 2574 5408 Τὸν
2609 5355 2667 5408 δέ
2694 5353 2919 5425 βασιλέα
2956 5352 3066 5406 τῶν
3100 5350 3435 5421 Αἰγυπτίων,
3468 5367 3577 5403 πυ-

1990 5445 2216 5517 θόμενον
2242 5446 2343 5519 τὴν
2391 5446 2487 5500 τοῦ
2516 5447 2753 5501 Μωΰσου
2784 5445 3086 5519 παρουσίαν
3107 5484 3123 5510 ,
3158 5442 3383 5498 καλέσαι
3434 5441 3576 5513 πρὸς

1988 5539 2172 5606 αὑτὸν,
2207 5541 2301 5594 καὶ
2332 5538 2696 5596 πυνθάνεσθαι
2729 5542 2815 5612 ἐφ’
2840 5540 2948 5610 ὅτῳ
2975 5538 3118 5610 ἥκοι.
3150 5536 3255 5590 Τὸν
3296 5534 3356 5589 δέ
3382 5534 3575 5600 φάναι,

382 5758 494 5829 (η)
546 5762 762 5823 sem.
813 5768 1053 5841 Corrige.
1101 5772 1321 5828 θέλοντα
1365 5783 1680 5846 :postrema
1730 5777 1877 5833 enim

1989 5777 2148 5848 llaba,
2179 5780 2247 5837 ob
2282 5781 2567 5849 sequentis
2597 5781 3013 5840 similitudinum
3048 5780 3246 5837 abrasa
3285 5783 3390 5834 est.
