  <div class='ocr_page' id='page_1' title='image "/cluster/home/n/w/nwhite01/storage/ocr_20150623/21/nnc1.0046978437/512.png"; bbox 0 0 3842 6226; ppageno 0'>
   <div class='ocr_carea' id='block_1_1' title="bbox 103 390 212 446">
    <p class='ocr_par' dir='ltr' id='par_1_1' title="bbox 103 390 212 446">
     <span class='ocr_line' id='line_1_1' title="bbox 103 390 212 446; baseline -0.018 1"><span class='ocrx_word' id='word_1_1' title='bbox 103 390 212 446; x_wconf 76' lang='lat'><strong>733</strong></span> 
     </span>
    </p>
   </div>
   <div class='ocr_carea' id='block_1_2' title="bbox 1271 338 2193 418">
    <p class='ocr_par' dir='ltr' id='par_1_2' title="bbox 1271 338 2193 418">
     <span class='ocr_line' id='line_1_2' title="bbox 1271 338 2193 418; baseline -0.029 2"><span class='ocrx_word' id='word_1_2' title='bbox 1271 355 1590 418; x_wconf 72' lang='grc' dir='ltr'><strong>ΡΒᾹΞΡᾹΒ.</strong></span> <span class='ocrx_word' id='word_1_3' title='bbox 1633 342 1887 405; x_wconf 74' lang='lat' dir='ltr'><strong>EVANG.</strong></span> <span class='ocrx_word' id='word_1_4' title='bbox 1930 341 2057 397; x_wconf 79' lang='lat' dir='ltr'><strong>LIB.</strong></span> <span class='ocrx_word' id='word_1_5' title='bbox 2100 338 2193 395; x_wconf 78' lang='lat' dir='ltr'><strong>IX.</strong></span> 
     </span>
    </p>
   </div>
   <div class='ocr_carea' id='block_1_3' title="bbox 3259 327 3365 387">
    <p class='ocr_par' dir='ltr' id='par_1_3' title="bbox 3259 327 3365 387">
     <span class='ocr_line' id='line_1_3' title="bbox 3259 327 3365 387; baseline 0 0"><span class='ocrx_word' id='word_1_6' title='bbox 3259 327 3365 387; x_wconf 68' lang='grc' dir='ltr'><strong>πιι</strong></span> 
     </span>
    </p>
   </div>
   <div class='ocr_carea' id='block_1_4' title="bbox 105 446 1697 578">
    <p class='ocr_par' dir='ltr' id='par_1_4' title="bbox 105 446 1687 578">
     <span class='ocr_line' id='line_1_4' title="bbox 105 446 1687 578; baseline -0.023 -19"><span class='ocrx_word' id='word_1_7' title='bbox 105 500 410 578; x_wconf 70' lang='grc' dir='ltr'><strong>προστάξαι</strong></span> <span class='ocrx_word' id='word_1_8' title='bbox 435 495 585 568; x_wconf 79' lang='grc' dir='ltr'>αὐτῷ</span> <span class='ocrx_word' id='word_1_9' title='bbox 617 494 711 548; x_wconf 79' lang='grc' dir='ltr'><strong>τὸν</strong></span> <span class='ocrx_word' id='word_1_10' title='bbox 736 491 837 563; x_wconf 76' lang='grc' dir='ltr'>τῆς</span> <span class='ocrx_word' id='word_1_11' title='bbox 887 446 1513 557; x_wconf 56' lang='grc' dir='ltr'>οἰκουμένηςλεσπότην</span> <span class='ocrx_word' id='word_1_12' title='bbox 1551 474 1687 578; x_wconf 69' lang='grc' dir='ltr'>ἀπο-</span> 
     </span>
    </p>
   </div>
   <div class='ocr_carea' id='block_1_5' title="bbox 1799 446 3368 578">
    <p class='ocr_par' dir='ltr' id='par_1_5' title="bbox 1799 458 3368 578">
     <span class='ocr_line' id='line_1_5' title="bbox 1799 458 3368 534; baseline -0.001 -18"><span class='ocrx_word' id='word_1_13' title='bbox 1799 463 2036 534; x_wconf 78' lang='lat' dir='ltr'><strong>prodigio</strong></span> <span class='ocrx_word' id='word_1_14' title='bbox 2065 463 2343 534; x_wconf 87' lang='lat' dir='ltr'><strong>Moysum,</strong></span> <span class='ocrx_word' id='word_1_15' title='bbox 2373 477 2501 518; x_wconf 90' lang='lat' dir='ltr'><strong>cum</strong></span> <span class='ocrx_word' id='word_1_16' title='bbox 2537 458 2833 517; x_wconf 73' lang='lat' dir='ltr'><strong>exterritus</strong></span> <span class='ocrx_word' id='word_1_17' title='bbox 2857 460 3089 533; x_wconf 79' lang='lat' dir='ltr'><strong>fugeret,</strong></span> <span class='ocrx_word' id='word_1_18' title='bbox 3117 474 3252 516; x_wconf 87' lang='lat' dir='ltr'><strong>voce</strong></span> <span class='ocrx_word' id='word_1_19' title='bbox 3283 460 3368 516; x_wconf 87' lang='lat' dir='ltr'><strong>di-</strong></span> 
     </span>
     <span class='ocr_line' id='line_1_6' title="bbox 1799 553 3362 578; baseline -0.001 0"><span class='ocrx_word' id='word_1_20' title='bbox 1799 555 1991 578; x_wconf 73' lang='grc' dir='ltr'><strong>..ε-ιι.--</strong></span> <span class='ocrx_word' id='word_1_21' title='bbox 2045 555 2286 578; x_wconf 44' lang='grc' dir='ltr'>ευμεν-</span> <span class='ocrx_word' id='word_1_22' title='bbox 2342 554 2675 578; x_wconf 60' lang='grc' dir='ltr'><strong>,ιι-.--εμημ</strong></span> <span class='ocrx_word' id='word_1_23' title='bbox 2712 569 2828 578; x_wconf 63' lang='grc' dir='ltr'><strong>--η</strong></span> <span class='ocrx_word' id='word_1_24' title='bbox 2989 555 3039 578; x_wconf 73' lang='grc' dir='ltr'><strong>ε..</strong></span> <span class='ocrx_word' id='word_1_25' title='bbox 3088 553 3362 578; x_wconf 67' lang='lat' dir='ltr'><strong>m..-.--...</strong></span> 
     </span>
    </p>
   </div>
   <div class='ocr_carea' id='block_1_6' title="bbox 103 565 1688 656">
    <p class='ocr_par' dir='ltr' id='par_1_6' title="bbox 103 565 1688 656">
     <span class='ocr_line' id='line_1_7' title="bbox 103 565 1688 656; baseline -0.021 -6"><span class='ocrx_word' id='word_1_26' title='bbox 103 565 269 650; x_wconf 80' lang='grc' dir='ltr'>λῦσαι</span> <span class='ocrx_word' id='word_1_27' title='bbox 296 565 422 656; x_wconf 77' lang='grc' dir='ltr'>τοὺς</span> <span class='ocrx_word' id='word_1_28' title='bbox 465 565 772 649; x_wconf 78' lang='grc' dir='ltr'>Ἰουδαίους.</span> <span class='ocrx_word' id='word_1_29' title='bbox 804 581 910 637; x_wconf 83' lang='grc' dir='ltr'>Τδν</span> <span class='ocrx_word' id='word_1_30' title='bbox 944 579 1025 644; x_wconf 80' lang='grc' dir='ltr'>δὲ,</span> <span class='ocrx_word' id='word_1_31' title='bbox 1053 575 1377 647; x_wconf 87' lang='grc' dir='ltr'>πυθόμενον,</span> <span class='ocrx_word' id='word_1_32' title='bbox 1402 572 1483 633; x_wconf 88' lang='grc' dir='ltr'><strong>εἰς</strong></span> <span class='ocrx_word' id='word_1_33' title='bbox 1516 565 1688 638; x_wconf 85' lang='grc' dir='ltr'>φυλα-</span> 
     </span>
    </p>
   </div>
   <div class='ocr_carea' id='block_1_7' title="bbox 105 657 1690 758">
    <p class='ocr_par' dir='ltr' id='par_1_7' title="bbox 105 657 1690 758">
     <span class='ocr_line' id='line_1_8' title="bbox 105 657 1690 758; baseline -0.02 -17"><span class='ocrx_word' id='word_1_34' title='bbox 105 686 213 758; x_wconf 82' lang='grc' dir='ltr'>κὴν</span> <span class='ocrx_word' id='word_1_35' title='bbox 260 680 425 739; x_wconf 75' lang='grc' dir='ltr'>αὐτὸν</span> <span class='ocrx_word' id='word_1_36' title='bbox 449 673 749 749; x_wconf 79' lang='grc' dir='ltr'>καθεῖρξαι.</span> <span class='ocrx_word' id='word_1_37' title='bbox 797 670 1012 734; x_wconf 76' lang='grc' dir='ltr'>Νυκτὸς</span> <span class='ocrx_word' id='word_1_38' title='bbox 1058 667 1118 722; x_wconf 85' lang='grc' dir='ltr'>δὲ</span> <span class='ocrx_word' id='word_1_39' title='bbox 1164 660 1557 758; x_wconf 71' lang='grc' dir='ltr'>ἐπιγενομένης</span> <span class='ocrx_word' id='word_1_40' title='bbox 1591 657 1690 758; x_wconf 69' lang='grc' dir='ltr'><strong>τάς</strong></span> 
     </span>
    </p>
   </div>
   <div class='ocr_carea' id='block_1_8' title="bbox 103 749 1688 846">
    <p class='ocr_par' dir='ltr' id='par_1_8' title="bbox 103 749 1688 846">
     <span class='ocr_line' id='line_1_9' title="bbox 103 749 1688 846; baseline -0.019 -15"><span class='ocrx_word' id='word_1_41' title='bbox 103 749 178 831; x_wconf 46' lang='grc' dir='ltr'>τε.</span> <span class='ocrx_word' id='word_1_42' title='bbox 236 773 412 846; x_wconf 85' lang='grc' dir='ltr'>θύρας</span> <span class='ocrx_word' id='word_1_43' title='bbox 484 771 665 832; x_wconf 86' lang='grc' dir='ltr'>πάσας</span> <span class='ocrx_word' id='word_1_44' title='bbox 705 763 1026 836; x_wconf 80' lang='grc' dir='ltr'><strong>αὐτομάτως</strong></span> <span class='ocrx_word' id='word_1_45' title='bbox 1076 757 1390 830; x_wconf 82' lang='grc' dir='ltr'><strong>ἀνοιχθῆναι</strong></span> <span class='ocrx_word' id='word_1_46' title='bbox 1458 751 1554 806; x_wconf 89' lang='grc' dir='ltr'><strong>τοῦ</strong></span> <span class='ocrx_word' id='word_1_47' title='bbox 1599 749 1688 802; x_wconf 88' lang='grc' dir='ltr'>δε-</span> 
     </span>
    </p>
   </div>
   <div class='ocr_carea' id='block_1_9' title="bbox 108 845 1688 941">
    <p class='ocr_par' dir='ltr' id='par_1_9' title="bbox 108 845 1688 941">
     <span class='ocr_line' id='line_1_10' title="bbox 108 845 1688 941; baseline -0.018 -17"><span class='ocrx_word' id='word_1_48' title='bbox 108 865 457 941; x_wconf 76' lang='grc' dir='ltr'>σμωτηρίου,</span> <span class='ocrx_word' id='word_1_49' title='bbox 500 864 595 919; x_wconf 75' lang='grc' dir='ltr'><strong>καὶ</strong></span> <span class='ocrx_word' id='word_1_50' title='bbox 636 860 747 915; x_wconf 72' lang='grc' dir='ltr'><strong>τῶν</strong></span> <span class='ocrx_word' id='word_1_51' title='bbox 788 857 1044 928; x_wconf 86' lang='grc' dir='ltr'>φυλάκων</span> <span class='ocrx_word' id='word_1_52' title='bbox 1081 852 1176 917; x_wconf 84' lang='grc' dir='ltr'><strong>οὒς</strong></span> <span class='ocrx_word' id='word_1_53' title='bbox 1211 851 1309 917; x_wconf 85' lang='grc' dir='ltr'>μὲν</span> <span class='ocrx_word' id='word_1_54' title='bbox 1345 845 1688 914; x_wconf 77' lang='grc' dir='ltr'>τελευτῆσαι,</span> 
     </span>
    </p>
   </div>
   <div class='ocr_carea' id='block_1_10' title="bbox 104 936 1692 1024">
    <p class='ocr_par' dir='ltr' id='par_1_10' title="bbox 104 936 1692 1024">
     <span class='ocr_line' id='line_1_11' title="bbox 104 936 1692 1024; baseline -0.017 -9"><span class='ocrx_word' id='word_1_55' title='bbox 104 936 263 1024; x_wconf 70' lang='grc' dir='ltr'>τινας</span> <span class='ocrx_word' id='word_1_56' title='bbox 416 958 523 1012; x_wconf 82' lang='grc' dir='ltr'>ὑπὸ</span> <span class='ocrx_word' id='word_1_57' title='bbox 576 954 668 1009; x_wconf 84' lang='grc' dir='ltr'><strong>τοῦ</strong></span> <span class='ocrx_word' id='word_1_58' title='bbox 723 952 892 1007; x_wconf 78' lang='grc' dir='ltr'>ὕπνου</span> <span class='ocrx_word' id='word_1_59' title='bbox 934 947 1281 1019; x_wconf 79' lang='grc' dir='ltr'><strong>παρεθῆναι,</strong></span> <span class='ocrx_word' id='word_1_60' title='bbox 1325 940 1397 995; x_wconf 88' lang='grc' dir='ltr'><strong>τά</strong></span> <span class='ocrx_word' id='word_1_61' title='bbox 1443 956 1504 992; x_wconf 89' lang='grc' dir='ltr'><strong>τε</strong></span> <span class='ocrx_word' id='word_1_62' title='bbox 1549 936 1692 991; x_wconf 87' lang='grc' dir='ltr'>ὅπλα</span> 
     </span>
    </p>
   </div>
   <div class='ocr_carea' id='block_1_11' title="bbox 106 1031 1693 1126">
    <p class='ocr_par' dir='ltr' id='par_1_11' title="bbox 106 1031 1693 1126">
     <span class='ocr_line' id='line_1_12' title="bbox 106 1031 1693 1126; baseline -0.018 -15"><span class='ocrx_word' id='word_1_63' title='bbox 106 1054 464 1126; x_wconf 60' lang='grc' dir='ltr'>ητεαγῆναι.</span> <span class='ocrx_word' id='word_1_64' title='bbox 505 1049 821 1116; x_wconf 82' lang='grc' dir='ltr'>Ἐξελθόντα</span> <span class='ocrx_word' id='word_1_65' title='bbox 844 1046 902 1100; x_wconf 86' lang='grc' dir='ltr'>δὲ</span> <span class='ocrx_word' id='word_1_66' title='bbox 925 1044 1017 1098; x_wconf 77' lang='grc' dir='ltr'><strong>τὸν</strong></span> <span class='ocrx_word' id='word_1_67' title='bbox 1042 1041 1294 1105; x_wconf 84' lang='grc' dir='ltr'>Μώῦσον,</span> <span class='ocrx_word' id='word_1_68' title='bbox 1318 1038 1413 1092; x_wconf 68' lang='grc' dir='ltr'><strong>ἐπὶ</strong></span> <span class='ocrx_word' id='word_1_69' title='bbox 1446 1036 1515 1089; x_wconf 84' lang='grc' dir='ltr'><strong>τά</strong></span> <span class='ocrx_word' id='word_1_70' title='bbox 1540 1031 1693 1126; x_wconf 87' lang='grc' dir='ltr'>βασί-</span> 
     </span>
    </p>
   </div>
   <div class='ocr_carea' id='block_1_12' title="bbox 106 1125 1694 1216">
    <p class='ocr_par' dir='ltr' id='par_1_12' title="bbox 106 1125 1694 1216">
     <span class='ocr_line' id='line_1_13' title="bbox 106 1125 1694 1216; baseline -0.016 -13"><span class='ocrx_word' id='word_1_71' title='bbox 106 1149 226 1204; x_wconf 84' lang='grc' dir='ltr'>λεια</span> <span class='ocrx_word' id='word_1_72' title='bbox 251 1147 460 1202; x_wconf 68' lang='grc' dir='ltr'>ἐλθεῖν·</span> <span class='ocrx_word' id='word_1_73' title='bbox 483 1144 712 1216; x_wconf 82' lang='grc' dir='ltr'><strong>εὑρόντα</strong></span> <span class='ocrx_word' id='word_1_74' title='bbox 737 1141 796 1194; x_wconf 81' lang='grc' dir='ltr'>δὲ</span> <span class='ocrx_word' id='word_1_75' title='bbox 818 1138 1170 1210; x_wconf 83' lang='grc' dir='ltr'><strong>ἀνεῳγμένας</strong></span> <span class='ocrx_word' id='word_1_76' title='bbox 1200 1134 1300 1197; x_wconf 86' lang='grc' dir='ltr'>τὰς</span> <span class='ocrx_word' id='word_1_77' title='bbox 1326 1131 1496 1202; x_wconf 82' lang='grc' dir='ltr'><strong>θύρας</strong></span> <span class='ocrx_word' id='word_1_78' title='bbox 1522 1125 1694 1180; x_wconf 88' lang='grc' dir='ltr'>εἰσελ-</span> 
     </span>
    </p>
   </div>
   <div class='ocr_carea' id='block_1_13' title="bbox 112 1220 1694 1308">
    <p class='ocr_par' dir='ltr' id='par_1_13' title="bbox 112 1220 1694 1308">
     <span class='ocr_line' id='line_1_14' title="bbox 112 1220 1694 1308; baseline -0.015 -14"><span class='ocrx_word' id='word_1_79' title='bbox 112 1241 248 1308; x_wconf 84' lang='grc' dir='ltr'>θεῖν,</span> <span class='ocrx_word' id='word_1_80' title='bbox 281 1238 378 1294; x_wconf 79' lang='grc' dir='ltr'>καὶ</span> <span class='ocrx_word' id='word_1_81' title='bbox 411 1237 597 1292; x_wconf 74' lang='grc' dir='ltr'>ἐνθάδε</span> <span class='ocrx_word' id='word_1_82' title='bbox 625 1234 733 1290; x_wconf 90' lang='grc' dir='ltr'><strong>τῶν</strong></span> <span class='ocrx_word' id='word_1_83' title='bbox 762 1232 1015 1304; x_wconf 84' lang='grc' dir='ltr'>φυλάκων</span> <span class='ocrx_word' id='word_1_84' title='bbox 1040 1225 1387 1299; x_wconf 81' lang='grc' dir='ltr'>παρειμένων</span> <span class='ocrx_word' id='word_1_85' title='bbox 1412 1222 1504 1276; x_wconf 81' lang='grc' dir='ltr'><strong>τὸν</strong></span> <span class='ocrx_word' id='word_1_86' title='bbox 1541 1220 1694 1290; x_wconf 89' lang='grc' dir='ltr'>βασι-</span> 
     </span>
    </p>
   </div>
   <div class='ocr_carea' id='block_1_14' title="bbox 108 1313 1690 1405">
    <p class='ocr_par' dir='ltr' id='par_1_14' title="bbox 108 1313 1690 1405">
     <span class='ocr_line' id='line_1_15' title="bbox 108 1313 1690 1405; baseline -0.014 -18"><span class='ocrx_word' id='word_1_87' title='bbox 108 1332 209 1387; x_wconf 83' lang='grc' dir='ltr'><strong>λέα</strong></span> <span class='ocrx_word' id='word_1_88' title='bbox 234 1331 530 1405; x_wconf 76' lang='grc' dir='ltr'><strong>ἐξεγεῖραι.</strong></span> <span class='ocrx_word' id='word_1_89' title='bbox 564 1330 668 1383; x_wconf 82' lang='grc' dir='ltr'>Τὸν</span> <span class='ocrx_word' id='word_1_90' title='bbox 706 1328 784 1393; x_wconf 83' lang='grc' dir='ltr'>δὲ,</span> <span class='ocrx_word' id='word_1_91' title='bbox 818 1324 1162 1393; x_wconf 74' lang='grc' dir='ltr'>ἐκπλαγέντα</span> <span class='ocrx_word' id='word_1_92' title='bbox 1190 1320 1283 1374; x_wconf 71' lang='grc' dir='ltr'>ἐπὶ</span> <span class='ocrx_word' id='word_1_93' title='bbox 1318 1317 1398 1389; x_wconf 82' lang='grc' dir='ltr'><strong>τῷ</strong></span> <span class='ocrx_word' id='word_1_94' title='bbox 1425 1313 1690 1405; x_wconf 73' lang='grc' dir='ltr'>γεγονότι,</span> 
     </span>
    </p>
   </div>
   <div class='ocr_carea' id='block_1_15' title="bbox 107 1403 1693 1494">
    <p class='ocr_par' dir='ltr' id='par_1_15' title="bbox 107 1403 1693 1494">
     <span class='ocr_line' id='line_1_16' title="bbox 107 1403 1693 1494; baseline -0.013 -15"><span class='ocrx_word' id='word_1_95' title='bbox 107 1425 370 1479; x_wconf 81' lang='grc' dir='ltr'>κελεῦσαι</span> <span class='ocrx_word' id='word_1_96' title='bbox 401 1423 479 1494; x_wconf 82' lang='grc' dir='ltr'>τῷ</span> <span class='ocrx_word' id='word_1_97' title='bbox 519 1423 740 1493; x_wconf 79' lang='grc' dir='ltr'>Μωΰσῳ</span> <span class='ocrx_word' id='word_1_98' title='bbox 779 1420 841 1475; x_wconf 81' lang='grc' dir='ltr'>τὸ</span> <span class='ocrx_word' id='word_1_99' title='bbox 868 1418 962 1474; x_wconf 92' lang='grc' dir='ltr'><strong>τοῦ</strong></span> <span class='ocrx_word' id='word_1_100' title='bbox 1001 1415 1317 1488; x_wconf 79' lang='grc' dir='ltr'>πέμψαντος</span> <span class='ocrx_word' id='word_1_101' title='bbox 1354 1409 1515 1464; x_wconf 79' lang='grc' dir='ltr'>αὐτὸν</span> <span class='ocrx_word' id='word_1_102' title='bbox 1556 1403 1693 1461; x_wconf 87' lang='grc' dir='ltr'>Θεοῦ</span> 
     </span>
    </p>
   </div>
   <div class='ocr_carea' id='block_1_16' title="bbox 109 1498 1695 1588">
    <p class='ocr_par' dir='ltr' id='par_1_16' title="bbox 109 1498 1695 1588">
     <span class='ocr_line' id='line_1_17' title="bbox 109 1498 1695 1588; baseline -0.013 -15"><span class='ocrx_word' id='word_1_103' title='bbox 109 1521 284 1572; x_wconf 81' lang='grc' dir='ltr'>εἰπεῖν</span> <span class='ocrx_word' id='word_1_104' title='bbox 319 1518 511 1588; x_wconf 81' lang='grc' dir='ltr'>δνομα,</span> <span class='ocrx_word' id='word_1_105' title='bbox 540 1514 968 1587; x_wconf 87' lang='grc' dir='ltr'>διαχλευάσαντα</span> <span class='ocrx_word' id='word_1_106' title='bbox 989 1510 1172 1564; x_wconf 80' lang='grc' dir='ltr'>αὐτόν.</span> <span class='ocrx_word' id='word_1_107' title='bbox 1203 1506 1309 1560; x_wconf 76' lang='grc' dir='ltr'><strong>Τὸν</strong></span> <span class='ocrx_word' id='word_1_108' title='bbox 1348 1505 1426 1569; x_wconf 78' lang='grc' dir='ltr'>δὲ,</span> <span class='ocrx_word' id='word_1_109' title='bbox 1454 1498 1695 1574; x_wconf 87' lang='grc' dir='ltr'>προσκύ-</span> 
     </span>
    </p>
   </div>
   <div class='ocr_carea' id='block_1_17' title="bbox 105 1595 1693 1682">
    <p class='ocr_par' dir='ltr' id='par_1_17' title="bbox 105 1595 1693 1682">
     <span class='ocr_line' id='line_1_18' title="bbox 105 1595 1693 1682; baseline -0.011 -16"><span class='ocrx_word' id='word_1_110' title='bbox 105 1613 289 1682; x_wconf 75' lang='grc' dir='ltr'>ψαντα</span> <span class='ocrx_word' id='word_1_111' title='bbox 309 1611 444 1682; x_wconf 80' lang='grc' dir='ltr'>πρὸς</span> <span class='ocrx_word' id='word_1_112' title='bbox 466 1609 530 1662; x_wconf 84' lang='grc' dir='ltr'>τὸ</span> <span class='ocrx_word' id='word_1_113' title='bbox 548 1604 661 1672; x_wconf 82' lang='grc' dir='ltr'>οῦς,</span> <span class='ocrx_word' id='word_1_114' title='bbox 685 1606 881 1660; x_wconf 85' lang='grc' dir='ltr'>εἰπεῖν.</span> <span class='ocrx_word' id='word_1_115' title='bbox 900 1603 1232 1658; x_wconf 81' lang='grc' dir='ltr'>Ἀκούσαντα</span> <span class='ocrx_word' id='word_1_116' title='bbox 1254 1599 1310 1653; x_wconf 86' lang='grc' dir='ltr'>δὲ</span> <span class='ocrx_word' id='word_1_117' title='bbox 1333 1597 1424 1651; x_wconf 83' lang='grc' dir='ltr'><strong>τὸν</strong></span> <span class='ocrx_word' id='word_1_118' title='bbox 1449 1595 1693 1668; x_wconf 82' lang='grc' dir='ltr'>βασιλέα,</span> 
     </span>
    </p>
   </div>
   <div class='ocr_carea' id='block_1_18' title="bbox 108 1690 1693 1772">
    <p class='ocr_par' dir='ltr' id='par_1_18' title="bbox 108 1690 1693 1772">
     <span class='ocr_line' id='line_1_19' title="bbox 108 1690 1693 1772; baseline -0.011 -13"><span class='ocrx_word' id='word_1_119' title='bbox 108 1706 301 1759; x_wconf 60' lang='grc' dir='ltr'>πσεῖν</span> <span class='ocrx_word' id='word_1_120' title='bbox 332 1703 579 1771; x_wconf 59' lang='grc' dir='ltr'>ἄφωνον</span> <span class='ocrx_word' id='word_1_121' title='bbox 622 1698 1054 1772; x_wconf 86' lang='grc' dir='ltr'>διακρατηθέντα</span> <span class='ocrx_word' id='word_1_122' title='bbox 1089 1696 1147 1750; x_wconf 83' lang='grc' dir='ltr'>δὲ</span> <span class='ocrx_word' id='word_1_123' title='bbox 1179 1693 1283 1748; x_wconf 78' lang='grc' dir='ltr'><strong>ὑπὸ</strong></span> <span class='ocrx_word' id='word_1_124' title='bbox 1310 1691 1403 1745; x_wconf 89' lang='grc' dir='ltr'><strong>τοῦ</strong></span> <span class='ocrx_word' id='word_1_125' title='bbox 1433 1690 1693 1754; x_wconf 84' lang='grc' dir='ltr'>Μωΰσου,</span> 
     </span>
    </p>
   </div>
   <div class='ocr_carea' id='block_1_19' title="bbox 107 1784 1769 1873">
    <p class='ocr_par' dir='ltr' id='par_1_19' title="bbox 107 1784 1769 1873">
     <span class='ocr_line' id='line_1_20' title="bbox 107 1784 1769 1873; baseline -0.01 -22"><span class='ocrx_word' id='word_1_126' title='bbox 107 1797 277 1852; x_wconf 87' lang='grc' dir='ltr'>πάλιν</span> <span class='ocrx_word' id='word_1_127' title='bbox 313 1795 637 1851; x_wconf 85' lang='grc' dir='ltr'>ἀναϐιῶσαι.</span> <span class='ocrx_word' id='word_1_128' title='bbox 664 1793 959 1866; x_wconf 74' lang='grc' dir='ltr'>Γράψαντα</span> <span class='ocrx_word' id='word_1_129' title='bbox 1001 1791 1059 1845; x_wconf 85' lang='grc' dir='ltr'>δὲ</span> <span class='ocrx_word' id='word_1_130' title='bbox 1095 1788 1333 1858; x_wconf 80' lang='grc' dir='ltr'>τούνομα</span> <span class='ocrx_word' id='word_1_131' title='bbox 1371 1786 1456 1848; x_wconf 85' lang='grc' dir='ltr'><strong>εἰς</strong></span> <span class='ocrx_word' id='word_1_132' title='bbox 1485 1784 1694 1848; x_wconf 80' lang='grc' dir='ltr'>δέλτον,</span> <span class='ocrx_word' id='word_1_133' title='bbox 1727 1817 1769 1873; x_wconf 73' lang='grc' dir='ltr'><strong><em>Β</em></strong></span> 
     </span>
    </p>
   </div>
   <div class='ocr_carea' id='block_1_20' title="bbox 106 1878 1696 1961">
    <p class='ocr_par' dir='ltr' id='par_1_20' title="bbox 106 1878 1696 1961">
     <span class='ocr_line' id='line_1_21' title="bbox 106 1878 1696 1961; baseline -0.009 -15"><span class='ocrx_word' id='word_1_134' title='bbox 106 1885 693 1961; x_wconf 78' lang='grc' dir='ltr'>κατασφράγὶσασθαιο</span> <span class='ocrx_word' id='word_1_135' title='bbox 721 1887 831 1941; x_wconf 87' lang='grc' dir='ltr'><strong>τῶν</strong></span> <span class='ocrx_word' id='word_1_136' title='bbox 857 1886 915 1939; x_wconf 83' lang='grc' dir='ltr'>δὲ</span> <span class='ocrx_word' id='word_1_137' title='bbox 955 1886 1148 1957; x_wconf 78' lang='grc' dir='ltr'>ἱερέων</span> <span class='ocrx_word' id='word_1_138' title='bbox 1175 1883 1267 1937; x_wconf 81' lang='grc' dir='ltr'>τὸν</span> <span class='ocrx_word' id='word_1_139' title='bbox 1294 1878 1696 1951; x_wconf 79' lang='grc' dir='ltr'>ὲκφαυλίσαντα</span> 
     </span>
    </p>
   </div>
   <div class='ocr_carea' id='block_1_21' title="bbox 106 1970 1696 2054">
    <p class='ocr_par' dir='ltr' id='par_1_21' title="bbox 106 1970 1696 2054">
     <span class='ocr_line' id='line_1_22' title="bbox 106 1970 1696 2054; baseline -0.011 -13"><span class='ocrx_word' id='word_1_140' title='bbox 106 1986 177 2041; x_wconf 79' lang='grc' dir='ltr'>τὰ</span> <span class='ocrx_word' id='word_1_141' title='bbox 207 1985 270 2038; x_wconf 80' lang='grc' dir='ltr'>ὲν</span> <span class='ocrx_word' id='word_1_142' title='bbox 313 1985 381 2054; x_wconf 80' lang='grc' dir='ltr'>τῇ</span> <span class='ocrx_word' id='word_1_143' title='bbox 414 1981 655 2036; x_wconf 86' lang='grc' dir='ltr'>πινακίδι</span> <span class='ocrx_word' id='word_1_144' title='bbox 696 1978 1077 2053; x_wconf 84' lang='grc' dir='ltr'>γεγραμμένα,</span> <span class='ocrx_word' id='word_1_145' title='bbox 1111 1976 1251 2048; x_wconf 85' lang='grc' dir='ltr'>μετὰ</span> <span class='ocrx_word' id='word_1_146' title='bbox 1305 1971 1555 2045; x_wconf 79' lang='grc' dir='ltr'>σπασμοῦ</span> <span class='ocrx_word' id='word_1_147' title='bbox 1606 1970 1696 2025; x_wconf 87' lang='grc' dir='ltr'><strong>τὸν</strong></span> 
     </span>
    </p>
   </div>
   <div class='ocr_carea' id='block_1_22' title="bbox 110 2067 1695 2148">
    <p class='ocr_par' dir='ltr' id='par_1_22' title="bbox 110 2067 1695 2148">
     <span class='ocr_line' id='line_1_23' title="bbox 110 2067 1695 2148; baseline -0.008 -16"><span class='ocrx_word' id='word_1_148' title='bbox 110 2079 225 2148; x_wconf 71' lang='grc' dir='ltr'>βίον</span> <span class='ocrx_word' id='word_1_149' title='bbox 254 2076 648 2146; x_wconf 72' lang='grc' dir='ltr'>ὲκλιμπάνεινο</span> <span class='ocrx_word' id='word_1_150' title='bbox 678 2076 853 2128; x_wconf 81' lang='grc' dir='ltr'>εἰπεῖν</span> <span class='ocrx_word' id='word_1_151' title='bbox 892 2089 952 2126; x_wconf 90' lang='grc' dir='ltr'><strong>τε</strong></span> <span class='ocrx_word' id='word_1_152' title='bbox 999 2073 1091 2126; x_wconf 83' lang='grc' dir='ltr'><strong>τὸν</strong></span> <span class='ocrx_word' id='word_1_153' title='bbox 1132 2069 1358 2142; x_wconf 85' lang='grc' dir='ltr'>βασιλέα</span> <span class='ocrx_word' id='word_1_154' title='bbox 1388 2067 1613 2139; x_wconf 87' lang='grc' dir='ltr'>σημεῖόν</span> <span class='ocrx_word' id='word_1_155' title='bbox 1640 2082 1695 2119; x_wconf 90' lang='grc' dir='ltr'><strong>τι</strong></span> 
     </span>
    </p>
   </div>
   <div class='ocr_carea' id='block_1_23' title="bbox 107 2158 1698 2239">
    <p class='ocr_par' dir='ltr' id='par_1_23' title="bbox 107 2158 1698 2239">
     <span class='ocr_line' id='line_1_24' title="bbox 107 2158 1698 2239; baseline -0.008 -17"><span class='ocrx_word' id='word_1_156' title='bbox 107 2166 260 2239; x_wconf 86' lang='grc' dir='ltr'>αύτῷ</span> <span class='ocrx_word' id='word_1_157' title='bbox 289 2166 538 2237; x_wconf 81' lang='grc' dir='ltr'>ποιῆσαι.</span> <span class='ocrx_word' id='word_1_158' title='bbox 570 2165 675 2219; x_wconf 80' lang='grc' dir='ltr'>Τὸν</span> <span class='ocrx_word' id='word_1_159' title='bbox 701 2164 758 2218; x_wconf 82' lang='grc' dir='ltr'>δὲ</span> <span class='ocrx_word' id='word_1_160' title='bbox 786 2165 1041 2227; x_wconf 84' lang='grc' dir='ltr'>Μώῦσον,</span> <span class='ocrx_word' id='word_1_161' title='bbox 1076 2163 1142 2234; x_wconf 72' lang='grc' dir='ltr'>ἢν</span> <span class='ocrx_word' id='word_1_162' title='bbox 1172 2158 1284 2233; x_wconf 78' lang='grc' dir='ltr'>εἷχε</span> <span class='ocrx_word' id='word_1_163' title='bbox 1313 2160 1506 2232; x_wconf 88' lang='grc' dir='ltr'>ῥάϐδον</span> <span class='ocrx_word' id='word_1_164' title='bbox 1534 2158 1698 2212; x_wconf 79' lang='grc' dir='ltr'>ἐκϐα-</span> 
     </span>
    </p>
   </div>
   <div class='ocr_carea' id='block_1_24' title="bbox 107 2250 1697 2331">
    <p class='ocr_par' dir='ltr' id='par_1_24' title="bbox 107 2250 1697 2331">
     <span class='ocr_line' id='line_1_25' title="bbox 107 2250 1697 2331; baseline -0.009 -14"><span class='ocrx_word' id='word_1_165' title='bbox 107 2262 292 2328; x_wconf 82' lang='grc' dir='ltr'>λόντα,</span> <span class='ocrx_word' id='word_1_166' title='bbox 325 2261 451 2331; x_wconf 74' lang='grc' dir='ltr'>ὅφιν</span> <span class='ocrx_word' id='word_1_167' title='bbox 487 2259 710 2329; x_wconf 81' lang='grc' dir='ltr'>ποιῆσαι</span> <span class='ocrx_word' id='word_1_168' title='bbox 729 2275 745 2289; x_wconf 74' lang='grc' dir='ltr'><strong>ο</strong></span> <span class='ocrx_word' id='word_1_169' title='bbox 780 2256 1122 2329; x_wconf 87' lang='grc' dir='ltr'>πτοηθέντων</span> <span class='ocrx_word' id='word_1_170' title='bbox 1151 2253 1209 2308; x_wconf 82' lang='grc' dir='ltr'>δὲ</span> <span class='ocrx_word' id='word_1_171' title='bbox 1246 2253 1484 2315; x_wconf 91' lang='grc' dir='ltr'>πάντων,</span> <span class='ocrx_word' id='word_1_172' title='bbox 1511 2250 1697 2304; x_wconf 79' lang='grc' dir='ltr'>ἐπιλα-</span> 
     </span>
    </p>
   </div>
   <div class='ocr_carea' id='block_1_25' title="bbox 109 2341 1698 2425">
    <p class='ocr_par' dir='ltr' id='par_1_25' title="bbox 109 2341 1698 2425">
     <span class='ocr_line' id='line_1_26' title="bbox 109 2341 1698 2425; baseline -0.008 -17"><span class='ocrx_word' id='word_1_173' title='bbox 109 2352 343 2425; x_wconf 80' lang='grc' dir='ltr'>ϐόμενον</span> <span class='ocrx_word' id='word_1_174' title='bbox 374 2352 476 2423; x_wconf 80' lang='grc' dir='ltr'>τῆς</span> <span class='ocrx_word' id='word_1_175' title='bbox 495 2352 662 2423; x_wconf 78' lang='grc' dir='ltr'>οὐρᾶς</span> <span class='ocrx_word' id='word_1_176' title='bbox 684 2347 991 2414; x_wconf 85' lang='grc' dir='ltr'>ἀνελέσθαι,</span> <span class='ocrx_word' id='word_1_177' title='bbox 1016 2347 1110 2401; x_wconf 73' lang='grc' dir='ltr'><strong>καὶ</strong></span> <span class='ocrx_word' id='word_1_178' title='bbox 1131 2345 1292 2399; x_wconf 85' lang='grc' dir='ltr'>πάλιν</span> <span class='ocrx_word' id='word_1_179' title='bbox 1318 2342 1511 2416; x_wconf 89' lang='grc' dir='ltr'>ῥάϐδον</span> <span class='ocrx_word' id='word_1_180' title='bbox 1541 2341 1698 2412; x_wconf 82' lang='grc' dir='ltr'>ποιῆ-</span> 
     </span>
    </p>
   </div>
   <div class='ocr_carea' id='block_1_26' title="bbox 110 2435 1697 2516">
    <p class='ocr_par' dir='ltr' id='par_1_26' title="bbox 110 2435 1697 2516">
     <span class='ocr_line' id='line_1_27' title="bbox 110 2435 1697 2516; baseline -0.008 -16"><span class='ocrx_word' id='word_1_181' title='bbox 110 2462 225 2500; x_wconf 86' lang='grc' dir='ltr'>σαι.</span> <span class='ocrx_word' id='word_1_182' title='bbox 245 2443 591 2516; x_wconf 85' lang='grc' dir='ltr'>Προελθόντα</span> <span class='ocrx_word' id='word_1_183' title='bbox 625 2444 682 2498; x_wconf 78' lang='grc' dir='ltr'>δὲ</span> <span class='ocrx_word' id='word_1_184' title='bbox 711 2441 930 2515; x_wconf 84' lang='grc' dir='ltr'>μικρὸν,</span> <span class='ocrx_word' id='word_1_185' title='bbox 955 2438 1048 2493; x_wconf 83' lang='grc' dir='ltr'><strong>τὸν</strong></span> <span class='ocrx_word' id='word_1_186' title='bbox 1072 2437 1263 2491; x_wconf 75' lang='grc' dir='ltr'>Νεῖλον</span> <span class='ocrx_word' id='word_1_187' title='bbox 1292 2438 1359 2507; x_wconf 79' lang='grc' dir='ltr'>τῇ</span> <span class='ocrx_word' id='word_1_188' title='bbox 1390 2435 1571 2508; x_wconf 88' lang='grc' dir='ltr'>ῥάϐδῳ</span> <span class='ocrx_word' id='word_1_189' title='bbox 1593 2452 1697 2489; x_wconf 85' lang='grc' dir='ltr'>πα-</span> 
     </span>
    </p>
   </div>
   <div class='ocr_carea' id='block_1_27' title="bbox 107 2528 1699 2605">
    <p class='ocr_par' dir='ltr' id='par_1_27' title="bbox 107 2528 1699 2605">
     <span class='ocr_line' id='line_1_28' title="bbox 107 2528 1699 2605; baseline -0.009 -14"><span class='ocrx_word' id='word_1_190' title='bbox 107 2536 309 2602; x_wconf 81' lang='grc' dir='ltr'>τάξαι’</span> <span class='ocrx_word' id='word_1_191' title='bbox 355 2536 445 2589; x_wconf 86' lang='grc' dir='ltr'><strong>τὸν</strong></span> <span class='ocrx_word' id='word_1_192' title='bbox 487 2535 544 2589; x_wconf 85' lang='grc' dir='ltr'>δὲ</span> <span class='ocrx_word' id='word_1_193' title='bbox 592 2532 856 2605; x_wconf 73' lang='grc' dir='ltr'>ποταμὸν,</span> <span class='ocrx_word' id='word_1_194' title='bbox 890 2531 1157 2601; x_wconf 85' lang='grc' dir='ltr'>πολύχουν</span> <span class='ocrx_word' id='word_1_195' title='bbox 1183 2528 1496 2598; x_wconf 85' lang='grc' dir='ltr'>γενόμενον,</span> <span class='ocrx_word' id='word_1_196' title='bbox 1528 2542 1699 2580; x_wconf 87' lang='grc' dir='ltr'>κατα-</span> 
     </span>
    </p>
   </div>
   <div class='ocr_carea' id='block_1_28' title="bbox 110 2619 1697 2698">
    <p class='ocr_par' dir='ltr' id='par_1_28' title="bbox 110 2619 1697 2698">
     <span class='ocr_line' id='line_1_29' title="bbox 110 2619 1697 2698; baseline -0.007 -15"><span class='ocrx_word' id='word_1_197' title='bbox 110 2628 337 2692; x_wconf 76' lang='grc' dir='ltr'>κλύζειν</span> <span class='ocrx_word' id='word_1_198' title='bbox 368 2627 498 2698; x_wconf 87' lang='grc' dir='ltr'>ὅλην</span> <span class='ocrx_word' id='word_1_199' title='bbox 522 2625 620 2698; x_wconf 82' lang='grc' dir='ltr'>τὴν</span> <span class='ocrx_word' id='word_1_200' title='bbox 643 2624 934 2693; x_wconf 77' lang='grc' dir='ltr'>Αἴγυπτον.</span> <span class='ocrx_word' id='word_1_201' title='bbox 953 2621 1085 2677; x_wconf 77' lang='grc' dir='ltr'><strong>Ἀπὸ</strong></span> <span class='ocrx_word' id='word_1_202' title='bbox 1117 2621 1236 2677; x_wconf 88' lang='grc' dir='ltr'>τότε</span> <span class='ocrx_word' id='word_1_203' title='bbox 1263 2621 1321 2674; x_wconf 83' lang='grc' dir='ltr'>δὲ</span> <span class='ocrx_word' id='word_1_204' title='bbox 1353 2621 1447 2674; x_wconf 77' lang='grc' dir='ltr'><strong>καὶ</strong></span> <span class='ocrx_word' id='word_1_205' title='bbox 1474 2619 1572 2691; x_wconf 85' lang='grc' dir='ltr'><strong>τὴν</strong></span> <span class='ocrx_word' id='word_1_206' title='bbox 1599 2637 1697 2673; x_wconf 88' lang='grc' dir='ltr'>κα-</span> 
     </span>
    </p>
   </div>
   <div class='ocr_carea' id='block_1_29' title="bbox 107 2711 1693 2788">
    <p class='ocr_par' dir='ltr' id='par_1_29' title="bbox 107 2711 1693 2788">
     <span class='ocr_line' id='line_1_30' title="bbox 107 2711 1693 2788; baseline -0.006 -14"><span class='ocrx_word' id='word_1_207' title='bbox 107 2721 348 2777; x_wconf 81' lang='grc' dir='ltr'>τάϐασιν</span> <span class='ocrx_word' id='word_1_208' title='bbox 372 2718 538 2774; x_wconf 76' lang='grc' dir='ltr'>αὐτοῦ</span> <span class='ocrx_word' id='word_1_209' title='bbox 573 2716 833 2788; x_wconf 83' lang='grc' dir='ltr'>γίνεσθαι.</span> <span class='ocrx_word' id='word_1_210' title='bbox 867 2713 1174 2784; x_wconf 84' lang='grc' dir='ltr'>Συναγαγὸν</span> <span class='ocrx_word' id='word_1_211' title='bbox 1204 2713 1262 2767; x_wconf 80' lang='grc' dir='ltr'><strong>δὲ</strong></span> <span class='ocrx_word' id='word_1_212' title='bbox 1287 2712 1349 2767; x_wconf 84' lang='grc' dir='ltr'>τὸ</span> <span class='ocrx_word' id='word_1_213' title='bbox 1377 2711 1524 2782; x_wconf 74' lang='grc' dir='ltr'>ὕδωρ</span> <span class='ocrx_word' id='word_1_214' title='bbox 1554 2712 1693 2765; x_wconf 85' lang='grc' dir='ltr'>ἀπο-</span> 
     </span>
    </p>
   </div>
   <div class='ocr_carea' id='block_1_30' title="bbox 109 2803 1697 2882">
    <p class='ocr_par' dir='ltr' id='par_1_30' title="bbox 109 2803 1697 2882">
     <span class='ocr_line' id='line_1_31' title="bbox 109 2803 1697 2882; baseline -0.006 -15"><span class='ocrx_word' id='word_1_215' title='bbox 109 2814 291 2880; x_wconf 84' lang='grc' dir='ltr'>ζέσαι,</span> <span class='ocrx_word' id='word_1_216' title='bbox 322 2814 420 2866; x_wconf 70' lang='grc' dir='ltr'>καὶ</span> <span class='ocrx_word' id='word_1_217' title='bbox 448 2812 517 2865; x_wconf 81' lang='grc' dir='ltr'>τὰ</span> <span class='ocrx_word' id='word_1_218' title='bbox 548 2812 786 2882; x_wconf 86' lang='grc' dir='ltr'>ποτάμια</span> <span class='ocrx_word' id='word_1_219' title='bbox 810 2807 1118 2881; x_wconf 76' lang='grc' dir='ltr'>διαφθεῖραι</span> <span class='ocrx_word' id='word_1_220' title='bbox 1145 2806 1279 2872; x_wconf 81' lang='grc' dir='ltr'>ζῶα,</span> <span class='ocrx_word' id='word_1_221' title='bbox 1304 2805 1431 2869; x_wconf 87' lang='grc' dir='ltr'>τούς</span> <span class='ocrx_word' id='word_1_222' title='bbox 1454 2821 1514 2858; x_wconf 82' lang='grc' dir='ltr'><strong>τε</strong></span> <span class='ocrx_word' id='word_1_223' title='bbox 1535 2803 1697 2867; x_wconf 83' lang='grc' dir='ltr'>λαοὺς</span> 
     </span>
    </p>
   </div>
   <div class='ocr_carea' id='block_1_31' title="bbox 1789 553 3367 627">
    <p class='ocr_par' dir='ltr' id='par_1_31' title="bbox 1789 553 3367 627">
     <span class='ocr_line' id='line_1_32' title="bbox 1789 553 3367 627; baseline 0.001 -19"><span class='ocrx_word' id='word_1_224' title='bbox 1789 555 1994 610; x_wconf 90' lang='lat' dir='ltr'><strong>vinitus</strong></span> <span class='ocrx_word' id='word_1_225' title='bbox 2045 555 2291 611; x_wconf 90' lang='lat' dir='ltr'><strong>immissa</strong></span> <span class='ocrx_word' id='word_1_226' title='bbox 2340 554 2678 611; x_wconf 88' lang='lat' dir='ltr'><strong>admonitum</strong></span> <span class='ocrx_word' id='word_1_227' title='bbox 2708 569 2852 621; x_wconf 88' lang='lat' dir='ltr'><strong>esse,</strong></span> <span class='ocrx_word' id='word_1_228' title='bbox 2888 562 2950 609; x_wconf 93' lang='lat' dir='ltr'><strong>ut</strong></span> <span class='ocrx_word' id='word_1_229' title='bbox 2987 555 3044 610; x_wconf 90' lang='lat' dir='ltr'><strong>in</strong></span> <span class='ocrx_word' id='word_1_230' title='bbox 3069 553 3367 627; x_wconf 64' lang='lat' dir='ltr'><strong>Egyptum</strong></span> 
     </span>
    </p>
   </div>
   <div class='ocr_carea' id='block_1_32' title="bbox 1789 643 3367 716">
    <p class='ocr_par' dir='ltr' id='par_1_32' title="bbox 1789 643 3367 716">
     <span class='ocr_line' id='line_1_33' title="bbox 1789 643 3367 716; baseline -0.002 -16"><span class='ocrx_word' id='word_1_231' title='bbox 1789 646 2130 716; x_wconf 77' lang='lat' dir='ltr'><strong>expeditione</strong></span> <span class='ocrx_word' id='word_1_232' title='bbox 2154 653 2429 716; x_wconf 88' lang='lat' dir='ltr'><strong>suscepta,</strong></span> <span class='ocrx_word' id='word_1_233' title='bbox 2454 643 2673 700; x_wconf 69' lang='lat' dir='ltr'><strong>Judaeos</strong></span> <span class='ocrx_word' id='word_1_234' title='bbox 2700 643 2979 711; x_wconf 81' lang='lat' dir='ltr'><strong>liberaret,</strong></span> <span class='ocrx_word' id='word_1_235' title='bbox 2997 659 3064 699; x_wconf 91' lang='lat' dir='ltr'><strong>ac</strong></span> <span class='ocrx_word' id='word_1_236' title='bbox 3079 644 3367 714; x_wconf 78' lang='lat' dir='ltr'><strong>pristinam</strong></span> 
     </span>
    </p>
   </div>
   <div class='ocr_carea' id='block_1_33' title="bbox 1790 736 3370 810">
    <p class='ocr_par' dir='ltr' id='par_1_33' title="bbox 1790 736 3370 810">
     <span class='ocr_line' id='line_1_34' title="bbox 1790 736 3370 810; baseline -0.001 -15"><span class='ocrx_word' id='word_1_237' title='bbox 1790 740 1847 795; x_wconf 89' lang='lat' dir='ltr'><strong>in</strong></span> <span class='ocrx_word' id='word_1_238' title='bbox 1873 741 2106 810; x_wconf 89' lang='lat' dir='ltr'><strong>patriam</strong></span> <span class='ocrx_word' id='word_1_239' title='bbox 2138 740 2433 810; x_wconf 84' lang='lat' dir='ltr'><strong>aliquando</strong></span> <span class='ocrx_word' id='word_1_240' title='bbox 2457 740 2759 796; x_wconf 90' lang='lat' dir='ltr'><strong>reduceret.</strong></span> <span class='ocrx_word' id='word_1_241' title='bbox 2802 736 2991 809; x_wconf 82' lang='lat' dir='ltr'><strong>Itaque</strong></span> <span class='ocrx_word' id='word_1_242' title='bbox 3046 739 3370 795; x_wconf 81' lang='lat' dir='ltr'><strong>conﬁrmato</strong></span> 
     </span>
    </p>
   </div>
   <div class='ocr_carea' id='block_1_34' title="bbox 1791 833 3369 907">
    <p class='ocr_par' dir='ltr' id='par_1_34' title="bbox 1791 833 3369 907">
     <span class='ocr_line' id='line_1_35' title="bbox 1791 833 3369 907; baseline -0.001 -19"><span class='ocrx_word' id='word_1_243' title='bbox 1791 833 1977 889; x_wconf 91' lang='lat' dir='ltr'><strong>animo</strong></span> <span class='ocrx_word' id='word_1_244' title='bbox 1992 834 2194 890; x_wconf 90' lang='lat' dir='ltr'><strong>bellum</strong></span> <span class='ocrx_word' id='word_1_245' title='bbox 2225 833 2496 907; x_wconf 68' lang='lat' dir='ltr'><strong>Egyptiis</strong></span> <span class='ocrx_word' id='word_1_246' title='bbox 2522 833 2726 890; x_wconf 83' lang='lat' dir='ltr'><strong>inferre</strong></span> <span class='ocrx_word' id='word_1_247' title='bbox 2750 834 3030 899; x_wconf 88' lang='lat' dir='ltr'><strong>statuisse,</strong></span> <span class='ocrx_word' id='word_1_248' title='bbox 3058 833 3139 888; x_wconf 92' lang='lat' dir='ltr'><strong>sic</strong></span> <span class='ocrx_word' id='word_1_249' title='bbox 3163 842 3369 898; x_wconf 91' lang='lat' dir='ltr'><strong>tamen,</strong></span> 
     </span>
    </p>
   </div>
   <div class='ocr_carea' id='block_1_35' title="bbox 1793 924 3371 994">
    <p class='ocr_par' dir='ltr' id='par_1_35' title="bbox 1793 924 3371 994">
     <span class='ocr_line' id='line_1_36' title="bbox 1793 924 3371 994; baseline 0.002 -16"><span class='ocrx_word' id='word_1_250' title='bbox 1793 933 1853 979; x_wconf 92' lang='lat' dir='ltr'><strong>ut</strong></span> <span class='ocrx_word' id='word_1_251' title='bbox 1890 925 2164 980; x_wconf 84' lang='lat' dir='ltr'><strong>Aaronem</strong></span> <span class='ocrx_word' id='word_1_252' title='bbox 2202 925 2424 980; x_wconf 79' lang='lat' dir='ltr'><strong>fratrem</strong></span> <span class='ocrx_word' id='word_1_253' title='bbox 2456 934 2584 980; x_wconf 84' lang='lat' dir='ltr'><strong>ante</strong></span> <span class='ocrx_word' id='word_1_254' title='bbox 2614 925 2799 980; x_wconf 90' lang='lat' dir='ltr'><strong>omnia</strong></span> <span class='ocrx_word' id='word_1_255' title='bbox 2829 925 3168 981; x_wconf 89' lang='lat' dir='ltr'><strong>conveniret.</strong></span> <span class='ocrx_word' id='word_1_256' title='bbox 3198 924 3371 994; x_wconf 82' lang='lat' dir='ltr'><strong>Cujus</strong></span> 
     </span>
    </p>
   </div>
   <div class='ocr_carea' id='block_1_36' title="bbox 1793 1016 3371 1089">
    <p class='ocr_par' dir='ltr' id='par_1_36' title="bbox 1793 1016 3371 1089">
     <span class='ocr_line' id='line_1_37' title="bbox 1793 1016 3371 1089; baseline -0.001 -18"><span class='ocrx_word' id='word_1_257' title='bbox 1793 1018 2027 1073; x_wconf 87' lang='lat' dir='ltr'><strong>adventu</strong></span> <span class='ocrx_word' id='word_1_258' title='bbox 2060 1016 2347 1084; x_wconf 87' lang='lat' dir='ltr'><strong>nuntiato,</strong></span> <span class='ocrx_word' id='word_1_259' title='bbox 2380 1016 2698 1089; x_wconf 66' lang='lat' dir='ltr'><strong>Egyptium</strong></span> <span class='ocrx_word' id='word_1_260' title='bbox 2747 1032 2929 1089; x_wconf 79' lang='lat' dir='ltr'><strong>regem</strong></span> <span class='ocrx_word' id='word_1_261' title='bbox 2978 1032 3046 1072; x_wconf 79' lang='lat' dir='ltr'><strong>ex</strong></span> <span class='ocrx_word' id='word_1_262' title='bbox 3088 1031 3174 1083; x_wconf 90' lang='lat' dir='ltr'><strong>eo,</strong></span> <span class='ocrx_word' id='word_1_263' title='bbox 3205 1032 3371 1087; x_wconf 88' lang='lat' dir='ltr'><strong>quem</strong></span> 
     </span>
    </p>
   </div>
   <div class='ocr_carea' id='block_1_37' title="bbox 1793 1110 3370 1181">
    <p class='ocr_par' dir='ltr' id='par_1_37' title="bbox 1793 1110 3370 1181">
     <span class='ocr_line' id='line_1_38' title="bbox 1793 1110 3370 1181; baseline -0.003 -14"><span class='ocrx_word' id='word_1_264' title='bbox 1793 1113 1861 1167; x_wconf 91' lang='lat' dir='ltr'><strong>ad</strong></span> <span class='ocrx_word' id='word_1_265' title='bbox 1911 1126 2033 1167; x_wconf 89' lang='lat' dir='ltr'><strong>sese</strong></span> <span class='ocrx_word' id='word_1_266' title='bbox 2074 1110 2361 1166; x_wconf 79' lang='lat' dir='ltr'><strong>confestim</strong></span> <span class='ocrx_word' id='word_1_267' title='bbox 2395 1118 2737 1178; x_wconf 76' lang='lat' dir='ltr'><strong>evocaverat,</strong></span> <span class='ocrx_word' id='word_1_268' title='bbox 2770 1110 3074 1181; x_wconf 66' lang='lat' dir='ltr'><strong>quaesiisse,</strong></span> <span class='ocrx_word' id='word_1_269' title='bbox 3104 1124 3370 1180; x_wconf 86' lang='lat' dir='ltr'><strong>quorsum</strong></span> 
     </span>
    </p>
   </div>
   <div class='ocr_carea' id='block_1_38' title="bbox 1794 1202 3375 1274">
    <p class='ocr_par' dir='ltr' id='par_1_38' title="bbox 1794 1202 3375 1274">
     <span class='ocr_line' id='line_1_39' title="bbox 1794 1202 3375 1274; baseline -0.001 -17"><span class='ocrx_word' id='word_1_270' title='bbox 1794 1203 1923 1259; x_wconf 88' lang='lat' dir='ltr'><strong>illuc</strong></span> <span class='ocrx_word' id='word_1_271' title='bbox 1952 1203 2191 1259; x_wconf 84' lang='lat' dir='ltr'><strong>venisset</strong></span> <span class='ocrx_word' id='word_1_272' title='bbox 2225 1220 2240 1257; x_wconf 90' lang='lat'><strong>:</strong></span> <span class='ocrx_word' id='word_1_273' title='bbox 2277 1202 2455 1274; x_wconf 89' lang='lat' dir='ltr'><strong>ipsum</strong></span> <span class='ocrx_word' id='word_1_274' title='bbox 2486 1213 2692 1269; x_wconf 88' lang='lat' dir='ltr'><strong>autem,</strong></span> <span class='ocrx_word' id='word_1_275' title='bbox 2726 1203 2877 1260; x_wconf 86' lang='lat' dir='ltr'><strong>orbis</strong></span> <span class='ocrx_word' id='word_1_276' title='bbox 2913 1203 3156 1259; x_wconf 86' lang='lat' dir='ltr'><strong>universi</strong></span> <span class='ocrx_word' id='word_1_277' title='bbox 3186 1203 3375 1258; x_wconf 86' lang='lat' dir='ltr'><strong>mode-</strong></span> 
     </span>
    </p>
   </div>
   <div class='ocr_carea' id='block_1_39' title="bbox 1792 1293 3373 1368">
    <p class='ocr_par' dir='ltr' id='par_1_39' title="bbox 1792 1293 3373 1368">
     <span class='ocr_line' id='line_1_40' title="bbox 1792 1293 3373 1368; baseline 0 -18"><span class='ocrx_word' id='word_1_278' title='bbox 1792 1298 1997 1353; x_wconf 88' lang='lat' dir='ltr'><strong>ratoris</strong></span> <span class='ocrx_word' id='word_1_279' title='bbox 2039 1296 2200 1367; x_wconf 86' lang='lat' dir='ltr'><strong>jussu</strong></span> <span class='ocrx_word' id='word_1_280' title='bbox 2249 1311 2314 1352; x_wconf 90' lang='lat' dir='ltr'><strong>ac</strong></span> <span class='ocrx_word' id='word_1_281' title='bbox 2360 1297 2583 1352; x_wconf 88' lang='lat' dir='ltr'><strong>nomine</strong></span> <span class='ocrx_word' id='word_1_282' title='bbox 2614 1298 2728 1368; x_wconf 79' lang='lat' dir='ltr'><strong>regi</strong></span> <span class='ocrx_word' id='word_1_283' title='bbox 2758 1297 3132 1361; x_wconf 86' lang='lat' dir='ltr'><strong>denuntiasse,</strong></span> <span class='ocrx_word' id='word_1_284' title='bbox 3165 1296 3243 1351; x_wconf 88' lang='lat' dir='ltr'><strong>uti</strong></span> <span class='ocrx_word' id='word_1_285' title='bbox 3273 1293 3373 1351; x_wconf 80' lang='lat' dir='ltr'><strong>Ju-</strong></span> 
     </span>
    </p>
   </div>
   <div class='ocr_carea' id='block_1_40' title="bbox 1793 1388 3372 1460">
    <p class='ocr_par' dir='ltr' id='par_1_40' title="bbox 1793 1388 3372 1460">
     <span class='ocr_line' id='line_1_41' title="bbox 1793 1388 3372 1460; baseline -0.001 -16"><span class='ocrx_word' id='word_1_286' title='bbox 1793 1388 1942 1445; x_wconf 62' lang='lat' dir='ltr'><strong>daeos</strong></span> <span class='ocrx_word' id='word_1_287' title='bbox 1996 1389 2200 1445; x_wconf 88' lang='lat' dir='ltr'><strong>liberos</strong></span> <span class='ocrx_word' id='word_1_288' title='bbox 2249 1404 2583 1460; x_wconf 87' lang='lat' dir='ltr'><strong>securosque</strong></span> <span class='ocrx_word' id='word_1_289' title='bbox 2634 1389 2950 1445; x_wconf 88' lang='lat' dir='ltr'><strong>dimitteret.</strong></span> <span class='ocrx_word' id='word_1_290' title='bbox 2981 1388 3372 1457; x_wconf 83' lang='lat' dir='ltr'><strong>Quamobrem,</strong></span> 
     </span>
    </p>
   </div>
   <div class='ocr_carea' id='block_1_41' title="bbox 1782 1478 3378 1550">
    <p class='ocr_par' dir='ltr' id='par_1_41' title="bbox 1782 1478 3378 1550">
     <span class='ocr_line' id='line_1_42' title="bbox 1782 1478 3378 1550; baseline 0.001 -16"><span class='ocrx_word' id='word_1_291' title='bbox 1782 1484 1920 1534; x_wconf 90' lang='lat' dir='ltr'><strong>&#39;cum</strong></span> <span class='ocrx_word' id='word_1_292' title='bbox 1952 1478 2009 1532; x_wconf 90' lang='lat' dir='ltr'><strong>in</strong></span> <span class='ocrx_word' id='word_1_293' title='bbox 2038 1493 2311 1534; x_wconf 87' lang='lat' dir='ltr'><strong>carcerem</strong></span> <span class='ocrx_word' id='word_1_294' title='bbox 2359 1479 2429 1533; x_wconf 93' lang='lat' dir='ltr'><strong>ab</strong></span> <span class='ocrx_word' id='word_1_295' title='bbox 2467 1493 2535 1534; x_wconf 91' lang='lat' dir='ltr'><strong>eo</strong></span> <span class='ocrx_word' id='word_1_296' title='bbox 2558 1479 2840 1550; x_wconf 89' lang='lat' dir='ltr'><strong>conjectus</strong></span> <span class='ocrx_word' id='word_1_297' title='bbox 2864 1488 3028 1547; x_wconf 86' lang='lat' dir='ltr'><strong>esset,</strong></span> <span class='ocrx_word' id='word_1_298' title='bbox 3057 1488 3222 1536; x_wconf 90' lang='lat' dir='ltr'><strong>noctu</strong></span> <span class='ocrx_word' id='word_1_299' title='bbox 3250 1494 3378 1550; x_wconf 82' lang='lat' dir='ltr'><strong>por-</strong></span> 
     </span>
    </p>
   </div>
   <div class='ocr_carea' id='block_1_42' title="bbox 1794 1571 3379 1644">
    <p class='ocr_par' dir='ltr' id='par_1_42' title="bbox 1794 1571 3379 1644">
     <span class='ocr_line' id='line_1_43' title="bbox 1794 1571 3379 1644; baseline 0.003 -18"><span class='ocrx_word' id='word_1_300' title='bbox 1794 1580 1880 1627; x_wconf 90' lang='lat' dir='ltr'><strong>tas</strong></span> <span class='ocrx_word' id='word_1_301' title='bbox 1938 1586 2132 1628; x_wconf 90' lang='lat' dir='ltr'><strong>omnes</strong></span> <span class='ocrx_word' id='word_1_302' title='bbox 2185 1571 2426 1629; x_wconf 89' lang='lat' dir='ltr'><strong>carceris</strong></span> <span class='ocrx_word' id='word_1_303' title='bbox 2480 1581 2673 1641; x_wconf 88' lang='lat' dir='ltr'><strong>sponte</strong></span> <span class='ocrx_word' id='word_1_304' title='bbox 2715 1572 2979 1643; x_wconf 91' lang='lat' dir='ltr'><strong>patuisse,</strong></span> <span class='ocrx_word' id='word_1_305' title='bbox 3009 1574 3379 1644; x_wconf 84' lang='lat' dir='ltr'><strong>custodesque</strong></span> 
     </span>
    </p>
   </div>
   <div class='ocr_carea' id='block_1_43' title="bbox 1794 1665 3378 1739">
    <p class='ocr_par' dir='ltr' id='par_1_43' title="bbox 1794 1665 3378 1739">
     <span class='ocr_line' id='line_1_44' title="bbox 1794 1665 3378 1739; baseline 0.001 -17"><span class='ocrx_word' id='word_1_306' title='bbox 1794 1666 1994 1739; x_wconf 88' lang='lat' dir='ltr'><strong>partim</strong></span> <span class='ocrx_word' id='word_1_307' title='bbox 2055 1666 2342 1738; x_wconf 89' lang='lat' dir='ltr'><strong>repentino</strong></span> <span class='ocrx_word' id='word_1_308' title='bbox 2394 1665 2641 1723; x_wconf 90' lang='lat' dir='ltr'><strong>sublatos</strong></span> <span class='ocrx_word' id='word_1_309' title='bbox 2695 1665 2954 1731; x_wconf 87' lang='lat' dir='ltr'><strong>interitu,</strong></span> <span class='ocrx_word' id='word_1_310' title='bbox 3010 1669 3209 1738; x_wconf 87' lang='lat' dir='ltr'><strong>partim</strong></span> <span class='ocrx_word' id='word_1_311' title='bbox 3267 1668 3378 1723; x_wconf 92' lang='lat' dir='ltr'><strong>alto</strong></span> 
     </span>
    </p>
   </div>
   <div class='ocr_carea' id='block_1_44' title="bbox 1798 1760 3374 1834">
    <p class='ocr_par' dir='ltr' id='par_1_44' title="bbox 1798 1760 3374 1834">
     <span class='ocr_line' id='line_1_45' title="bbox 1798 1760 3374 1834; baseline -0.001 -15"><span class='ocrx_word' id='word_1_312' title='bbox 1798 1778 1994 1819; x_wconf 86' lang='lat' dir='ltr'><strong>somno</strong></span> <span class='ocrx_word' id='word_1_313' title='bbox 2027 1763 2241 1819; x_wconf 89' lang='lat' dir='ltr'><strong>solutos</strong></span> <span class='ocrx_word' id='word_1_314' title='bbox 2276 1761 2465 1820; x_wconf 80' lang='lat' dir='ltr'><strong>fractis</strong></span> <span class='ocrx_word' id='word_1_315' title='bbox 2517 1762 2724 1834; x_wconf 90' lang='lat' dir='ltr'><strong>passim</strong></span> <span class='ocrx_word' id='word_1_316' title='bbox 2753 1761 2923 1818; x_wconf 89' lang='lat' dir='ltr'><strong>armis</strong></span> <span class='ocrx_word' id='word_1_317' title='bbox 2942 1761 3204 1832; x_wconf 91' lang='lat' dir='ltr'><strong>jaeuisse.</strong></span> <span class='ocrx_word' id='word_1_318' title='bbox 3236 1760 3374 1832; x_wconf 80' lang='lat' dir='ltr'><strong>Moy-</strong></span> 
     </span>
    </p>
   </div>
   <div class='ocr_carea' id='block_1_45' title="bbox 1797 1855 3376 1930">
    <p class='ocr_par' dir='ltr' id='par_1_45' title="bbox 1797 1855 3376 1930">
     <span class='ocr_line' id='line_1_46' title="bbox 1797 1855 3376 1930; baseline -0.003 -16"><span class='ocrx_word' id='word_1_319' title='bbox 1797 1873 1919 1915; x_wconf 88' lang='lat' dir='ltr'><strong>sum</strong></span> <span class='ocrx_word' id='word_1_320' title='bbox 1952 1873 1984 1914; x_wconf 92' lang='lat' dir='ltr'><strong>e</strong></span> <span class='ocrx_word' id='word_1_321' title='bbox 2017 1858 2246 1930; x_wconf 79' lang='lat' dir='ltr'><strong>vestigio</strong></span> <span class='ocrx_word' id='word_1_322' title='bbox 2274 1874 2394 1915; x_wconf 83' lang='lat' dir='ltr'><strong>sese</strong></span> <span class='ocrx_word' id='word_1_323' title='bbox 2421 1858 2476 1912; x_wconf 91' lang='lat' dir='ltr'><strong>in</strong></span> <span class='ocrx_word' id='word_1_324' title='bbox 2503 1858 2733 1929; x_wconf 76' lang='lat' dir='ltr'><strong>regiam,</strong></span> <span class='ocrx_word' id='word_1_325' title='bbox 2781 1855 3068 1928; x_wconf 79' lang='lat' dir='ltr'><strong>patefactis</strong></span> <span class='ocrx_word' id='word_1_326' title='bbox 3096 1856 3261 1911; x_wconf 90' lang='lat' dir='ltr'><strong>etiam</strong></span> <span class='ocrx_word' id='word_1_327' title='bbox 3294 1856 3376 1911; x_wconf 90' lang='lat' dir='ltr'><strong>ul-</strong></span> 
     </span>
    </p>
   </div>
   <div class='ocr_carea' id='block_1_46' title="bbox 1798 1948 3377 2021">
    <p class='ocr_par' dir='ltr' id='par_1_46' title="bbox 1798 1948 3377 2021">
     <span class='ocr_line' id='line_1_47' title="bbox 1798 1948 3377 2021; baseline -0.004 -13"><span class='ocrx_word' id='word_1_328' title='bbox 1798 1961 1885 2008; x_wconf 94' lang='lat' dir='ltr'><strong>tro</strong></span> <span class='ocrx_word' id='word_1_329' title='bbox 1907 1952 2115 2021; x_wconf 90' lang='lat' dir='ltr'><strong>januis,</strong></span> <span class='ocrx_word' id='word_1_330' title='bbox 2143 1950 2417 2015; x_wconf 90' lang='lat' dir='ltr'><strong>intulisse,</strong></span> <span class='ocrx_word' id='word_1_331' title='bbox 2443 1965 2507 2006; x_wconf 90' lang='lat' dir='ltr'><strong>ac</strong></span> <span class='ocrx_word' id='word_1_332' title='bbox 2535 1948 2891 2020; x_wconf 65' lang='lat' dir='ltr'><strong>praesidiariis</strong></span> <span class='ocrx_word' id='word_1_333' title='bbox 2935 1948 3203 2005; x_wconf 88' lang='lat' dir='ltr'><strong>militibus</strong></span> <span class='ocrx_word' id='word_1_334' title='bbox 3249 1962 3377 2018; x_wconf 82' lang='lat' dir='ltr'><strong>pro-</strong></span> 
     </span>
    </p>
   </div>
   <div class='ocr_carea' id='block_1_47' title="bbox 1798 2040 3379 2116">
    <p class='ocr_par' dir='ltr' id='par_1_47' title="bbox 1798 2040 3379 2116">
     <span class='ocr_line' id='line_1_48' title="bbox 1798 2040 3379 2116; baseline -0.003 -17"><span class='ocrx_word' id='word_1_335' title='bbox 1798 2043 1968 2100; x_wconf 79' lang='lat' dir='ltr'><strong>fundo</strong></span> <span class='ocrx_word' id='word_1_336' title='bbox 1998 2060 2217 2116; x_wconf 89' lang='lat' dir='ltr'><strong>quoque</strong></span> <span class='ocrx_word' id='word_1_337' title='bbox 2243 2059 2440 2100; x_wconf 89' lang='lat' dir='ltr'><strong>somno</strong></span> <span class='ocrx_word' id='word_1_338' title='bbox 2464 2043 2713 2114; x_wconf 90' lang='lat' dir='ltr'><strong>sepultis,</strong></span> <span class='ocrx_word' id='word_1_339' title='bbox 2746 2056 2926 2113; x_wconf 79' lang='lat' dir='ltr'><strong>regem</strong></span> <span class='ocrx_word' id='word_1_340' title='bbox 2958 2042 3261 2106; x_wconf 81' lang='lat' dir='ltr'><strong>excitasse;</strong></span> <span class='ocrx_word' id='word_1_341' title='bbox 3283 2040 3379 2110; x_wconf 87' lang='lat' dir='ltr'><strong>qui</strong></span> 
     </span>
    </p>
   </div>
   <div class='ocr_carea' id='block_1_48' title="bbox 1795 2131 3380 2207">
    <p class='ocr_par' dir='ltr' id='par_1_48' title="bbox 1795 2131 3380 2207">
     <span class='ocr_line' id='line_1_49' title="bbox 1795 2131 3380 2207; baseline -0.005 -14"><span class='ocrx_word' id='word_1_342' title='bbox 1795 2136 1928 2193; x_wconf 77' lang='lat' dir='ltr'><strong>facti</strong></span> <span class='ocrx_word' id='word_1_343' title='bbox 1980 2138 2275 2193; x_wconf 88' lang='lat' dir='ltr'><strong>novitatem</strong></span> <span class='ocrx_word' id='word_1_344' title='bbox 2327 2136 2565 2207; x_wconf 90' lang='lat' dir='ltr'><strong>primum</strong></span> <span class='ocrx_word' id='word_1_345' title='bbox 2615 2136 2834 2207; x_wconf 90' lang='lat' dir='ltr'><strong>quidem</strong></span> <span class='ocrx_word' id='word_1_346' title='bbox 2862 2131 3223 2204; x_wconf 88' lang='lat' dir='ltr'><strong>obstupuerit,</strong></span> <span class='ocrx_word' id='word_1_347' title='bbox 3253 2146 3380 2186; x_wconf 80' lang='lat' dir='ltr'><strong>mox</strong></span> 
     </span>
    </p>
   </div>
   <div class='ocr_carea' id='block_1_49' title="bbox 1796 2223 3382 2303">
    <p class='ocr_par' dir='ltr' id='par_1_49' title="bbox 1796 2223 3382 2303">
     <span class='ocr_line' id='line_1_50' title="bbox 1796 2223 3382 2303; baseline -0.006 -16"><span class='ocrx_word' id='word_1_348' title='bbox 1796 2238 2000 2296; x_wconf 85' lang='lat' dir='ltr'><strong>tamen,</strong></span> <span class='ocrx_word' id='word_1_349' title='bbox 2034 2231 2194 2302; x_wconf 81' lang='lat' dir='ltr'><strong>quasi</strong></span> <span class='ocrx_word' id='word_1_350' title='bbox 2225 2230 2385 2286; x_wconf 89' lang='lat' dir='ltr'><strong>ludos</strong></span> <span class='ocrx_word' id='word_1_351' title='bbox 2411 2229 2656 2303; x_wconf 84' lang='lat' dir='ltr'><strong>Moysum</strong></span> <span class='ocrx_word' id='word_1_352' title='bbox 2688 2229 2912 2294; x_wconf 83' lang='lat' dir='ltr'><strong>faceret,</strong></span> <span class='ocrx_word' id='word_1_353' title='bbox 2932 2227 3197 2297; x_wconf 87' lang='lat' dir='ltr'><strong>Deiaquo</strong></span> <span class='ocrx_word' id='word_1_354' title='bbox 3217 2223 3382 2297; x_wconf 62' lang='grc' dir='ltr'><strong>ωδ</strong></span> 
     </span>
    </p>
   </div>
   <div class='ocr_carea' id='block_1_50' title="bbox 1796 2318 3382 2393">
    <p class='ocr_par' dir='ltr' id='par_1_50' title="bbox 1796 2318 3382 2393">
     <span class='ocr_line' id='line_1_51' title="bbox 1796 2318 3382 2393; baseline -0.004 -12"><span class='ocrx_word' id='word_1_355' title='bbox 1796 2324 2001 2381; x_wconf 87' lang='lat' dir='ltr'><strong>missus</strong></span> <span class='ocrx_word' id='word_1_356' title='bbox 2049 2333 2216 2389; x_wconf 88' lang='lat' dir='ltr'><strong>esset,</strong></span> <span class='ocrx_word' id='word_1_357' title='bbox 2256 2338 2458 2380; x_wconf 89' lang='lat' dir='ltr'><strong>nomen</strong></span> <span class='ocrx_word' id='word_1_358' title='bbox 2510 2338 2635 2379; x_wconf 93' lang='lat' dir='ltr'><strong>eum</strong></span> <span class='ocrx_word' id='word_1_359' title='bbox 2688 2321 2901 2393; x_wconf 87' lang='lat' dir='ltr'><strong>aperire</strong></span> <span class='ocrx_word' id='word_1_360' title='bbox 2925 2319 3151 2392; x_wconf 86' lang='lat' dir='ltr'><strong>jusserit</strong></span> <span class='ocrx_word' id='word_1_361' title='bbox 3188 2337 3202 2374; x_wconf 88' lang='lat'><strong>:</strong></span> <span class='ocrx_word' id='word_1_362' title='bbox 3236 2318 3382 2389; x_wconf 92' lang='lat' dir='ltr'><strong>quod</strong></span> 
     </span>
    </p>
   </div>
   <div class='ocr_carea' id='block_1_51' title="bbox 1795 2415 3385 2490">
    <p class='ocr_par' dir='ltr' id='par_1_51' title="bbox 1795 2415 3385 2490">
     <span class='ocr_line' id='line_1_52' title="bbox 1795 2415 3385 2490; baseline -0.004 -16"><span class='ocrx_word' id='word_1_363' title='bbox 1795 2417 1891 2474; x_wconf 90' lang='lat' dir='ltr'><strong>ubi</strong></span> <span class='ocrx_word' id='word_1_364' title='bbox 1924 2416 2143 2490; x_wconf 80' lang='lat' dir='ltr'><strong>Moysus</strong></span> <span class='ocrx_word' id='word_1_365' title='bbox 2172 2418 2228 2473; x_wconf 93' lang='lat' dir='ltr'><strong>in</strong></span> <span class='ocrx_word' id='word_1_366' title='bbox 2266 2433 2453 2473; x_wconf 88' lang='lat' dir='ltr'><strong>aurem</strong></span> <span class='ocrx_word' id='word_1_367' title='bbox 2484 2416 2842 2480; x_wconf 88' lang='lat' dir='ltr'><strong>insinuasset,</strong></span> <span class='ocrx_word' id='word_1_368' title='bbox 2878 2431 3060 2486; x_wconf 78' lang='lat' dir='ltr'><strong>regem</strong></span> <span class='ocrx_word' id='word_1_369' title='bbox 3094 2415 3243 2470; x_wconf 91' lang='lat' dir='ltr'><strong>illico</strong></span> <span class='ocrx_word' id='word_1_370' title='bbox 3261 2430 3385 2468; x_wconf 83' lang='lat' dir='ltr'><strong>mu—</strong></span> 
     </span>
    </p>
   </div>
   <div class='ocr_carea' id='block_1_52' title="bbox 1798 2506 3384 2578">
    <p class='ocr_par' dir='ltr' id='par_1_52' title="bbox 1798 2506 3384 2578">
     <span class='ocr_line' id='line_1_53' title="bbox 1798 2506 3384 2578; baseline -0.004 -12"><span class='ocrx_word' id='word_1_371' title='bbox 1798 2520 1913 2567; x_wconf 86' lang='lat' dir='ltr'><strong>tum</strong></span> <span class='ocrx_word' id='word_1_372' title='bbox 1947 2512 2278 2578; x_wconf 88' lang='lat' dir='ltr'><strong>concidisse,</strong></span> <span class='ocrx_word' id='word_1_373' title='bbox 2309 2511 2485 2566; x_wconf 87' lang='lat' dir='ltr'><strong>donec</strong></span> <span class='ocrx_word' id='word_1_374' title='bbox 2542 2511 2613 2566; x_wconf 89' lang='lat' dir='ltr'><strong>ab</strong></span> <span class='ocrx_word' id='word_1_375' title='bbox 2670 2510 2862 2565; x_wconf 91' lang='lat' dir='ltr'><strong>eodem</strong></span> <span class='ocrx_word' id='word_1_376' title='bbox 2901 2517 3155 2578; x_wconf 91' lang='lat' dir='ltr'><strong>arreptus</strong></span> <span class='ocrx_word' id='word_1_377' title='bbox 3182 2506 3286 2562; x_wconf 89' lang='lat' dir='ltr'><strong>sibi</strong></span> <span class='ocrx_word' id='word_1_378' title='bbox 3318 2521 3384 2561; x_wconf 92' lang='lat' dir='ltr'><strong>ac</strong></span> 
     </span>
    </p>
   </div>
   <div class='ocr_carea' id='block_1_53' title="bbox 1797 2600 3380 2674">
    <p class='ocr_par' dir='ltr' id='par_1_53' title="bbox 1797 2600 3380 2674">
     <span class='ocr_line' id='line_1_54' title="bbox 1797 2600 3380 2674; baseline -0.004 -15"><span class='ocrx_word' id='word_1_379' title='bbox 1797 2605 1919 2661; x_wconf 71' lang='lat' dir='ltr'><strong>vita:</strong></span> <span class='ocrx_word' id='word_1_380' title='bbox 1944 2605 2281 2663; x_wconf 87' lang='lat' dir='ltr'><strong>redderetur.</strong></span> <span class='ocrx_word' id='word_1_381' title='bbox 2317 2602 2382 2658; x_wconf 87' lang='lat' dir='ltr'><strong>Et</strong></span> <span class='ocrx_word' id='word_1_382' title='bbox 2411 2604 2564 2659; x_wconf 90' lang='lat' dir='ltr'><strong>illum</strong></span> <span class='ocrx_word' id='word_1_383' title='bbox 2591 2600 2812 2674; x_wconf 84' lang='lat' dir='ltr'><strong>quidem</strong></span> <span class='ocrx_word' id='word_1_384' title='bbox 2843 2600 3145 2656; x_wconf 82' lang='lat' dir='ltr'><strong>indicatum</strong></span> <span class='ocrx_word' id='word_1_385' title='bbox 3178 2614 3380 2653; x_wconf 91' lang='lat' dir='ltr'><strong>nomen</strong></span> 
     </span>
    </p>
   </div>
   <div class='ocr_carea' id='block_1_54' title="bbox 1798 2693 3381 2769">
    <p class='ocr_par' dir='ltr' id='par_1_54' title="bbox 1798 2693 3381 2769">
     <span class='ocr_line' id='line_1_55' title="bbox 1798 2693 3381 2769; baseline -0.005 -15"><span class='ocrx_word' id='word_1_386' title='bbox 1798 2699 2011 2755; x_wconf 87' lang='lat' dir='ltr'><strong>tabellis</strong></span> <span class='ocrx_word' id='word_1_387' title='bbox 2058 2697 2429 2769; x_wconf 89' lang='lat' dir='ltr'><strong>inscripsisse,</strong></span> <span class='ocrx_word' id='word_1_388' title='bbox 2459 2711 2598 2765; x_wconf 84' lang='lat' dir='ltr'><strong>quas</strong></span> <span class='ocrx_word' id='word_1_389' title='bbox 2642 2694 2993 2766; x_wconf 87' lang='lat' dir='ltr'><strong>postmodum</strong></span> <span class='ocrx_word' id='word_1_390' title='bbox 3026 2693 3333 2763; x_wconf 85' lang='lat' dir='ltr'><strong>obsignarit</strong></span> <span class='ocrx_word' id='word_1_391' title='bbox 3365 2709 3381 2746; x_wconf 90' lang='lat'><strong>:</strong></span> 
     </span>
    </p>
   </div>
   <div class='ocr_carea' id='block_1_55' title="bbox 1796 2785 3381 2863">
    <p class='ocr_par' dir='ltr' id='par_1_55' title="bbox 1796 2785 3381 2863">
     <span class='ocr_line' id='line_1_56' title="bbox 1796 2785 3381 2863; baseline -0.008 -14"><span class='ocrx_word' id='word_1_392' title='bbox 1796 2794 2087 2863; x_wconf 85' lang='lat' dir='ltr'><strong>quemdam</strong></span> <span class='ocrx_word' id='word_1_393' title='bbox 2116 2808 2245 2848; x_wconf 86' lang='lat' dir='ltr'><strong>vero</strong></span> <span class='ocrx_word' id='word_1_394' title='bbox 2272 2790 2633 2856; x_wconf 87' lang='lat' dir='ltr'><strong>sacerdotem,</strong></span> <span class='ocrx_word' id='word_1_395' title='bbox 2656 2788 2748 2860; x_wconf 90' lang='lat' dir='ltr'><strong>qui</strong></span> <span class='ocrx_word' id='word_1_396' title='bbox 2779 2787 2967 2858; x_wconf 88' lang='lat' dir='ltr'><strong>scripti</strong></span> <span class='ocrx_word' id='word_1_397' title='bbox 2995 2785 3234 2841; x_wconf 91' lang='lat' dir='ltr'><strong>nominis</strong></span> <span class='ocrx_word' id='word_1_398' title='bbox 3258 2799 3381 2838; x_wconf 89' lang='lat' dir='ltr'><strong>ma-</strong></span> 
     </span>
    </p>
   </div>
   <div class='ocr_carea' id='block_1_56' title="bbox 107 2882 1697 2987">
    <p class='ocr_par' dir='ltr' id='par_1_56' title="bbox 107 2895 1696 2987">
     <span class='ocr_line' id='line_1_57' title="bbox 107 2895 1696 2987; baseline -0.008 -26"><span class='ocrx_word' id='word_1_399' title='bbox 107 2907 200 2961; x_wconf 83' lang='grc' dir='ltr'>διὰ</span> <span class='ocrx_word' id='word_1_400' title='bbox 244 2906 344 2977; x_wconf 82' lang='grc' dir='ltr'>τὴν</span> <span class='ocrx_word' id='word_1_401' title='bbox 388 2905 548 2987; x_wconf 78' lang='grc' dir='ltr'>δίψαν</span> <span class='ocrx_word' id='word_1_402' title='bbox 586 2902 924 2975; x_wconf 86' lang='grc' dir='ltr'>φθείρεσθαι.</span> <span class='ocrx_word' id='word_1_403' title='bbox 967 2900 1071 2954; x_wconf 82' lang='grc' dir='ltr'>Τὸν</span> <span class='ocrx_word' id='word_1_404' title='bbox 1109 2900 1166 2953; x_wconf 84' lang='grc' dir='ltr'><strong>δὲ</strong></span> <span class='ocrx_word' id='word_1_405' title='bbox 1218 2897 1461 2970; x_wconf 72' lang='grc' dir='ltr'>βασιλέα,</span> <span class='ocrx_word' id='word_1_406' title='bbox 1492 2895 1696 2950; x_wconf 89' lang='grc' dir='ltr'>τούτων</span> 
     </span>
    </p>
   </div>
   <div class='ocr_carea' id='block_1_57' title="bbox 1799 2882 3384 2987">
    <p class='ocr_par' dir='ltr' id='par_1_57' title="bbox 1799 2882 3384 2987">
     <span class='ocr_line' id='line_1_58' title="bbox 1799 2882 3384 2954; baseline -0.009 -13"><span class='ocrx_word' id='word_1_407' title='bbox 1799 2885 2045 2954; x_wconf 87' lang='lat' dir='ltr'><strong>iestatem</strong></span> <span class='ocrx_word' id='word_1_408' title='bbox 2066 2885 2324 2951; x_wconf 89' lang='lat' dir='ltr'><strong>elevaret,</strong></span> <span class='ocrx_word' id='word_1_409' title='bbox 2356 2882 2640 2953; x_wconf 87' lang='lat' dir='ltr'><strong>repentino</strong></span> <span class='ocrx_word' id='word_1_410' title='bbox 2670 2894 2891 2950; x_wconf 88' lang='lat' dir='ltr'><strong>spasmo</strong></span> <span class='ocrx_word' id='word_1_411' title='bbox 2915 2886 3225 2947; x_wconf 87' lang='lat' dir='ltr'><strong>correptum</strong></span> <span class='ocrx_word' id='word_1_412' title='bbox 3260 2890 3384 2944; x_wconf 77' lang='lat' dir='ltr'><strong>per-</strong></span> 
     </span>
     <span class='ocr_line' id='line_1_59' title="bbox 1799 2966 3350 2987; baseline -0.003 0"><span class='ocrx_word' id='word_1_413' title='bbox 1799 2977 1832 2987; x_wconf 90' lang='lat'><strong>..</strong></span> <span class='ocrx_word' id='word_1_414' title='bbox 1977 2976 2016 2987; x_wconf 69' lang='lat'><strong>-</strong></span> <span class='ocrx_word' id='word_1_415' title='bbox 2107 2985 2113 2987; x_wconf 94' lang='lat'>_</span> <span class='ocrx_word' id='word_1_416' title='bbox 2691 2971 2738 2987; x_wconf 88' lang='lat'><strong>..</strong></span> <span class='ocrx_word' id='word_1_417' title='bbox 3038 2970 3072 2987; x_wconf 90' lang='lat'><strong>..</strong></span> <span class='ocrx_word' id='word_1_418' title='bbox 3283 2966 3350 2987; x_wconf 69' lang='grc' dir='ltr'>,η</span> 
     </span>
    </p>
   </div>
   <div class='ocr_carea' id='block_1_58' title="bbox 109 2986 1697 3069">
    <p class='ocr_par' dir='ltr' id='par_1_58' title="bbox 109 2986 1697 3069">
     <span class='ocr_line' id='line_1_60' title="bbox 109 2986 1697 3069; baseline -0.009 -16"><span class='ocrx_word' id='word_1_419' title='bbox 109 2997 429 3069; x_wconf 82' lang='grc' dir='ltr'>γενομένων</span> <span class='ocrx_word' id='word_1_420' title='bbox 452 2986 559 3051; x_wconf 89' lang='grc' dir='ltr'><strong>τῶν</strong></span> <span class='ocrx_word' id='word_1_421' title='bbox 583 2994 844 3067; x_wconf 84' lang='grc' dir='ltr'>τεράτων,</span> <span class='ocrx_word' id='word_1_422' title='bbox 863 2993 1028 3063; x_wconf 81' lang='grc' dir='ltr'>φάναι</span> <span class='ocrx_word' id='word_1_423' title='bbox 1054 2990 1191 3063; x_wconf 84' lang='grc' dir='ltr'>μετὰ</span> <span class='ocrx_word' id='word_1_424' title='bbox 1217 2989 1361 3061; x_wconf 83' lang='grc' dir='ltr'>μῆνα</span> <span class='ocrx_word' id='word_1_425' title='bbox 1390 2988 1514 3051; x_wconf 81' lang='grc' dir='ltr'>τοὺς</span> <span class='ocrx_word' id='word_1_426' title='bbox 1532 2986 1697 3051; x_wconf 81' lang='grc' dir='ltr'>λαοὺς</span> 
     </span>
    </p>
   </div>
   <div class='ocr_carea' id='block_1_59' title="bbox 109 3076 1695 3155">
    <p class='ocr_par' dir='ltr' id='par_1_59' title="bbox 109 3076 1695 3155">
     <span class='ocr_line' id='line_1_61' title="bbox 109 3076 1695 3155; baseline -0.008 -11"><span class='ocrx_word' id='word_1_427' title='bbox 109 3088 430 3152; x_wconf 83' lang='grc' dir='ltr'>ἀπολύσειν,</span> <span class='ocrx_word' id='word_1_428' title='bbox 460 3086 554 3140; x_wconf 78' lang='grc' dir='ltr'><strong>ἐὰν</strong></span> <span class='ocrx_word' id='word_1_429' title='bbox 595 3086 1022 3155; x_wconf 79' lang='grc' dir='ltr'>ἀποκαταστήσῃ</span> <span class='ocrx_word' id='word_1_430' title='bbox 1072 3082 1164 3135; x_wconf 85' lang='grc' dir='ltr'><strong>τὸν</strong></span> <span class='ocrx_word' id='word_1_431' title='bbox 1208 3078 1471 3150; x_wconf 85' lang='grc' dir='ltr'>ποταμόν.</span> <span class='ocrx_word' id='word_1_432' title='bbox 1507 3077 1610 3133; x_wconf 85' lang='grc' dir='ltr'>Τὸν</span> <span class='ocrx_word' id='word_1_433' title='bbox 1637 3076 1695 3131; x_wconf 83' lang='grc' dir='ltr'>δὲ</span> 
     </span>
    </p>
   </div>
   <div class='ocr_carea' id='block_1_60' title="bbox 1797 2966 3384 3044">
    <p class='ocr_par' dir='ltr' id='par_1_60' title="bbox 1797 2966 3384 3044">
     <span class='ocr_line' id='line_1_62' title="bbox 1797 2966 3384 3044; baseline -0.009 -11"><span class='ocrx_word' id='word_1_434' title='bbox 1797 2977 1949 3034; x_wconf 89' lang='lat' dir='ltr'><strong>iisse.</strong></span> <span class='ocrx_word' id='word_1_435' title='bbox 1977 2976 2266 3041; x_wconf 69' lang='lat' dir='ltr'><strong>Praeterea,</strong></span> <span class='ocrx_word' id='word_1_436' title='bbox 2303 2991 2429 3031; x_wconf 90' lang='lat' dir='ltr'><strong>cum</strong></span> <span class='ocrx_word' id='word_1_437' title='bbox 2477 2989 2568 3029; x_wconf 79' lang='lat' dir='ltr'><strong>rex</strong></span> <span class='ocrx_word' id='word_1_438' title='bbox 2614 2989 2647 3028; x_wconf 94' lang='lat' dir='ltr'><strong>a</strong></span> <span class='ocrx_word' id='word_1_439' title='bbox 2690 2971 2877 3044; x_wconf 83' lang='lat' dir='ltr'><strong>Moyse</strong></span> <span class='ocrx_word' id='word_1_440' title='bbox 2917 2969 3227 3042; x_wconf 78' lang='lat' dir='ltr'><strong>prodigium</strong></span> <span class='ocrx_word' id='word_1_441' title='bbox 3280 2966 3384 3020; x_wconf 77' lang='lat' dir='ltr'><strong>ali-</strong></span> 
     </span>
    </p>
   </div>
   <div class='ocr_carea' id='block_1_61' title="bbox 1800 3060 3382 3143">
    <p class='ocr_par' dir='ltr' id='par_1_61' title="bbox 1800 3060 3382 3143">
     <span class='ocr_line' id='line_1_63' title="bbox 1800 3060 3382 3143; baseline -0.008 -18"><span class='ocrx_word' id='word_1_442' title='bbox 1800 3069 1949 3143; x_wconf 87' lang='lat' dir='ltr'><strong>quod</strong></span> <span class='ocrx_word' id='word_1_443' title='bbox 2003 3076 2300 3140; x_wconf 77' lang='lat' dir='ltr'><strong>expeteret,</strong></span> <span class='ocrx_word' id='word_1_444' title='bbox 2335 3082 2461 3123; x_wconf 90' lang='lat' dir='ltr'><strong>eum</strong></span> <span class='ocrx_word' id='word_1_445' title='bbox 2508 3082 2674 3138; x_wconf 91' lang='lat' dir='ltr'><strong>quam</strong></span> <span class='ocrx_word' id='word_1_446' title='bbox 2703 3080 2871 3121; x_wconf 88' lang='lat' dir='ltr'><strong>manu</strong></span> <span class='ocrx_word' id='word_1_447' title='bbox 2896 3063 3107 3133; x_wconf 80' lang='lat' dir='ltr'><strong>virgam</strong></span> <span class='ocrx_word' id='word_1_448' title='bbox 3141 3060 3382 3125; x_wconf 90' lang='lat' dir='ltr'><strong>tenebat,</strong></span> 
     </span>
    </p>
   </div>
   <div class='ocr_carea' id='block_1_62' title="bbox 108 3156 1697 3248">
    <p class='ocr_par' dir='ltr' id='par_1_62' title="bbox 108 3169 1696 3248">
     <span class='ocr_line' id='line_1_64' title="bbox 108 3169 1696 3248; baseline -0.009 -12"><span class='ocrx_word' id='word_1_449' title='bbox 108 3181 370 3243; x_wconf 78' lang='grc' dir='ltr'>Μὼὓσον,</span> <span class='ocrx_word' id='word_1_450' title='bbox 397 3179 559 3235; x_wconf 87' lang='grc' dir='ltr'>πάλιν</span> <span class='ocrx_word' id='word_1_451' title='bbox 603 3180 669 3248; x_wconf 78' lang='grc' dir='ltr'>τῇ</span> <span class='ocrx_word' id='word_1_452' title='bbox 716 3177 898 3248; x_wconf 87' lang='grc' dir='ltr'>ῥάϐδῳ</span> <span class='ocrx_word' id='word_1_453' title='bbox 947 3173 1261 3241; x_wconf 78' lang='grc' dir='ltr'>πατάξαντα</span> <span class='ocrx_word' id='word_1_454' title='bbox 1304 3171 1367 3226; x_wconf 81' lang='grc' dir='ltr'><strong>τὸ</strong></span> <span class='ocrx_word' id='word_1_455' title='bbox 1407 3169 1570 3242; x_wconf 79' lang='grc' dir='ltr'>ὕδωρ,</span> <span class='ocrx_word' id='word_1_456' title='bbox 1600 3187 1696 3223; x_wconf 81' lang='grc' dir='ltr'>συ-</span> 
     </span>
    </p>
   </div>
   <div class='ocr_carea' id='block_1_63' title="bbox 1799 3156 3381 3248">
    <p class='ocr_par' dir='ltr' id='par_1_63' title="bbox 1804 3156 3381 3233">
     <span class='ocr_line' id='line_1_65' title="bbox 1804 3156 3381 3233; baseline -0.007 -16"><span class='ocrx_word' id='word_1_457' title='bbox 1804 3164 1858 3219; x_wconf 91' lang='lat' dir='ltr'><strong>in</strong></span> <span class='ocrx_word' id='word_1_458' title='bbox 1890 3173 2200 3233; x_wconf 85' lang='lat' dir='ltr'><strong>serpentem</strong></span> <span class='ocrx_word' id='word_1_459' title='bbox 2256 3161 2439 3218; x_wconf 89' lang='lat' dir='ltr'><strong>subito</strong></span> <span class='ocrx_word' id='word_1_460' title='bbox 2467 3158 2824 3225; x_wconf 86' lang='lat' dir='ltr'><strong>convertisse,</strong></span> <span class='ocrx_word' id='word_1_461' title='bbox 2858 3156 3226 3225; x_wconf 90' lang='lat' dir='ltr'><strong>omnibusque</strong></span> <span class='ocrx_word' id='word_1_462' title='bbox 3262 3162 3381 3209; x_wconf 90' lang='lat' dir='ltr'><strong>stu-</strong></span> 
     </span>
    </p>
   </div>
   <div class='ocr_carea' id='block_1_64' title="bbox 112 3262 1700 3344">
    <p class='ocr_par' dir='ltr' id='par_1_64' title="bbox 112 3262 1700 3344">
     <span class='ocr_line' id='line_1_66' title="bbox 112 3262 1700 3344; baseline -0.008 -15"><span class='ocrx_word' id='word_1_463' title='bbox 112 3274 326 3329; x_wconf 83' lang='grc' dir='ltr'>στεῖλαι</span> <span class='ocrx_word' id='word_1_464' title='bbox 367 3273 428 3326; x_wconf 80' lang='grc' dir='ltr'>τὸ</span> <span class='ocrx_word' id='word_1_465' title='bbox 455 3272 653 3344; x_wconf 86' lang='grc' dir='ltr'>ῥεῦμα.</span> <span class='ocrx_word' id='word_1_466' title='bbox 688 3270 889 3325; x_wconf 90' lang='grc' dir='ltr'>Τούτου</span> <span class='ocrx_word' id='word_1_467' title='bbox 916 3267 974 3322; x_wconf 84' lang='grc' dir='ltr'><strong>δὲ</strong></span> <span class='ocrx_word' id='word_1_468' title='bbox 998 3266 1311 3338; x_wconf 83' lang='grc' dir='ltr'>γενομένου,</span> <span class='ocrx_word' id='word_1_469' title='bbox 1343 3264 1436 3318; x_wconf 83' lang='grc' dir='ltr'><strong>τὸν</strong></span> <span class='ocrx_word' id='word_1_470' title='bbox 1471 3262 1700 3336; x_wconf 86' lang='grc' dir='ltr'>βασιλέα</span> 
     </span>
    </p>
   </div>
   <div class='ocr_carea' id='block_1_65' title="bbox 110 3355 1699 3438">
    <p class='ocr_par' dir='ltr' id='par_1_65' title="bbox 110 3355 1699 3438">
     <span class='ocr_line' id='line_1_67' title="bbox 110 3355 1699 3438; baseline -0.009 -15"><span class='ocrx_word' id='word_1_471' title='bbox 110 3367 242 3432; x_wconf 78' lang='grc' dir='ltr'>τοὺς</span> <span class='ocrx_word' id='word_1_472' title='bbox 295 3367 463 3438; x_wconf 86' lang='grc' dir='ltr'>ἰερεῖς</span> <span class='ocrx_word' id='word_1_473' title='bbox 503 3368 630 3429; x_wconf 76' lang='grc' dir='ltr'>τοὺς</span> <span class='ocrx_word' id='word_1_474' title='bbox 666 3363 807 3434; x_wconf 83' lang='grc' dir='ltr'>ὑπὲρ</span> <span class='ocrx_word' id='word_1_475' title='bbox 851 3361 1075 3431; x_wconf 80' lang='grc' dir='ltr'>Μέμφιν</span> <span class='ocrx_word' id='word_1_476' title='bbox 1117 3358 1367 3423; x_wconf 85' lang='grc' dir='ltr'>καλέσαι,</span> <span class='ocrx_word' id='word_1_477' title='bbox 1398 3357 1493 3412; x_wconf 73' lang='grc' dir='ltr'>καὶ</span> <span class='ocrx_word' id='word_1_478' title='bbox 1534 3355 1699 3426; x_wconf 83' lang='grc' dir='ltr'>φάναι</span> 
     </span>
    </p>
   </div>
   <div class='ocr_carea' id='block_1_66' title="bbox 111 3447 1700 3528">
    <p class='ocr_par' dir='ltr' id='par_1_66' title="bbox 111 3447 1700 3528">
     <span class='ocr_line' id='line_1_68' title="bbox 111 3447 1700 3528; baseline -0.008 -15"><span class='ocrx_word' id='word_1_479' title='bbox 111 3459 316 3524; x_wconf 75' lang='grc' dir='ltr'>αὐτοὺς</span> <span class='ocrx_word' id='word_1_480' title='bbox 342 3457 678 3528; x_wconf 81' lang='grc' dir='ltr'>ἀναιρήσειν,</span> <span class='ocrx_word' id='word_1_481' title='bbox 698 3454 792 3510; x_wconf 84' lang='grc' dir='ltr'><strong>καί</strong></span> <span class='ocrx_word' id='word_1_482' title='bbox 819 3454 888 3507; x_wconf 82' lang='grc' dir='ltr'>τὰ</span> <span class='ocrx_word' id='word_1_483' title='bbox 914 3452 1035 3525; x_wconf 88' lang='grc' dir='ltr'><strong>ἰερά</strong></span> <span class='ocrx_word' id='word_1_484' title='bbox 1069 3449 1465 3520; x_wconf 77' lang='grc' dir='ltr'>κατασκάψειν,</span> <span class='ocrx_word' id='word_1_485' title='bbox 1497 3447 1593 3502; x_wconf 83' lang='grc' dir='ltr'><strong>ὲάν</strong></span> <span class='ocrx_word' id='word_1_486' title='bbox 1624 3449 1700 3520; x_wconf 82' lang='grc' dir='ltr'><strong>μὴ</strong></span> 
     </span>
    </p>
   </div>
   <div class='ocr_carea' id='block_1_67' title="bbox 113 3540 1702 3621">
    <p class='ocr_par' dir='ltr' id='par_1_67' title="bbox 113 3540 1702 3621">
     <span class='ocr_line' id='line_1_69' title="bbox 113 3540 1702 3621; baseline -0.009 -12"><span class='ocrx_word' id='word_1_487' title='bbox 113 3555 210 3609; x_wconf 75' lang='grc' dir='ltr'><strong>καὶ</strong></span> <span class='ocrx_word' id='word_1_488' title='bbox 257 3551 415 3606; x_wconf 70' lang='grc' dir='ltr'>αὐτοὶ</span> <span class='ocrx_word' id='word_1_489' title='bbox 460 3549 960 3621; x_wconf 82' lang='grc' dir='ltr'>τερατουργήσωσι.</span> <span class='ocrx_word' id='word_1_490' title='bbox 993 3545 1132 3609; x_wconf 81' lang='grc' dir='ltr'>Τοὺς</span> <span class='ocrx_word' id='word_1_491' title='bbox 1169 3543 1227 3598; x_wconf 84' lang='grc' dir='ltr'>δὲ</span> <span class='ocrx_word' id='word_1_492' title='bbox 1263 3542 1386 3596; x_wconf 86' lang='grc' dir='ltr'>τότε</span> <span class='ocrx_word' id='word_1_493' title='bbox 1422 3540 1512 3596; x_wconf 88' lang='grc' dir='ltr'><strong>διά</strong></span> <span class='ocrx_word' id='word_1_494' title='bbox 1538 3557 1702 3595; x_wconf 86' lang='grc' dir='ltr'>τινων</span> 
     </span>
    </p>
   </div>
   <div class='ocr_carea' id='block_1_68' title="bbox 118 3630 1703 3716">
    <p class='ocr_par' dir='ltr' id='par_1_68' title="bbox 118 3630 1703 3716">
     <span class='ocr_line' id='line_1_70' title="bbox 118 3630 1703 3716; baseline -0.009 -17"><span class='ocrx_word' id='word_1_495' title='bbox 118 3642 421 3716; x_wconf 83' lang='grc' dir='ltr'>μαγγάνων</span> <span class='ocrx_word' id='word_1_496' title='bbox 469 3642 563 3695; x_wconf 77' lang='grc' dir='ltr'><strong>καὶ</strong></span> <span class='ocrx_word' id='word_1_497' title='bbox 608 3638 875 3693; x_wconf 83' lang='grc' dir='ltr'>ὲπαοιδῶν</span> <span class='ocrx_word' id='word_1_498' title='bbox 901 3637 1169 3711; x_wconf 86' lang='grc' dir='ltr'>δράκοντα</span> <span class='ocrx_word' id='word_1_499' title='bbox 1207 3634 1450 3707; x_wconf 77' lang='grc' dir='ltr'>ποιῆσαι,</span> <span class='ocrx_word' id='word_1_500' title='bbox 1484 3632 1579 3687; x_wconf 75' lang='grc' dir='ltr'>καὶ</span> <span class='ocrx_word' id='word_1_501' title='bbox 1610 3630 1703 3686; x_wconf 77' lang='grc' dir='ltr'>τὸν</span> 
     </span>
    </p>
   </div>
   <div class='ocr_carea' id='block_1_69' title="bbox 115 3726 1703 3807">
    <p class='ocr_par' dir='ltr' id='par_1_69' title="bbox 115 3726 1703 3807">
     <span class='ocr_line' id='line_1_71' title="bbox 115 3726 1703 3807; baseline -0.01 -15"><span class='ocrx_word' id='word_1_502' title='bbox 115 3736 368 3807; x_wconf 77' lang='grc' dir='ltr'>ποταμὸν</span> <span class='ocrx_word' id='word_1_503' title='bbox 416 3732 787 3806; x_wconf 84' lang='grc' dir='ltr'>μεταχρῶσαι.</span> <span class='ocrx_word' id='word_1_504' title='bbox 819 3731 923 3784; x_wconf 86' lang='grc' dir='ltr'>Τὸν</span> <span class='ocrx_word' id='word_1_505' title='bbox 976 3729 1034 3783; x_wconf 85' lang='grc' dir='ltr'>δὲ</span> <span class='ocrx_word' id='word_1_506' title='bbox 1087 3726 1312 3801; x_wconf 85' lang='grc' dir='ltr'>βασιλέα</span> <span class='ocrx_word' id='word_1_507' title='bbox 1366 3740 1703 3797; x_wconf 84' lang='grc' dir='ltr'>φρονηματι-</span> 
     </span>
    </p>
   </div>
   <div class='ocr_carea' id='block_1_70' title="bbox 118 3814 1703 3895">
    <p class='ocr_par' dir='ltr' id='par_1_70' title="bbox 118 3814 1703 3895">
     <span class='ocr_line' id='line_1_72' title="bbox 118 3814 1703 3895; baseline -0.009 -12"><span class='ocrx_word' id='word_1_508' title='bbox 118 3829 315 3884; x_wconf 80' lang='grc' dir='ltr'>σθέντα</span> <span class='ocrx_word' id='word_1_509' title='bbox 365 3827 459 3880; x_wconf 72' lang='grc' dir='ltr'><strong>ἐπὶ</strong></span> <span class='ocrx_word' id='word_1_510' title='bbox 490 3824 568 3895; x_wconf 84' lang='grc' dir='ltr'>τῷ</span> <span class='ocrx_word' id='word_1_511' title='bbox 612 3822 874 3894; x_wconf 82' lang='grc' dir='ltr'>γεγονότι,</span> <span class='ocrx_word' id='word_1_512' title='bbox 905 3823 1055 3895; x_wconf 82' lang='grc' dir='ltr'>πάσῃ</span> <span class='ocrx_word' id='word_1_513' title='bbox 1080 3818 1321 3891; x_wconf 72' lang='grc' dir='ltr'>τιμωρία</span> <span class='ocrx_word' id='word_1_514' title='bbox 1354 3817 1449 3876; x_wconf 74' lang='grc' dir='ltr'>καὶ</span> <span class='ocrx_word' id='word_1_515' title='bbox 1484 3814 1703 3871; x_wconf 89' lang='grc' dir='ltr'>κολάσει</span> 
     </span>
    </p>
   </div>
   <div class='ocr_carea' id='block_1_71' title="bbox 118 3905 1705 3982">
    <p class='ocr_par' dir='ltr' id='par_1_71' title="bbox 118 3905 1705 3982">
     <span class='ocr_line' id='line_1_73' title="bbox 118 3905 1705 3982; baseline -0.009 -8"><span class='ocrx_word' id='word_1_516' title='bbox 118 3915 463 3982; x_wconf 83' lang='grc' dir='ltr'>καταικίζειν</span> <span class='ocrx_word' id='word_1_517' title='bbox 503 3916 633 3978; x_wconf 74' lang='grc' dir='ltr'>τοὺς</span> <span class='ocrx_word' id='word_1_518' title='bbox 675 3913 978 3976; x_wconf 82' lang='grc' dir='ltr'>Ἰουδαίους.</span> <span class='ocrx_word' id='word_1_519' title='bbox 1004 3911 1109 3966; x_wconf 85' lang='grc' dir='ltr'>Τὸν</span> <span class='ocrx_word' id='word_1_520' title='bbox 1146 3909 1204 3963; x_wconf 87' lang='grc' dir='ltr'>δὲ</span> <span class='ocrx_word' id='word_1_521' title='bbox 1247 3907 1500 3973; x_wconf 82' lang='grc' dir='ltr'>Μώῦσον,</span> <span class='ocrx_word' id='word_1_522' title='bbox 1530 3905 1705 3961; x_wconf 88' lang='grc' dir='ltr'>ταῦτα</span> 
     </span>
    </p>
   </div>
   <div class='ocr_carea' id='block_1_72' title="bbox 115 4000 1704 4085">
    <p class='ocr_par' dir='ltr' id='par_1_72' title="bbox 115 4000 1704 4085">
     <span class='ocr_line' id='line_1_74' title="bbox 115 4000 1704 4085; baseline -0.008 -19"><span class='ocrx_word' id='word_1_523' title='bbox 115 4013 350 4085; x_wconf 82' lang='grc' dir='ltr'>ὁρῶντα,</span> <span class='ocrx_word' id='word_1_524' title='bbox 377 4007 514 4065; x_wconf 73' lang='grc' dir='ltr'>ἄλλα</span> <span class='ocrx_word' id='word_1_525' title='bbox 543 4024 603 4061; x_wconf 90' lang='grc' dir='ltr'><strong>τε</strong></span> <span class='ocrx_word' id='word_1_526' title='bbox 637 4009 841 4077; x_wconf 85' lang='grc' dir='ltr'>σημεῖα</span> <span class='ocrx_word' id='word_1_527' title='bbox 870 4005 1113 4077; x_wconf 86' lang='grc' dir='ltr'>ποιῆσαι,</span> <span class='ocrx_word' id='word_1_528' title='bbox 1138 4002 1234 4057; x_wconf 76' lang='grc' dir='ltr'><strong>καί</strong></span> <span class='ocrx_word' id='word_1_529' title='bbox 1263 4000 1579 4069; x_wconf 80' lang='grc' dir='ltr'>πατάξαντα</span> <span class='ocrx_word' id='word_1_530' title='bbox 1606 4001 1704 4072; x_wconf 79' lang='grc' dir='ltr'>τὴν</span> 
     </span>
    </p>
   </div>
   <div class='ocr_carea' id='block_1_73' title="bbox 116 4093 1703 4178">
    <p class='ocr_par' dir='ltr' id='par_1_73' title="bbox 116 4093 1703 4178">
     <span class='ocr_line' id='line_1_75' title="bbox 116 4093 1703 4178; baseline -0.007 -19"><span class='ocrx_word' id='word_1_531' title='bbox 116 4109 221 4178; x_wconf 77' lang='grc' dir='ltr'>γῆν</span> <span class='ocrx_word' id='word_1_532' title='bbox 244 4106 312 4176; x_wconf 79' lang='grc' dir='ltr'>τῇ</span> <span class='ocrx_word' id='word_1_533' title='bbox 344 4100 549 4175; x_wconf 84' lang='grc' dir='ltr'>ῥάϐδῳ,</span> <span class='ocrx_word' id='word_1_534' title='bbox 574 4098 711 4165; x_wconf 79' lang='grc' dir='ltr'>ζῶόν</span> <span class='ocrx_word' id='word_1_535' title='bbox 738 4116 792 4153; x_wconf 91' lang='grc' dir='ltr'><strong>τι</strong></span> <span class='ocrx_word' id='word_1_536' title='bbox 824 4098 1026 4170; x_wconf 79' lang='grc' dir='ltr'>πτηνὸν</span> <span class='ocrx_word' id='word_1_537' title='bbox 1053 4097 1278 4160; x_wconf 86' lang='grc' dir='ltr'>ἀνεῖναι,</span> <span class='ocrx_word' id='word_1_538' title='bbox 1300 4094 1330 4147; x_wconf 83' lang='grc' dir='ltr'><strong>ὃ</strong></span> <span class='ocrx_word' id='word_1_539' title='bbox 1360 4093 1703 4167; x_wconf 69' lang='grc' dir='ltr'>λυμήνασθαι</span> 
     </span>
    </p>
   </div>
   <div class='ocr_carea' id='block_1_74' title="bbox 116 4186 1701 4264">
    <p class='ocr_par' dir='ltr' id='par_1_74' title="bbox 116 4186 1701 4264">
     <span class='ocr_line' id='line_1_76' title="bbox 116 4186 1701 4264; baseline -0.007 -12"><span class='ocrx_word' id='word_1_540' title='bbox 116 4200 247 4263; x_wconf 70' lang='grc' dir='ltr'>τοὺς</span> <span class='ocrx_word' id='word_1_541' title='bbox 280 4193 635 4264; x_wconf 75' lang='grc' dir='ltr'>Αἰγυπτίους,</span> <span class='ocrx_word' id='word_1_542' title='bbox 666 4191 846 4246; x_wconf 87' lang='grc' dir='ltr'>πάντα</span> <span class='ocrx_word' id='word_1_543' title='bbox 877 4208 938 4244; x_wconf 90' lang='grc' dir='ltr'><strong>τε</strong></span> <span class='ocrx_word' id='word_1_544' title='bbox 965 4188 1328 4258; x_wconf 79' lang='grc' dir='ltr'>ἐξελκωθῆναι</span> <span class='ocrx_word' id='word_1_545' title='bbox 1354 4187 1423 4241; x_wconf 81' lang='grc' dir='ltr'><strong>τά</strong></span> <span class='ocrx_word' id='word_1_546' title='bbox 1454 4186 1701 4258; x_wconf 80' lang='grc' dir='ltr'>σώματα.</span> 
     </span>
    </p>
   </div>
   <div class='ocr_carea' id='block_1_75' title="bbox 118 4277 1701 4358">
    <p class='ocr_par' dir='ltr' id='par_1_75' title="bbox 118 4277 1701 4358">
     <span class='ocr_line' id='line_1_77' title="bbox 118 4277 1701 4358; baseline -0.009 -12"><span class='ocrx_word' id='word_1_547' title='bbox 118 4290 243 4347; x_wconf 87' lang='grc' dir='ltr'>Τῶν</span> <span class='ocrx_word' id='word_1_548' title='bbox 265 4289 324 4343; x_wconf 83' lang='grc' dir='ltr'>δὲ</span> <span class='ocrx_word' id='word_1_549' title='bbox 354 4285 561 4358; x_wconf 89' lang='grc' dir='ltr'>ἰατρῶν</span> <span class='ocrx_word' id='word_1_550' title='bbox 584 4285 658 4356; x_wconf 82' lang='grc' dir='ltr'>μὴ</span> <span class='ocrx_word' id='word_1_551' title='bbox 677 4281 990 4354; x_wconf 82' lang='grc' dir='ltr'>δυναμένων</span> <span class='ocrx_word' id='word_1_552' title='bbox 1013 4281 1199 4337; x_wconf 79' lang='grc' dir='ltr'>ἰᾶσθαι</span> <span class='ocrx_word' id='word_1_553' title='bbox 1222 4279 1349 4343; x_wconf 81' lang='grc' dir='ltr'>τοὺς</span> <span class='ocrx_word' id='word_1_554' title='bbox 1373 4277 1701 4350; x_wconf 86' lang='grc' dir='ltr'>κάμνοντας,</span> 
     </span>
    </p>
   </div>
   <div class='ocr_carea' id='block_1_76' title="bbox 118 4372 1704 4448">
    <p class='ocr_par' dir='ltr' id='par_1_76' title="bbox 118 4372 1704 4448">
     <span class='ocr_line' id='line_1_78' title="bbox 118 4372 1704 4448; baseline -0.008 -11"><span class='ocrx_word' id='word_1_555' title='bbox 118 4384 263 4438; x_wconf 76' lang='grc' dir='ltr'>οὕτω</span> <span class='ocrx_word' id='word_1_556' title='bbox 291 4382 458 4436; x_wconf 85' lang='grc' dir='ltr'>πάλιν</span> <span class='ocrx_word' id='word_1_557' title='bbox 482 4379 722 4442; x_wconf 83' lang='grc' dir='ltr'>ἀνέσεως</span> <span class='ocrx_word' id='word_1_558' title='bbox 748 4379 933 4448; x_wconf 85' lang='grc' dir='ltr'>τυχεῖν</span> <span class='ocrx_word' id='word_1_559' title='bbox 956 4379 1083 4437; x_wconf 82' lang='grc' dir='ltr'>τοὺς</span> <span class='ocrx_word' id='word_1_560' title='bbox 1114 4373 1419 4436; x_wconf 81' lang='grc' dir='ltr'>Ἰουδαίους.</span> <span class='ocrx_word' id='word_1_561' title='bbox 1449 4372 1618 4427; x_wconf 88' lang='grc' dir='ltr'>Πάλιν</span> <span class='ocrx_word' id='word_1_562' title='bbox 1643 4388 1704 4425; x_wconf 91' lang='grc' dir='ltr'><strong>τε</strong></span> 
     </span>
    </p>
   </div>
   <div class='ocr_carea' id='block_1_77' title="bbox 1801 3245 3385 3328">
    <p class='ocr_par' dir='ltr' id='par_1_77' title="bbox 1801 3245 3385 3328">
     <span class='ocr_line' id='line_1_79' title="bbox 1801 3245 3385 3328; baseline -0.009 -16"><span class='ocrx_word' id='word_1_563' title='bbox 1801 3256 2078 3328; x_wconf 88' lang='lat' dir='ltr'><strong>pentibus,</strong></span> <span class='ocrx_word' id='word_1_564' title='bbox 2118 3263 2335 3324; x_wconf 90' lang='lat' dir='ltr'><strong>arrepta</strong></span> <span class='ocrx_word' id='word_1_565' title='bbox 2394 3252 2569 3308; x_wconf 87' lang='lat' dir='ltr'><strong>cauda</strong></span> <span class='ocrx_word' id='word_1_566' title='bbox 2622 3250 2859 3322; x_wconf 87' lang='lat' dir='ltr'><strong>priorem</strong></span> <span class='ocrx_word' id='word_1_567' title='bbox 2907 3247 2958 3304; x_wconf 92' lang='lat' dir='ltr'><strong>ei</strong></span> <span class='ocrx_word' id='word_1_568' title='bbox 2995 3261 3191 3302; x_wconf 90' lang='lat' dir='ltr'><strong>rursus</strong></span> <span class='ocrx_word' id='word_1_569' title='bbox 3217 3245 3385 3315; x_wconf 66' lang='lat' dir='ltr'><strong>virgae</strong></span> 
     </span>
    </p>
   </div>
   <div class='ocr_carea' id='block_1_78' title="bbox 1801 3336 3380 3412">
    <p class='ocr_par' dir='ltr' id='par_1_78' title="bbox 1801 3336 3380 3412">
     <span class='ocr_line' id='line_1_80' title="bbox 1801 3336 3380 3412; baseline -0.009 -9"><span class='ocrx_word' id='word_1_570' title='bbox 1801 3348 2034 3404; x_wconf 79' lang='lat' dir='ltr'><strong>formam</strong></span> <span class='ocrx_word' id='word_1_571' title='bbox 2068 3345 2385 3402; x_wconf 89' lang='lat' dir='ltr'><strong>reddidisse.</strong></span> <span class='ocrx_word' id='word_1_572' title='bbox 2416 3341 2588 3398; x_wconf 88' lang='lat' dir='ltr'><strong>Paulo</strong></span> <span class='ocrx_word' id='word_1_573' title='bbox 2619 3350 2743 3412; x_wconf 90' lang='lat' dir='ltr'><strong>post</strong></span> <span class='ocrx_word' id='word_1_574' title='bbox 2785 3339 2964 3394; x_wconf 87' lang='lat' dir='ltr'><strong>Nilum</strong></span> <span class='ocrx_word' id='word_1_575' title='bbox 3010 3337 3200 3394; x_wconf 90' lang='lat' dir='ltr'><strong>eadem</strong></span> <span class='ocrx_word' id='word_1_576' title='bbox 3229 3336 3380 3406; x_wconf 79' lang='lat' dir='ltr'><strong>virga</strong></span> 
     </span>
    </p>
   </div>
   <div class='ocr_carea' id='block_1_79' title="bbox 1801 3430 3382 3513">
    <p class='ocr_par' dir='ltr' id='par_1_79' title="bbox 1801 3430 3382 3513">
     <span class='ocr_line' id='line_1_81' title="bbox 1801 3430 3382 3513; baseline -0.011 -15"><span class='ocrx_word' id='word_1_577' title='bbox 1801 3455 2144 3513; x_wconf 87' lang='lat' dir='ltr'><strong>percussum,</strong></span> <span class='ocrx_word' id='word_1_578' title='bbox 2177 3434 2666 3492; x_wconf 89' lang='lat' dir='ltr'><strong>intumescentibus</strong></span> <span class='ocrx_word' id='word_1_579' title='bbox 2715 3432 2898 3498; x_wconf 91' lang='lat' dir='ltr'><strong>undis,</strong></span> <span class='ocrx_word' id='word_1_580' title='bbox 2929 3430 3222 3502; x_wconf 65' lang='lat' dir='ltr'><strong>Egyptum</strong></span> <span class='ocrx_word' id='word_1_581' title='bbox 3254 3431 3382 3483; x_wconf 89' lang='lat' dir='ltr'><strong>uni-</strong></span> 
     </span>
    </p>
   </div>
   <div class='ocr_carea' id='block_1_80' title="bbox 1805 3520 3384 3603">
    <p class='ocr_par' dir='ltr' id='par_1_80' title="bbox 1805 3520 3384 3603">
     <span class='ocr_line' id='line_1_82' title="bbox 1805 3520 3384 3603; baseline -0.01 -14"><span class='ocrx_word' id='word_1_582' title='bbox 1805 3548 2017 3589; x_wconf 85' lang='lat' dir='ltr'><strong>versam</strong></span> <span class='ocrx_word' id='word_1_583' title='bbox 2050 3531 2357 3603; x_wconf 89' lang='lat' dir='ltr'><strong>proluisse;</strong></span> <span class='ocrx_word' id='word_1_584' title='bbox 2387 3543 2455 3584; x_wconf 83' lang='lat' dir='ltr'><strong>ex</strong></span> <span class='ocrx_word' id='word_1_585' title='bbox 2485 3540 2663 3596; x_wconf 91' lang='lat' dir='ltr'><strong>eoque</strong></span> <span class='ocrx_word' id='word_1_586' title='bbox 2684 3536 2927 3594; x_wconf 88' lang='lat' dir='ltr'><strong>tempore</strong></span> <span class='ocrx_word' id='word_1_587' title='bbox 2943 3522 3103 3579; x_wconf 86' lang='lat' dir='ltr'><strong>statis</strong></span> <span class='ocrx_word' id='word_1_588' title='bbox 3125 3520 3384 3589; x_wconf 85' lang='lat' dir='ltr'><strong>deinceps</strong></span> 
     </span>
    </p>
   </div>
   <div class='ocr_carea' id='block_1_81' title="bbox 1803 3612 3382 3695">
    <p class='ocr_par' dir='ltr' id='par_1_81' title="bbox 1803 3612 3382 3695">
     <span class='ocr_line' id='line_1_83' title="bbox 1803 3612 3382 3695; baseline -0.011 -11"><span class='ocrx_word' id='word_1_589' title='bbox 1803 3627 2015 3684; x_wconf 85' lang='lat' dir='ltr'><strong>vicibus</strong></span> <span class='ocrx_word' id='word_1_590' title='bbox 2047 3626 2102 3680; x_wconf 90' lang='lat' dir='ltr'><strong>in</strong></span> <span class='ocrx_word' id='word_1_591' title='bbox 2135 3637 2298 3695; x_wconf 79' lang='lat' dir='ltr'><strong>agros</strong></span> <span class='ocrx_word' id='word_1_592' title='bbox 2327 3635 2448 3676; x_wconf 90' lang='lat' dir='ltr'><strong>sese</strong></span> <span class='ocrx_word' id='word_1_593' title='bbox 2479 3616 2659 3674; x_wconf 89' lang='lat' dir='ltr'><strong>Nilum</strong></span> <span class='ocrx_word' id='word_1_594' title='bbox 2681 3616 2957 3673; x_wconf 82' lang='lat' dir='ltr'><strong>cﬁ‘udisse.</strong></span> <span class='ocrx_word' id='word_1_595' title='bbox 2976 3614 3097 3669; x_wconf 84' lang='lat' dir='ltr'><strong>Mox</strong></span> <span class='ocrx_word' id='word_1_596' title='bbox 3126 3612 3382 3669; x_wconf 77' lang='lat' dir='ltr'><strong>collectas</strong></span> 
     </span>
    </p>
   </div>
   <div class='ocr_carea' id='block_1_82' title="bbox 1801 3704 3383 3792">
    <p class='ocr_par' dir='ltr' id='par_1_82' title="bbox 1801 3704 3383 3792">
     <span class='ocr_line' id='line_1_84' title="bbox 1801 3704 3383 3792; baseline -0.011 -14"><span class='ocrx_word' id='word_1_597' title='bbox 1801 3733 1857 3779; x_wconf 88' lang='lat' dir='ltr'><strong>et</strong></span> <span class='ocrx_word' id='word_1_598' title='bbox 1878 3728 2190 3792; x_wconf 80' lang='lat' dir='ltr'><strong>stagnantcs</strong></span> <span class='ocrx_word' id='word_1_599' title='bbox 2218 3717 2421 3786; x_wconf 90' lang='lat' dir='ltr'><strong>passim</strong></span> <span class='ocrx_word' id='word_1_600' title='bbox 2449 3728 2621 3784; x_wconf 88' lang='lat' dir='ltr'><strong>aquas</strong></span> <span class='ocrx_word' id='word_1_601' title='bbox 2650 3710 2990 3775; x_wconf 75' lang='lat' dir='ltr'><strong>eil‘erbuisse,</strong></span> <span class='ocrx_word' id='word_1_602' title='bbox 3012 3722 3115 3762; x_wconf 90' lang='lat' dir='ltr'><strong>nec</strong></span> <span class='ocrx_word' id='word_1_603' title='bbox 3137 3704 3383 3775; x_wconf 80' lang='lat' dir='ltr'><strong>piscibus</strong></span> 
     </span>
    </p>
   </div>
   <div class='ocr_carea' id='block_1_83' title="bbox 1803 3797 3387 3876">
    <p class='ocr_par' dir='ltr' id='par_1_83' title="bbox 1803 3797 3387 3876">
     <span class='ocr_line' id='line_1_85' title="bbox 1803 3797 3387 3876; baseline -0.013 -5"><span class='ocrx_word' id='word_1_604' title='bbox 1803 3813 1970 3871; x_wconf 88' lang='lat' dir='ltr'><strong>modo</strong></span> <span class='ocrx_word' id='word_1_605' title='bbox 2016 3811 2320 3876; x_wconf 91' lang='lat' dir='ltr'><strong>interitum,</strong></span> <span class='ocrx_word' id='word_1_606' title='bbox 2356 3806 2450 3863; x_wconf 92' lang='lat' dir='ltr'><strong>sed</strong></span> <span class='ocrx_word' id='word_1_607' title='bbox 2500 3804 2773 3862; x_wconf 82' lang='lat' dir='ltr'><strong>exitialem</strong></span> <span class='ocrx_word' id='word_1_608' title='bbox 2817 3815 3036 3873; x_wconf 92' lang='lat' dir='ltr'><strong>quoque</strong></span> <span class='ocrx_word' id='word_1_609' title='bbox 3069 3797 3387 3856; x_wconf 86' lang='lat' dir='ltr'><strong>hominibus</strong></span> 
     </span>
    </p>
   </div>
   <div class='ocr_carea' id='block_1_84' title="bbox 1804 3890 3385 3970">
    <p class='ocr_par' dir='ltr' id='par_1_84' title="bbox 1804 3890 3385 3970">
     <span class='ocr_line' id='line_1_86' title="bbox 1804 3890 3385 3970; baseline -0.014 -7"><span class='ocrx_word' id='word_1_610' title='bbox 1804 3906 1951 3964; x_wconf 90' lang='lat' dir='ltr'><strong>sitim</strong></span> <span class='ocrx_word' id='word_1_611' title='bbox 1979 3903 2250 3960; x_wconf 90' lang='lat' dir='ltr'><strong>attulisse.</strong></span> <span class='ocrx_word' id='word_1_612' title='bbox 2276 3900 2465 3970; x_wconf 85' lang='lat' dir='ltr'><strong>Itaque</strong></span> <span class='ocrx_word' id='word_1_613' title='bbox 2496 3912 2679 3968; x_wconf 77' lang='lat' dir='ltr'><strong>regem</strong></span> <span class='ocrx_word' id='word_1_614' title='bbox 2708 3904 2787 3950; x_wconf 89' lang='lat' dir='ltr'><strong>tot</strong></span> <span class='ocrx_word' id='word_1_615' title='bbox 2812 3891 3079 3965; x_wconf 78' lang='lat' dir='ltr'><strong>prodigiis</strong></span> <span class='ocrx_word' id='word_1_616' title='bbox 3108 3890 3385 3955; x_wconf 90' lang='lat' dir='ltr'><strong>territum,</strong></span> 
     </span>
    </p>
   </div>
   <div class='ocr_carea' id='block_1_85' title="bbox 1804 3980 3385 4068">
    <p class='ocr_par' dir='ltr' id='par_1_85' title="bbox 1804 3980 3385 4068">
     <span class='ocr_line' id='line_1_87' title="bbox 1804 3980 3385 4068; baseline -0.014 -11"><span class='ocrx_word' id='word_1_617' title='bbox 1804 4015 1926 4057; x_wconf 86' lang='lat' dir='ltr'><strong>sese</strong></span> <span class='ocrx_word' id='word_1_618' title='bbox 1953 4005 2076 4068; x_wconf 92' lang='lat' dir='ltr'><strong>post</strong></span> <span class='ocrx_word' id='word_1_619' title='bbox 2104 4008 2348 4051; x_wconf 88' lang='lat' dir='ltr'><strong>mensem</strong></span> <span class='ocrx_word' id='word_1_620' title='bbox 2365 3991 2584 4048; x_wconf 70' lang='lat' dir='ltr'><strong>Judaeos</strong></span> <span class='ocrx_word' id='word_1_621' title='bbox 2616 3986 2973 4044; x_wconf 88' lang='lat' dir='ltr'><strong>dimissurum</strong></span> <span class='ocrx_word' id='word_1_622' title='bbox 3003 3980 3385 4054; x_wconf 88' lang='lat' dir='ltr'><strong>spopondisse,</strong></span> 
     </span>
    </p>
   </div>
   <div class='ocr_carea' id='block_1_86' title="bbox 1805 4069 3388 4160">
    <p class='ocr_par' dir='ltr' id='par_1_86' title="bbox 1805 4069 3388 4160">
     <span class='ocr_line' id='line_1_88' title="bbox 1805 4069 3388 4160; baseline -0.014 -13"><span class='ocrx_word' id='word_1_623' title='bbox 1805 4090 1852 4147; x_wconf 92' lang='lat' dir='ltr'><strong>si</strong></span> <span class='ocrx_word' id='word_1_624' title='bbox 1884 4087 2151 4160; x_wconf 89' lang='lat' dir='ltr'><strong>pristinus</strong></span> <span class='ocrx_word' id='word_1_625' title='bbox 2180 4082 2393 4141; x_wconf 82' lang='lat' dir='ltr'><strong>ﬂumini</strong></span> <span class='ocrx_word' id='word_1_626' title='bbox 2439 4090 2617 4138; x_wconf 90' lang='lat' dir='ltr'><strong>status</strong></span> <span class='ocrx_word' id='word_1_627' title='bbox 2640 4095 2672 4135; x_wconf 90' lang='lat' dir='ltr'><strong>a</strong></span> <span class='ocrx_word' id='word_1_628' title='bbox 2703 4078 2891 4150; x_wconf 86' lang='lat' dir='ltr'><strong>Moyso</strong></span> <span class='ocrx_word' id='word_1_629' title='bbox 2922 4075 3242 4131; x_wconf 87' lang='lat' dir='ltr'><strong>redderetur</strong></span> <span class='ocrx_word' id='word_1_630' title='bbox 3272 4088 3287 4126; x_wconf 82' lang='grc' dir='ltr'><strong>ι</strong></span> <span class='ocrx_word' id='word_1_631' title='bbox 3319 4069 3388 4126; x_wconf 82' lang='lat' dir='ltr'><strong>il-</strong></span> 
     </span>
    </p>
   </div>
   <div class='ocr_carea' id='block_1_87' title="bbox 1804 4170 3388 4256">
    <p class='ocr_par' dir='ltr' id='par_1_87' title="bbox 1804 4170 3388 4256">
     <span class='ocr_line' id='line_1_89' title="bbox 1804 4170 3388 4256; baseline -0.015 -13"><span class='ocrx_word' id='word_1_632' title='bbox 1804 4188 1919 4242; x_wconf 92' lang='lat' dir='ltr'><strong>lum</strong></span> <span class='ocrx_word' id='word_1_633' title='bbox 1971 4199 2171 4256; x_wconf 91' lang='lat' dir='ltr'><strong>aquam</strong></span> <span class='ocrx_word' id='word_1_634' title='bbox 2221 4182 2401 4237; x_wconf 90' lang='lat' dir='ltr'><strong>denuo</strong></span> <span class='ocrx_word' id='word_1_635' title='bbox 2436 4179 2590 4248; x_wconf 82' lang='lat' dir='ltr'><strong>virga</strong></span> <span class='ocrx_word' id='word_1_636' title='bbox 2634 4175 2898 4246; x_wconf 80' lang='lat' dir='ltr'><strong>tetigisse,</strong></span> <span class='ocrx_word' id='word_1_637' title='bbox 2933 4170 3238 4239; x_wconf 88' lang='lat' dir='ltr'><strong>eodemque</strong></span> <span class='ocrx_word' id='word_1_638' title='bbox 3264 4180 3388 4237; x_wconf 83' lang='lat' dir='ltr'><strong>mo-</strong></span> 
     </span>
    </p>
   </div>
   <div class='ocr_carea' id='block_1_88' title="bbox 1805 4259 3388 4343">
    <p class='ocr_par' dir='ltr' id='par_1_88' title="bbox 1805 4259 3388 4343">
     <span class='ocr_line' id='line_1_90' title="bbox 1805 4259 3388 4343; baseline -0.015 -6"><span class='ocrx_word' id='word_1_639' title='bbox 1805 4288 1991 4337; x_wconf 90' lang='lat' dir='ltr'><strong>mento</strong></span> <span class='ocrx_word' id='word_1_640' title='bbox 2047 4277 2371 4334; x_wconf 88' lang='lat' dir='ltr'><strong>insolentem</strong></span> <span class='ocrx_word' id='word_1_641' title='bbox 2423 4272 2545 4343; x_wconf 90' lang='lat' dir='ltr'><strong>ejus</strong></span> <span class='ocrx_word' id='word_1_642' title='bbox 2598 4270 2860 4340; x_wconf 89' lang='lat' dir='ltr'><strong>impetum</strong></span> <span class='ocrx_word' id='word_1_643' title='bbox 2919 4263 3255 4321; x_wconf 85' lang='lat' dir='ltr'><strong>constitisse.</strong></span> <span class='ocrx_word' id='word_1_644' title='bbox 3287 4259 3388 4315; x_wconf 85' lang='lat' dir='ltr'><strong>Hie</strong></span> 
     </span>
    </p>
   </div>
   <div class='ocr_carea' id='block_1_89' title="bbox 1804 4355 3389 4441">
    <p class='ocr_par' dir='ltr' id='par_1_89' title="bbox 1804 4355 3389 4441">
     <span class='ocr_line' id='line_1_91' title="bbox 1804 4355 3389 4441; baseline -0.012 -15"><span class='ocrx_word' id='word_1_645' title='bbox 1804 4389 1935 4429; x_wconf 82' lang='lat' dir='ltr'><strong>vero</strong></span> <span class='ocrx_word' id='word_1_646' title='bbox 1966 4387 2172 4441; x_wconf 82' lang='lat' dir='ltr'><strong>regem,</strong></span> <span class='ocrx_word' id='word_1_647' title='bbox 2200 4367 2462 4433; x_wconf 89' lang='lat' dir='ltr'><strong>evocatis,</strong></span> <span class='ocrx_word' id='word_1_648' title='bbox 2493 4364 2589 4435; x_wconf 91' lang='lat' dir='ltr'><strong>qui</strong></span> <span class='ocrx_word' id='word_1_649' title='bbox 2637 4374 2790 4418; x_wconf 90' lang='lat' dir='ltr'><strong>trans</strong></span> <span class='ocrx_word' id='word_1_650' title='bbox 2843 4358 3134 4428; x_wconf 80' lang='lat' dir='ltr'><strong>Memphim</strong></span> <span class='ocrx_word' id='word_1_651' title='bbox 3185 4355 3389 4410; x_wconf 88' lang='lat' dir='ltr'><strong>incole-</strong></span> 
     </span>
    </p>
   </div>
   <div class='ocr_carea' id='block_1_90' title="bbox 116 4449 1697 4551">
    <p class='ocr_par' dir='ltr' id='par_1_90' title="bbox 116 4465 1697 4544">
     <span class='ocr_line' id='line_1_92' title="bbox 116 4465 1697 4544; baseline -0.01 -11"><span class='ocrx_word' id='word_1_652' title='bbox 116 4479 207 4532; x_wconf 73' lang='grc' dir='ltr'>τὸν</span> <span class='ocrx_word' id='word_1_653' title='bbox 232 4477 472 4532; x_wconf 82' lang='grc' dir='ltr'>Μὼὓσον</span> <span class='ocrx_word' id='word_1_654' title='bbox 517 4476 782 4544; x_wconf 88' lang='grc' dir='ltr'>βάτραχον</span> <span class='ocrx_word' id='word_1_655' title='bbox 826 4471 914 4523; x_wconf 82' lang='grc' dir='ltr'>διὰ</span> <span class='ocrx_word' id='word_1_656' title='bbox 951 4470 1053 4538; x_wconf 77' lang='grc' dir='ltr'>τῆς</span> <span class='ocrx_word' id='word_1_657' title='bbox 1083 4467 1280 4537; x_wconf 86' lang='grc' dir='ltr'>ῥάϐδου</span> <span class='ocrx_word' id='word_1_658' title='bbox 1309 4467 1535 4529; x_wconf 83' lang='grc' dir='ltr'>ἀνεῖναι,</span> <span class='ocrx_word' id='word_1_659' title='bbox 1568 4465 1697 4535; x_wconf 83' lang='grc' dir='ltr'>πρὸς</span> 
     </span>
    </p>
   </div>
   <div class='ocr_carea' id='block_1_91' title="bbox 1799 4449 3386 4551">
    <p class='ocr_par' dir='ltr' id='par_1_91' title="bbox 1808 4449 3386 4532">
     <span class='ocr_line' id='line_1_93' title="bbox 1808 4449 3386 4532; baseline -0.015 -9"><span class='ocrx_word' id='word_1_660' title='bbox 1808 4467 1962 4532; x_wconf 89' lang='lat' dir='ltr'><strong>bant,</strong></span> <span class='ocrx_word' id='word_1_661' title='bbox 1995 4463 2397 4525; x_wconf 81' lang='lat' dir='ltr'><strong>sacerdotibus,</strong></span> <span class='ocrx_word' id='word_1_662' title='bbox 2429 4473 2619 4514; x_wconf 88' lang='lat' dir='ltr'><strong>necem</strong></span> <span class='ocrx_word' id='word_1_663' title='bbox 2665 4455 2923 4512; x_wconf 88' lang='lat' dir='ltr'><strong>omnibus</strong></span> <span class='ocrx_word' id='word_1_664' title='bbox 2950 4449 3386 4513; x_wconf 87' lang='lat' dir='ltr'><strong>interminatum,</strong></span> 
     </span>
    </p>
   </div>
   <div class='ocr_carea' id='block_1_92' title="bbox 114 4540 1697 4639">
    <p class='ocr_par' dir='ltr' id='par_1_92' title="bbox 114 4540 1697 4639">
     <span class='ocr_line' id='line_1_94' title="bbox 114 4540 1697 4639; baseline -0.01 -12"><span class='ocrx_word' id='word_1_665' title='bbox 114 4573 171 4626; x_wconf 80' lang='grc' dir='ltr'>δὲ</span> <span class='ocrx_word' id='word_1_666' title='bbox 190 4569 406 4633; x_wconf 85' lang='grc' dir='ltr'>τούτοις</span> <span class='ocrx_word' id='word_1_667' title='bbox 423 4540 670 4639; x_wconf 76' lang='grc' dir='ltr'>ἀκρίδας,</span> <span class='ocrx_word' id='word_1_668' title='bbox 688 4540 782 4619; x_wconf 69' lang='grc' dir='ltr'><strong>καὶ</strong></span> <span class='ocrx_word' id='word_1_669' title='bbox 806 4560 1059 4625; x_wconf 82' lang='grc' dir='ltr'>σκνίπας.</span> <span class='ocrx_word' id='word_1_670' title='bbox 1079 4560 1177 4614; x_wconf 87' lang='grc' dir='ltr'>Διά</span> <span class='ocrx_word' id='word_1_671' title='bbox 1199 4559 1357 4613; x_wconf 87' lang='grc' dir='ltr'>τοῦτο</span> <span class='ocrx_word' id='word_1_672' title='bbox 1369 4558 1426 4612; x_wconf 83' lang='grc' dir='ltr'>δὲ</span> <span class='ocrx_word' id='word_1_673' title='bbox 1455 4558 1550 4612; x_wconf 75' lang='grc' dir='ltr'>καὶ</span> <span class='ocrx_word' id='word_1_674' title='bbox 1572 4558 1697 4621; x_wconf 86' lang='grc' dir='ltr'>τοὺς</span> 
     </span>
    </p>
   </div>
   <div class='ocr_carea' id='block_1_93' title="bbox 1799 4540 3384 4639">
    <p class='ocr_par' dir='ltr' id='par_1_93' title="bbox 1807 4540 3384 4626">
     <span class='ocr_line' id='line_1_95' title="bbox 1807 4540 3384 4626; baseline -0.013 -11"><span class='ocrx_word' id='word_1_675' title='bbox 1807 4560 1912 4615; x_wconf 87' lang='lat' dir='ltr'><strong>nisi</strong></span> <span class='ocrx_word' id='word_1_676' title='bbox 1958 4558 2160 4615; x_wconf 90' lang='lat' dir='ltr'><strong>similia</strong></span> <span class='ocrx_word' id='word_1_677' title='bbox 2194 4556 2295 4626; x_wconf 90' lang='lat' dir='ltr'><strong>ipsi</strong></span> <span class='ocrx_word' id='word_1_678' title='bbox 2328 4566 2546 4623; x_wconf 85' lang='lat' dir='ltr'><strong>quoque</strong></span> <span class='ocrx_word' id='word_1_679' title='bbox 2575 4549 2821 4620; x_wconf 84' lang='lat' dir='ltr'><strong>prodigia</strong></span> <span class='ocrx_word' id='word_1_680' title='bbox 2854 4544 3221 4602; x_wconf 85' lang='lat' dir='ltr'><strong>ostenderent.</strong></span> <span class='ocrx_word' id='word_1_681' title='bbox 3251 4540 3384 4606; x_wconf 90' lang='lat' dir='ltr'><strong>Eos,</strong></span> 
     </span>
    </p>
   </div>
   <div class='ocr_carea' id='block_1_94' title="bbox 115 4649 1697 4734">
    <p class='ocr_par' dir='ltr' id='par_1_94' title="bbox 115 4649 1697 4734">
     <span class='ocr_line' id='line_1_96' title="bbox 115 4649 1697 4734; baseline -0.011 -14"><span class='ocrx_word' id='word_1_682' title='bbox 115 4663 450 4734; x_wconf 76' lang='grc' dir='ltr'>Αἰγυπτίους</span> <span class='ocrx_word' id='word_1_683' title='bbox 494 4660 595 4732; x_wconf 83' lang='grc' dir='ltr'><strong>τὴν</strong></span> <span class='ocrx_word' id='word_1_684' title='bbox 652 4657 843 4730; x_wconf 84' lang='grc' dir='ltr'>ῥάϐδον</span> <span class='ocrx_word' id='word_1_685' title='bbox 894 4653 1207 4709; x_wconf 81' lang='grc' dir='ltr'>ἀνατιθέναι</span> <span class='ocrx_word' id='word_1_686' title='bbox 1251 4654 1332 4716; x_wconf 85' lang='grc' dir='ltr'><strong>εἰς</strong></span> <span class='ocrx_word' id='word_1_687' title='bbox 1377 4652 1485 4705; x_wconf 81' lang='grc' dir='ltr'>πᾶν</span> <span class='ocrx_word' id='word_1_688' title='bbox 1534 4649 1697 4722; x_wconf 79' lang='grc' dir='ltr'>ἱερὸν,</span> 
     </span>
    </p>
   </div>
   <div class='ocr_carea' id='block_1_95' title="bbox 113 4740 1697 4831">
    <p class='ocr_par' dir='ltr' id='par_1_95' title="bbox 113 4740 1697 4831">
     <span class='ocr_line' id='line_1_97' title="bbox 113 4740 1697 4831; baseline -0.012 -18"><span class='ocrx_word' id='word_1_689' title='bbox 113 4759 317 4831; x_wconf 78' lang='grc' dir='ltr'>ὁμοίως</span> <span class='ocrx_word' id='word_1_690' title='bbox 339 4755 399 4809; x_wconf 80' lang='grc' dir='ltr'>δὲ</span> <span class='ocrx_word' id='word_1_691' title='bbox 430 4753 527 4808; x_wconf 76' lang='grc' dir='ltr'>καὶ</span> <span class='ocrx_word' id='word_1_692' title='bbox 555 4757 625 4823; x_wconf 80' lang='grc' dir='ltr'>τῇ</span> <span class='ocrx_word' id='word_1_693' title='bbox 656 4751 832 4811; x_wconf 82' lang='grc' dir='ltr'>Ἴσιδι,</span> <span class='ocrx_word' id='word_1_694' title='bbox 870 4749 957 4803; x_wconf 76' lang='grc' dir='ltr'>διὰ</span> <span class='ocrx_word' id='word_1_695' title='bbox 997 4749 1059 4802; x_wconf 80' lang='grc' dir='ltr'>τὸ</span> <span class='ocrx_word' id='word_1_696' title='bbox 1093 4747 1191 4817; x_wconf 80' lang='grc' dir='ltr'>τὴν</span> <span class='ocrx_word' id='word_1_697' title='bbox 1237 4746 1339 4817; x_wconf 81' lang='grc' dir='ltr'>γῆν</span> <span class='ocrx_word' id='word_1_698' title='bbox 1367 4740 1505 4798; x_wconf 84' lang='grc' dir='ltr'>εἶναι</span> <span class='ocrx_word' id='word_1_699' title='bbox 1531 4741 1697 4804; x_wconf 81' lang='grc' dir='ltr'>Ἶσιν,</span> 
     </span>
    </p>
   </div>
   <div class='ocr_carea' id='block_1_96' title="bbox 116 4833 1700 4920">
    <p class='ocr_par' dir='ltr' id='par_1_96' title="bbox 116 4833 1700 4920">
     <span class='ocr_line' id='line_1_98' title="bbox 116 4833 1700 4920; baseline -0.013 -15"><span class='ocrx_word' id='word_1_700' title='bbox 116 4849 419 4920; x_wconf 82' lang='grc' dir='ltr'>παιομένην</span> <span class='ocrx_word' id='word_1_701' title='bbox 465 4845 523 4899; x_wconf 83' lang='grc' dir='ltr'>δὲ</span> <span class='ocrx_word' id='word_1_702' title='bbox 560 4847 627 4915; x_wconf 82' lang='grc' dir='ltr'>τῇ</span> <span class='ocrx_word' id='word_1_703' title='bbox 681 4842 882 4915; x_wconf 85' lang='grc' dir='ltr'>ῥάϐδῳ,</span> <span class='ocrx_word' id='word_1_704' title='bbox 906 4840 977 4893; x_wconf 85' lang='grc' dir='ltr'>τὰ</span> <span class='ocrx_word' id='word_1_705' title='bbox 1005 4840 1209 4910; x_wconf 88' lang='grc' dir='ltr'>τέρατα</span> <span class='ocrx_word' id='word_1_706' title='bbox 1234 4839 1462 4891; x_wconf 89' lang='grc' dir='ltr'>ἀνεῖναι.</span> <span class='ocrx_word' id='word_1_707' title='bbox 1501 4833 1609 4887; x_wconf 87' lang='grc' dir='ltr'>Τοῦ</span> <span class='ocrx_word' id='word_1_708' title='bbox 1641 4833 1700 4886; x_wconf 84' lang='grc' dir='ltr'>δὲ</span> 
     </span>
    </p>
   </div>
   <div class='ocr_carea' id='block_1_97' title="bbox 117 4926 1701 5013">
    <p class='ocr_par' dir='ltr' id='par_1_97' title="bbox 117 4926 1701 5013">
     <span class='ocr_line' id='line_1_99' title="bbox 117 4926 1701 5013; baseline -0.011 -16"><span class='ocrx_word' id='word_1_709' title='bbox 117 4942 384 5013; x_wconf 77' lang='grc' dir='ltr'>βασιλέως</span> <span class='ocrx_word' id='word_1_710' title='bbox 416 4939 499 4992; x_wconf 75' lang='grc' dir='ltr'>ἔτι</span> <span class='ocrx_word' id='word_1_711' title='bbox 529 4935 952 5007; x_wconf 80' lang='grc' dir='ltr'>ἀφρονουμένου,</span> <span class='ocrx_word' id='word_1_712' title='bbox 986 4932 1078 4985; x_wconf 79' lang='grc' dir='ltr'><strong>τὸν</strong></span> <span class='ocrx_word' id='word_1_713' title='bbox 1107 4931 1339 4985; x_wconf 85' lang='grc' dir='ltr'>Μώῡσον</span> <span class='ocrx_word' id='word_1_714' title='bbox 1368 4926 1607 5000; x_wconf 77' lang='grc' dir='ltr'>χάλαζάν</span> <span class='ocrx_word' id='word_1_715' title='bbox 1640 4943 1701 4980; x_wconf 92' lang='grc' dir='ltr'><strong>τε</strong></span> 
     </span>
    </p>
   </div>
   <div class='ocr_carea' id='block_1_98' title="bbox 114 5018 1701 5103">
    <p class='ocr_par' dir='ltr' id='par_1_98' title="bbox 114 5018 1701 5103">
     <span class='ocr_line' id='line_1_100' title="bbox 114 5018 1701 5103; baseline -0.011 -14"><span class='ocrx_word' id='word_1_716' title='bbox 114 5036 207 5088; x_wconf 77' lang='grc' dir='ltr'>καὶ</span> <span class='ocrx_word' id='word_1_717' title='bbox 249 5032 512 5103; x_wconf 72' lang='grc' dir='ltr'>σεισμοὺς</span> <span class='ocrx_word' id='word_1_718' title='bbox 559 5029 647 5084; x_wconf 82' lang='grc' dir='ltr'><strong>διά</strong></span> <span class='ocrx_word' id='word_1_719' title='bbox 686 5028 880 5091; x_wconf 81' lang='grc' dir='ltr'>νυκτὸς</span> <span class='ocrx_word' id='word_1_720' title='bbox 906 5024 1249 5088; x_wconf 81' lang='grc' dir='ltr'>ἀποτελέσαι,</span> <span class='ocrx_word' id='word_1_721' title='bbox 1280 5021 1420 5076; x_wconf 84' lang='grc' dir='ltr'>ὥστε</span> <span class='ocrx_word' id='word_1_722' title='bbox 1454 5023 1579 5084; x_wconf 78' lang='grc' dir='ltr'>τοὺς</span> <span class='ocrx_word' id='word_1_723' title='bbox 1610 5018 1701 5073; x_wconf 77' lang='grc' dir='ltr'><strong>τὸν</strong></span> 
     </span>
    </p>
   </div>
   <div class='ocr_carea' id='block_1_99' title="bbox 117 5112 1698 5197">
    <p class='ocr_par' dir='ltr' id='par_1_99' title="bbox 117 5112 1698 5197">
     <span class='ocr_line' id='line_1_101' title="bbox 117 5112 1698 5197; baseline -0.01 -17"><span class='ocrx_word' id='word_1_724' title='bbox 117 5125 341 5197; x_wconf 71' lang='grc' dir='ltr'>σεισμὸν</span> <span class='ocrx_word' id='word_1_725' title='bbox 386 5122 689 5193; x_wconf 82' lang='grc' dir='ltr'>φεύγοντας</span> <span class='ocrx_word' id='word_1_726' title='bbox 732 5120 841 5173; x_wconf 87' lang='grc' dir='ltr'><strong>ἀπὸ</strong></span> <span class='ocrx_word' id='word_1_727' title='bbox 885 5118 984 5185; x_wconf 82' lang='grc' dir='ltr'>τῆς</span> <span class='ocrx_word' id='word_1_728' title='bbox 1029 5116 1270 5188; x_wconf 76' lang='grc' dir='ltr'>χαλάζης</span> <span class='ocrx_word' id='word_1_729' title='bbox 1325 5112 1698 5185; x_wconf 83' lang='grc' dir='ltr'>ἀναιρεῖσθαι,</span> 
     </span>
    </p>
   </div>
   <div class='ocr_carea' id='block_1_100' title="bbox 117 5205 1701 5288">
    <p class='ocr_par' dir='ltr' id='par_1_100' title="bbox 117 5205 1701 5288">
     <span class='ocr_line' id='line_1_102' title="bbox 117 5205 1701 5288; baseline -0.008 -14"><span class='ocrx_word' id='word_1_730' title='bbox 117 5220 239 5285; x_wconf 84' lang='grc' dir='ltr'>τούς</span> <span class='ocrx_word' id='word_1_731' title='bbox 280 5235 348 5272; x_wconf 82' lang='grc' dir='ltr'><strong>τε</strong></span> <span class='ocrx_word' id='word_1_732' title='bbox 380 5217 482 5288; x_wconf 83' lang='grc' dir='ltr'>τὴν</span> <span class='ocrx_word' id='word_1_733' title='bbox 524 5213 762 5285; x_wconf 77' lang='grc' dir='ltr'>χάλαζαν</span> <span class='ocrx_word' id='word_1_734' title='bbox 799 5211 1145 5274; x_wconf 75' lang='grc' dir='ltr'>ἐκκλίνοντας</span> <span class='ocrx_word' id='word_1_735' title='bbox 1187 5211 1291 5263; x_wconf 81' lang='grc' dir='ltr'>ὑπὸ</span> <span class='ocrx_word' id='word_1_736' title='bbox 1323 5209 1431 5263; x_wconf 80' lang='grc' dir='ltr'><strong>τῶν</strong></span> <span class='ocrx_word' id='word_1_737' title='bbox 1461 5205 1701 5278; x_wconf 82' lang='grc' dir='ltr'>σεισμῶν</span> 
     </span>
    </p>
   </div>
   <div class='ocr_carea' id='block_1_101' title="bbox 115 5298 1700 5377">
    <p class='ocr_par' dir='ltr' id='par_1_101' title="bbox 115 5298 1700 5377">
     <span class='ocr_line' id='line_1_103' title="bbox 115 5298 1700 5377; baseline -0.007 -15"><span class='ocrx_word' id='word_1_738' title='bbox 115 5304 544 5377; x_wconf 78' lang='grc' dir='ltr'>διαφθείρεσθαι.</span> <span class='ocrx_word' id='word_1_739' title='bbox 576 5304 881 5374; x_wconf 88' lang='grc' dir='ltr'>Συμπεσεῖν</span> <span class='ocrx_word' id='word_1_740' title='bbox 903 5300 959 5353; x_wconf 82' lang='grc' dir='ltr'>δὲ</span> <span class='ocrx_word' id='word_1_741' title='bbox 983 5300 1103 5354; x_wconf 84' lang='grc' dir='ltr'>τότε</span> <span class='ocrx_word' id='word_1_742' title='bbox 1133 5298 1230 5363; x_wconf 78' lang='grc' dir='ltr'>τὰς</span> <span class='ocrx_word' id='word_1_743' title='bbox 1263 5299 1361 5370; x_wconf 86' lang='grc' dir='ltr'><strong>μὲν</strong></span> <span class='ocrx_word' id='word_1_744' title='bbox 1388 5299 1564 5361; x_wconf 85' lang='grc' dir='ltr'>οἰκίας</span> <span class='ocrx_word' id='word_1_745' title='bbox 1591 5299 1700 5352; x_wconf 84' lang='grc' dir='ltr'>πά-</span> 
     </span>
    </p>
   </div>
   <div class='ocr_carea' id='block_1_102' title="bbox 119 5390 1700 5461">
    <p class='ocr_par' dir='ltr' id='par_1_102' title="bbox 119 5390 1700 5461">
     <span class='ocr_line' id='line_1_104' title="bbox 119 5390 1700 5461; baseline -0.006 -9"><span class='ocrx_word' id='word_1_746' title='bbox 119 5414 238 5461; x_wconf 86' lang='grc' dir='ltr'>σας,</span> <span class='ocrx_word' id='word_1_747' title='bbox 266 5396 379 5450; x_wconf 86' lang='grc' dir='ltr'><strong>τῶν</strong></span> <span class='ocrx_word' id='word_1_748' title='bbox 410 5413 473 5449; x_wconf 88' lang='grc' dir='ltr'><strong>τε</strong></span> <span class='ocrx_word' id='word_1_749' title='bbox 503 5395 648 5449; x_wconf 86' lang='grc' dir='ltr'>ναῶν</span> <span class='ocrx_word' id='word_1_750' title='bbox 677 5396 803 5458; x_wconf 78' lang='grc' dir='ltr'>τοὺς</span> <span class='ocrx_word' id='word_1_751' title='bbox 826 5393 1131 5456; x_wconf 83' lang='grc' dir='ltr'>πλείστους.</span> <span class='ocrx_word' id='word_1_752' title='bbox 1164 5390 1484 5444; x_wconf 85' lang='grc' dir='ltr'>Τελευταῖον</span> <span class='ocrx_word' id='word_1_753' title='bbox 1512 5391 1700 5444; x_wconf 86' lang='grc' dir='ltr'>τοιαύ-</span> 
     </span>
    </p>
   </div>
   <div class='ocr_carea' id='block_1_103' title="bbox 118 5482 1703 5560">
    <p class='ocr_par' dir='ltr' id='par_1_103' title="bbox 118 5482 1703 5560">
     <span class='ocr_line' id='line_1_105' title="bbox 118 5482 1703 5560; baseline -0.006 -17"><span class='ocrx_word' id='word_1_754' title='bbox 118 5506 236 5554; x_wconf 86' lang='grc' dir='ltr'>ταις</span> <span class='ocrx_word' id='word_1_755' title='bbox 272 5487 582 5560; x_wconf 77' lang='grc' dir='ltr'>συμφοραῖς</span> <span class='ocrx_word' id='word_1_756' title='bbox 607 5486 971 5558; x_wconf 83' lang='grc' dir='ltr'>περιπεσόντα</span> <span class='ocrx_word' id='word_1_757' title='bbox 1009 5483 1101 5537; x_wconf 68' lang='grc' dir='ltr'><strong>τδν</strong></span> <span class='ocrx_word' id='word_1_758' title='bbox 1137 5482 1377 5553; x_wconf 85' lang='grc' dir='ltr'>βασιλέα,</span> <span class='ocrx_word' id='word_1_759' title='bbox 1411 5483 1537 5547; x_wconf 82' lang='grc' dir='ltr'>τοὺς</span> <span class='ocrx_word' id='word_1_760' title='bbox 1580 5484 1703 5535; x_wconf 72' lang='grc' dir='ltr'>ἰουο</span> 
     </span>
    </p>
   </div>
   <div class='ocr_carea' id='block_1_104' title="bbox 118 5574 1701 5649">
    <p class='ocr_par' dir='ltr' id='par_1_104' title="bbox 118 5574 1701 5649">
     <span class='ocr_line' id='line_1_106' title="bbox 118 5574 1701 5649; baseline -0.004 -14"><span class='ocrx_word' id='word_1_761' title='bbox 118 5581 300 5646; x_wconf 82' lang='grc' dir='ltr'>δαίους</span> <span class='ocrx_word' id='word_1_762' title='bbox 344 5578 637 5635; x_wconf 82' lang='grc' dir='ltr'>ἀπολῦσαι.</span> <span class='ocrx_word' id='word_1_763' title='bbox 674 5579 814 5642; x_wconf 83' lang='grc' dir='ltr'>Τοὺς</span> <span class='ocrx_word' id='word_1_764' title='bbox 856 5578 914 5631; x_wconf 83' lang='grc' dir='ltr'>δὲ</span> <span class='ocrx_word' id='word_1_765' title='bbox 971 5576 1351 5649; x_wconf 80' lang='grc' dir='ltr'>χρησαμένους</span> <span class='ocrx_word' id='word_1_766' title='bbox 1397 5574 1550 5645; x_wconf 81' lang='grc' dir='ltr'>παρὰ</span> <span class='ocrx_word' id='word_1_767' title='bbox 1591 5574 1701 5629; x_wconf 83' lang='grc' dir='ltr'><strong>τῶν</strong></span> 
     </span>
    </p>
   </div>
   <div class='ocr_carea' id='block_1_105' title="bbox 119 5669 1698 5742">
    <p class='ocr_par' dir='ltr' id='par_1_105' title="bbox 119 5669 1698 5742">
     <span class='ocr_line' id='line_1_107' title="bbox 119 5669 1698 5742; baseline -0.003 -16"><span class='ocrx_word' id='word_1_768' title='bbox 119 5673 428 5742; x_wconf 72' lang='grc' dir='ltr'>Αἰγυπτίων</span> <span class='ocrx_word' id='word_1_769' title='bbox 462 5670 633 5724; x_wconf 86' lang='grc' dir='ltr'>πολλά</span> <span class='ocrx_word' id='word_1_770' title='bbox 667 5671 766 5742; x_wconf 85' lang='grc' dir='ltr'>μὲν</span> <span class='ocrx_word' id='word_1_771' title='bbox 797 5669 1123 5741; x_wconf 80' lang='grc' dir='ltr'>ἐκπώματα,</span> <span class='ocrx_word' id='word_1_772' title='bbox 1151 5670 1251 5723; x_wconf 83' lang='grc' dir='ltr'><strong>οὐκ</strong></span> <span class='ocrx_word' id='word_1_773' title='bbox 1282 5669 1461 5738; x_wconf 80' lang='grc' dir='ltr'>ὀλίγον</span> <span class='ocrx_word' id='word_1_774' title='bbox 1487 5669 1544 5724; x_wconf 84' lang='grc' dir='ltr'>δὲ</span> <span class='ocrx_word' id='word_1_775' title='bbox 1571 5672 1583 5722; x_wconf 90' lang='grc' dir='ltr'><strong>ἰ</strong></span> <span class='ocrx_word' id='word_1_776' title='bbox 1594 5687 1698 5741; x_wconf 88' lang='grc' dir='ltr'>μα-</span> 
     </span>
    </p>
   </div>
   <div class='ocr_carea' id='block_1_106' title="bbox 122 5762 1702 5830">
    <p class='ocr_par' dir='ltr' id='par_1_106' title="bbox 122 5762 1702 5830">
     <span class='ocr_line' id='line_1_108' title="bbox 122 5762 1702 5830; baseline 0.001 -12"><span class='ocrx_word' id='word_1_777' title='bbox 122 5764 327 5830; x_wconf 81' lang='grc' dir='ltr'>τισμδν,</span> <span class='ocrx_word' id='word_1_778' title='bbox 357 5765 527 5829; x_wconf 80' lang='grc' dir='ltr'>ἀλλην</span> <span class='ocrx_word' id='word_1_779' title='bbox 571 5781 630 5817; x_wconf 89' lang='grc' dir='ltr'><strong>τε</strong></span> <span class='ocrx_word' id='word_1_780' title='bbox 679 5762 985 5829; x_wconf 85' lang='grc' dir='ltr'>παμπληθῆ</span> <span class='ocrx_word' id='word_1_781' title='bbox 1036 5763 1229 5829; x_wconf 75' lang='grc' dir='ltr'>γάζαν,</span> <span class='ocrx_word' id='word_1_782' title='bbox 1257 5762 1547 5828; x_wconf 87' lang='grc' dir='ltr'>διαϐάντας</span> <span class='ocrx_word' id='word_1_783' title='bbox 1574 5765 1702 5826; x_wconf 77' lang='grc' dir='ltr'>τοὺς</span> 
     </span>
    </p>
   </div>
   <div class='ocr_carea' id='block_1_107' title="bbox 1804 4630 3387 4721">
    <p class='ocr_par' dir='ltr' id='par_1_107' title="bbox 1804 4630 3387 4721">
     <span class='ocr_line' id='line_1_109' title="bbox 1804 4630 3387 4721; baseline -0.015 -16"><span class='ocrx_word' id='word_1_784' title='bbox 1804 4648 2096 4721; x_wconf 70' lang='lat' dir='ltr'><strong>praestigiis</strong></span> <span class='ocrx_word' id='word_1_785' title='bbox 2123 4655 2176 4701; x_wconf 88' lang='lat' dir='ltr'><strong>et</strong></span> <span class='ocrx_word' id='word_1_786' title='bbox 2210 4642 2555 4700; x_wconf 82' lang='lat' dir='ltr'><strong>cantionibus</strong></span> <span class='ocrx_word' id='word_1_787' title='bbox 2588 4635 2917 4709; x_wconf 87' lang='lat' dir='ltr'><strong>quibusdam</strong></span> <span class='ocrx_word' id='word_1_788' title='bbox 2948 4640 3171 4704; x_wconf 88' lang='lat' dir='ltr'><strong>repente</strong></span> <span class='ocrx_word' id='word_1_789' title='bbox 3198 4630 3387 4685; x_wconf 84' lang='lat' dir='ltr'><strong>draco-</strong></span> 
     </span>
    </p>
   </div>
   <div class='ocr_carea' id='block_1_108' title="bbox 1805 4722 3386 4813">
    <p class='ocr_par' dir='ltr' id='par_1_108' title="bbox 1805 4722 3386 4813">
     <span class='ocr_line' id='line_1_110' title="bbox 1805 4722 3386 4813; baseline -0.016 -14"><span class='ocrx_word' id='word_1_790' title='bbox 1805 4745 1913 4809; x_wconf 63' lang='lat' dir='ltr'><strong>nis}</strong></span> <span class='ocrx_word' id='word_1_791' title='bbox 1938 4741 2173 4813; x_wconf 90' lang='lat' dir='ltr'><strong>speciem</strong></span> <span class='ocrx_word' id='word_1_792' title='bbox 2223 4736 2513 4808; x_wconf 85' lang='lat' dir='ltr'><strong>objecisse,</strong></span> <span class='ocrx_word' id='word_1_793' title='bbox 2544 4748 2607 4787; x_wconf 91' lang='lat' dir='ltr'><strong>ac</strong></span> <span class='ocrx_word' id='word_1_794' title='bbox 2636 4728 2877 4785; x_wconf 83' lang='lat' dir='ltr'><strong>ﬂuminis</strong></span> <span class='ocrx_word' id='word_1_795' title='bbox 2914 4726 3152 4781; x_wconf 80' lang='lat' dir='ltr'><strong>colorem</strong></span> <span class='ocrx_word' id='word_1_796' title='bbox 3184 4722 3386 4777; x_wconf 89' lang='lat' dir='ltr'><strong>immu-</strong></span> 
     </span>
    </p>
   </div>
   <div class='ocr_carea' id='block_1_109' title="bbox 1805 4817 3384 4903">
    <p class='ocr_par' dir='ltr' id='par_1_109' title="bbox 1805 4817 3384 4903">
     <span class='ocr_line' id='line_1_111' title="bbox 1805 4817 3384 4903; baseline -0.016 -10"><span class='ocrx_word' id='word_1_797' title='bbox 1805 4845 1986 4899; x_wconf 86' lang='lat' dir='ltr'><strong>tasse;</strong></span> <span class='ocrx_word' id='word_1_798' title='bbox 2038 4847 2148 4903; x_wconf 87' lang='lat' dir='ltr'><strong>quo</strong></span> <span class='ocrx_word' id='word_1_799' title='bbox 2198 4828 2341 4884; x_wconf 83' lang='lat' dir='ltr'><strong>facto</strong></span> <span class='ocrx_word' id='word_1_800' title='bbox 2389 4825 2669 4882; x_wconf 85' lang='lat' dir='ltr'><strong>elatiorem</strong></span> <span class='ocrx_word' id='word_1_801' title='bbox 2717 4835 2781 4876; x_wconf 88' lang='lat' dir='ltr'><strong>ac</strong></span> <span class='ocrx_word' id='word_1_802' title='bbox 2827 4817 3175 4873; x_wconf 83' lang='lat' dir='ltr'><strong>tumidiorem</strong></span> <span class='ocrx_word' id='word_1_803' title='bbox 3217 4826 3384 4884; x_wconf 88' lang='lat' dir='ltr'><strong>quam</strong></span> 
     </span>
    </p>
   </div>
   <div class='ocr_carea' id='block_1_110' title="bbox 1806 4907 3386 4995">
    <p class='ocr_par' dir='ltr' id='par_1_110' title="bbox 1806 4907 3386 4995">
     <span class='ocr_line' id='line_1_112' title="bbox 1806 4907 3386 4995; baseline -0.018 -11"><span class='ocrx_word' id='word_1_804' title='bbox 1806 4938 1966 4985; x_wconf 87' lang='lat' dir='ltr'><strong>antea</strong></span> <span class='ocrx_word' id='word_1_805' title='bbox 2000 4940 2203 4995; x_wconf 80' lang='lat' dir='ltr'><strong>regem,</strong></span> <span class='ocrx_word' id='word_1_806' title='bbox 2235 4920 2385 4975; x_wconf 90' lang='lat' dir='ltr'><strong>omni</strong></span> <span class='ocrx_word' id='word_1_807' title='bbox 2425 4924 2723 4988; x_wconf 83' lang='lat' dir='ltr'><strong>poenarum</strong></span> <span class='ocrx_word' id='word_1_808' title='bbox 2753 4928 2817 4968; x_wconf 90' lang='lat' dir='ltr'><strong>ae</strong></span> <span class='ocrx_word' id='word_1_809' title='bbox 2863 4907 3255 4979; x_wconf 90' lang='lat' dir='ltr'><strong>suppliciorum</strong></span> <span class='ocrx_word' id='word_1_810' title='bbox 3299 4918 3386 4974; x_wconf 77' lang='lat' dir='ltr'><strong>ge-</strong></span> 
     </span>
    </p>
   </div>
   <div class='ocr_carea' id='block_1_111' title="bbox 1806 4996 3386 5087">
    <p class='ocr_par' dir='ltr' id='par_1_111' title="bbox 1806 4996 3386 5087">
     <span class='ocr_line' id='line_1_113' title="bbox 1806 4996 3386 5087; baseline -0.017 -12"><span class='ocrx_word' id='word_1_811' title='bbox 1806 5034 1937 5075; x_wconf 89' lang='lat' dir='ltr'><strong>nere</strong></span> <span class='ocrx_word' id='word_1_812' title='bbox 1965 5015 2312 5087; x_wconf 85' lang='lat' dir='ltr'><strong>postmodum</strong></span> <span class='ocrx_word' id='word_1_813' title='bbox 2342 5010 2558 5065; x_wconf 74' lang='lat' dir='ltr'><strong>Judaeos</strong></span> <span class='ocrx_word' id='word_1_814' title='bbox 2586 5021 2832 5063; x_wconf 77' lang='lat' dir='ltr'><strong>vexasse.</strong></span> <span class='ocrx_word' id='word_1_815' title='bbox 2852 5001 3007 5069; x_wconf 83' lang='lat' dir='ltr'><strong>Quod</strong></span> <span class='ocrx_word' id='word_1_816' title='bbox 3037 4999 3129 5053; x_wconf 87' lang='lat' dir='ltr'><strong>ubi</strong></span> <span class='ocrx_word' id='word_1_817' title='bbox 3164 4996 3386 5068; x_wconf 78' lang='lat' dir='ltr'><strong>Moysus</strong></span> 
     </span>
    </p>
   </div>
   <div class='ocr_carea' id='block_1_112' title="bbox 1804 5088 3385 5174">
    <p class='ocr_par' dir='ltr' id='par_1_112' title="bbox 1804 5088 3385 5174">
     <span class='ocr_line' id='line_1_114' title="bbox 1804 5088 3385 5174; baseline -0.018 -8"><span class='ocrx_word' id='word_1_818' title='bbox 1804 5111 2032 5174; x_wconf 80' lang='lat' dir='ltr'><strong>videret,</strong></span> <span class='ocrx_word' id='word_1_819' title='bbox 2058 5123 2182 5163; x_wconf 91' lang='lat' dir='ltr'><strong>cum</strong></span> <span class='ocrx_word' id='word_1_820' title='bbox 2215 5106 2319 5160; x_wconf 91' lang='lat' dir='ltr'><strong>alia</strong></span> <span class='ocrx_word' id='word_1_821' title='bbox 2349 5103 2608 5172; x_wconf 87' lang='lat' dir='ltr'><strong>pleraque</strong></span> <span class='ocrx_word' id='word_1_822' title='bbox 2636 5099 2705 5153; x_wconf 88' lang='lat' dir='ltr'><strong>ab</strong></span> <span class='ocrx_word' id='word_1_823' title='bbox 2731 5110 2799 5151; x_wconf 92' lang='lat' dir='ltr'><strong>eo</strong></span> <span class='ocrx_word' id='word_1_824' title='bbox 2824 5091 3087 5149; x_wconf 86' lang='lat' dir='ltr'><strong>miracula</strong></span> <span class='ocrx_word' id='word_1_825' title='bbox 3120 5088 3261 5144; x_wconf 84' lang='lat' dir='ltr'><strong>edita</strong></span> <span class='ocrx_word' id='word_1_826' title='bbox 3294 5101 3385 5167; x_wconf 13' lang='lat' dir='ltr'><strong>cs.-</strong></span> 
     </span>
    </p>
   </div>
   <div class='ocr_carea' id='block_1_113' title="bbox 1806 5190 3385 5268">
    <p class='ocr_par' dir='ltr' id='par_1_113' title="bbox 1806 5190 3385 5268">
     <span class='ocr_line' id='line_1_115' title="bbox 1806 5190 3385 5268; baseline -0.016 -10"><span class='ocrx_word' id='word_1_827' title='bbox 1806 5218 1888 5268; x_wconf 90' lang='lat' dir='ltr'><strong>se,</strong></span> <span class='ocrx_word' id='word_1_828' title='bbox 1923 5211 2039 5255; x_wconf 92' lang='lat' dir='ltr'><strong>tum</strong></span> <span class='ocrx_word' id='word_1_829' title='bbox 2070 5215 2136 5254; x_wconf 81' lang='lat' dir='ltr'><strong>ex</strong></span> <span class='ocrx_word' id='word_1_830' title='bbox 2179 5206 2346 5258; x_wconf 86' lang='lat' dir='ltr'><strong>terra,</strong></span> <span class='ocrx_word' id='word_1_831' title='bbox 2374 5209 2540 5265; x_wconf 86' lang='lat' dir='ltr'><strong>quam</strong></span> <span class='ocrx_word' id='word_1_832' title='bbox 2596 5191 2749 5259; x_wconf 81' lang='lat' dir='ltr'><strong>virga</strong></span> <span class='ocrx_word' id='word_1_833' title='bbox 2809 5190 3176 5257; x_wconf 82' lang='lat' dir='ltr'><strong>percusserat,</strong></span> <span class='ocrx_word' id='word_1_834' title='bbox 3212 5192 3385 5248; x_wconf 83' lang='lat' dir='ltr'><strong>genus</strong></span> 
     </span>
    </p>
   </div>
   <div class='ocr_carea' id='block_1_114' title="bbox 1806 5270 3386 5365">
    <p class='ocr_par' dir='ltr' id='par_1_114' title="bbox 1806 5270 3386 5365">
     <span class='ocr_line' id='line_1_116' title="bbox 1806 5270 3386 5365; baseline -0.015 -16"><span class='ocrx_word' id='word_1_835' title='bbox 1806 5293 2079 5365; x_wconf 87' lang='lat' dir='ltr'><strong>quoddam</strong></span> <span class='ocrx_word' id='word_1_836' title='bbox 2110 5290 2237 5345; x_wconf 87' lang='lat' dir='ltr'><strong>alati</strong></span> <span class='ocrx_word' id='word_1_837' title='bbox 2273 5285 2569 5343; x_wconf 87' lang='lat' dir='ltr'><strong>animantis</strong></span> <span class='ocrx_word' id='word_1_838' title='bbox 2599 5280 2895 5343; x_wconf 79' lang='lat' dir='ltr'><strong>exstitisse,</strong></span> <span class='ocrx_word' id='word_1_839' title='bbox 2926 5275 3069 5347; x_wconf 84' lang='lat' dir='ltr'><strong>quod</strong></span> <span class='ocrx_word' id='word_1_840' title='bbox 3102 5270 3386 5342; x_wconf 65' lang='lat' dir='ltr'><strong>Egyptios</strong></span> 
     </span>
    </p>
   </div>
   <div class='ocr_carea' id='block_1_115' title="bbox 1805 5362 3382 5457">
    <p class='ocr_par' dir='ltr' id='par_1_115' title="bbox 1805 5362 3382 5457">
     <span class='ocr_line' id='line_1_117' title="bbox 1805 5362 3382 5457; baseline -0.018 -14"><span class='ocrx_word' id='word_1_841' title='bbox 1805 5362 2044 5457; x_wconf 67' lang='lat' dir='ltr'><strong>pessime</strong></span> <span class='ocrx_word' id='word_1_842' title='bbox 2091 5387 2334 5443; x_wconf 81' lang='lat' dir='ltr'><strong>vexaret,</strong></span> <span class='ocrx_word' id='word_1_843' title='bbox 2382 5375 2739 5442; x_wconf 90' lang='lat' dir='ltr'><strong>omniumque</strong></span> <span class='ocrx_word' id='word_1_844' title='bbox 2795 5366 3122 5437; x_wconf 85' lang='lat' dir='ltr'><strong>corporibus</strong></span> <span class='ocrx_word' id='word_1_845' title='bbox 3175 5362 3382 5417; x_wconf 78' lang='lat' dir='ltr'><strong>fcedum</strong></span> 
     </span>
    </p>
   </div>
   <div class='ocr_carea' id='block_1_116' title="bbox 1807 5454 3384 5545">
    <p class='ocr_par' dir='ltr' id='par_1_116' title="bbox 1807 5454 3384 5545">
     <span class='ocr_line' id='line_1_118' title="bbox 1807 5454 3384 5545; baseline -0.016 -11"><span class='ocrx_word' id='word_1_846' title='bbox 1807 5478 2083 5534; x_wconf 88' lang='lat' dir='ltr'><strong>morsibus</strong></span> <span class='ocrx_word' id='word_1_847' title='bbox 2112 5470 2614 5545; x_wconf 86' lang='lat' dir='ltr'><strong>punctionibusque</strong></span> <span class='ocrx_word' id='word_1_848' title='bbox 2653 5466 2769 5520; x_wconf 89' lang='lat' dir='ltr'><strong>suis</strong></span> <span class='ocrx_word' id='word_1_849' title='bbox 2799 5463 2957 5517; x_wconf 87' lang='lat' dir='ltr'><strong>ulcus</strong></span> <span class='ocrx_word' id='word_1_850' title='bbox 2983 5461 3248 5514; x_wconf 89' lang='lat' dir='ltr'><strong>inureret.</strong></span> <span class='ocrx_word' id='word_1_851' title='bbox 3283 5454 3384 5509; x_wconf 85' lang='lat' dir='ltr'><strong>Cui</strong></span> 
     </span>
    </p>
   </div>
   <div class='ocr_carea' id='block_1_117' title="bbox 1806 5551 3382 5626">
    <p class='ocr_par' dir='ltr' id='par_1_117' title="bbox 1806 5551 3382 5626">
     <span class='ocr_line' id='line_1_119' title="bbox 1806 5551 3382 5626; baseline -0.017 1"><span class='ocrx_word' id='word_1_852' title='bbox 1806 5572 2000 5626; x_wconf 91' lang='lat' dir='ltr'><strong>morbo</strong></span> <span class='ocrx_word' id='word_1_853' title='bbox 2044 5584 2170 5624; x_wconf 91' lang='lat' dir='ltr'><strong>cum</strong></span> <span class='ocrx_word' id='word_1_854' title='bbox 2228 5565 2437 5621; x_wconf 88' lang='lat' dir='ltr'><strong>nullum</strong></span> <span class='ocrx_word' id='word_1_855' title='bbox 2474 5559 2669 5615; x_wconf 90' lang='lat' dir='ltr'><strong>medici</strong></span> <span class='ocrx_word' id='word_1_856' title='bbox 2707 5555 3009 5613; x_wconf 78' lang='lat' dir='ltr'><strong>remedium</strong></span> <span class='ocrx_word' id='word_1_857' title='bbox 3060 5551 3382 5611; x_wconf 86' lang='lat' dir='ltr'><strong>invenirent,</strong></span> 
     </span>
    </p>
   </div>
   <div class='ocr_carea' id='block_1_118' title="bbox 1804 5644 3383 5731">
    <p class='ocr_par' dir='ltr' id='par_1_118' title="bbox 1804 5644 3383 5731">
     <span class='ocr_line' id='line_1_120' title="bbox 1804 5644 3383 5731; baseline -0.015 -12"><span class='ocrx_word' id='word_1_858' title='bbox 1804 5665 2024 5721; x_wconf 68' lang='lat' dir='ltr'><strong>Judmos</strong></span> <span class='ocrx_word' id='word_1_859' title='bbox 2072 5657 2471 5731; x_wconf 82' lang='lat' dir='ltr'><strong>aliquantulum</strong></span> <span class='ocrx_word' id='word_1_860' title='bbox 2521 5653 2704 5708; x_wconf 86' lang='lat' dir='ltr'><strong>denuo</strong></span> <span class='ocrx_word' id='word_1_861' title='bbox 2760 5649 3085 5719; x_wconf 80' lang='lat' dir='ltr'><strong>respirasse.</strong></span> <span class='ocrx_word' id='word_1_862' title='bbox 3136 5644 3383 5715; x_wconf 78' lang='lat' dir='ltr'><strong>Moysum</strong></span> 
     </span>
    </p>
   </div>
   <div class='ocr_carea' id='block_1_119' title="bbox 1806 5737 3453 5826">
    <p class='ocr_par' dir='ltr' id='par_1_119' title="bbox 1806 5737 3453 5826">
     <span class='ocr_line' id='line_1_121' title="bbox 1806 5737 3453 5826; baseline -0.018 -11"><span class='ocrx_word' id='word_1_863' title='bbox 1806 5772 1959 5826; x_wconf 81' lang='lat' dir='ltr'><strong>vero,</strong></span> <span class='ocrx_word' id='word_1_864' title='bbox 1991 5754 2232 5825; x_wconf 85' lang='lat' dir='ltr'><strong>ejusdem</strong></span> <span class='ocrx_word' id='word_1_865' title='bbox 2260 5750 2426 5821; x_wconf 80' lang='lat' dir='ltr'><strong>virgae</strong></span> <span class='ocrx_word' id='word_1_866' title='bbox 2453 5754 2711 5805; x_wconf 82' lang='lat' dir='ltr'><strong>contactu</strong></span> <span class='ocrx_word' id='word_1_867' title='bbox 2754 5758 2917 5798; x_wconf 84' lang='lat' dir='ltr'><strong>ranas</strong></span> <span class='ocrx_word' id='word_1_868' title='bbox 2946 5737 3387 5812; x_wconf 63' lang='lat' dir='ltr'><strong>practercadocu-</strong></span> <span class='ocrx_word' id='word_1_869' title='bbox 3446 5764 3453 5772; x_wconf 88' lang='grc'><strong>-</strong></span> 
     </span>
    </p>
   </div>
  </div>
