3856 6224
435 393 534 450 751

975 494 1201 552 CAPUT
1239 491 1476 548 XXXIV.

661 615 833 671 Suron
865 611 1138 669 Salomoni
1175 610 1284 681 regi
1320 623 1508 680 magno
1532 606 1778 662 salutem.

513 753 534 787 ι
554 731 878 788 Benedictus
893 727 1034 782 Deus
1050 736 1207 782 terra:
1222 739 1286 779 ac
1301 724 1425 780 caeli
1448 721 1716 785 conditor,
1733 719 1827 790 qui
1838 717 2013 772 virum

434 827 705 897 optimum
731 837 794 877 ac
827 820 1066 892 parentis
1094 818 1284 890 optimi
1317 816 1487 871 tilium
1517 813 1757 884 elegerit.
1785 811 2019 866 Litteras

437 925 564 970 tuas
589 913 750 968 simul.
793 919 957 980 atque
998 907 1234 980 perlegi,
1269 920 1540 963 summam
1569 904 1752 958 animo
1773 902 2019 971 volupta-

440 1015 550 1060 tem
579 1003 730 1074 cepi,
765 1001 983 1072 Deoquc
1022 1001 1224 1070 gratias
1247 998 1364 1069 egi,
1392 995 1538 1067 quod
1572 1008 1796 1066 regnum
1826 1006 2017 1062 capes-

441 1099 633 1154 sisses.
676 1093 830 1161 Quod
895 1101 1074 1147 autem
1122 1107 1155 1147 a
1196 1091 1357 1146 nobis
1416 1087 1667 1143 homines
1717 1097 2021 1156 operasque

443 1190 624 1262 poscis
643 1229 659 1254 ,
688 1185 978 1258 Tyriorum
1012 1199 1077 1239 ac
1105 1183 1428 1238 Phtenicum
1459 1179 1730 1248 octoginta
1757 1176 1922 1230 millia
1952 1174 2020 1228 ad

442 1289 497 1337 te
530 1279 653 1336 misi
673 1312 695 1343 -,
737 1287 899 1346 atque
948 1275 1088 1330 inter
1129 1283 1356 1330 caeteros
1398 1271 1790 1334 architectum,
1845 1265 2020 1336 patria

445 1371 667 1444 quidem
723 1369 946 1440 Tyrium
974 1406 990 1432 ,
1033 1366 1130 1422 sed
1173 1373 1348 1420 matre
1395 1361 1581 1416 Judzea
1618 1360 1914 1429 eademque
1956 1372 2023 1412 ex

445 1467 666 1524 Davidis
719 1465 861 1521 tri-bu
909 1473 1133 1518 natum:
1179 1461 1273 1532 qui
1322 1459 1421 1514 tibi
1473 1467 1812 1527 quzecunque
1851 1466 1915 1505 ex
1957 1463 2024 1503 eo

447 1558 762 1631 quaesieris,
795 1571 918 1626 quae
961 1555 1084 1610 εαξιὶ
1121 1552 1284 1622 hujus
1322 1549 1529 1605 ambitu
1567 1546 1945 1605 continentur,
1976 1539 2023 1594 si

447 1649 614 1706 modo
648 1649 714 1702 ad
743 1647 1164 1702 architecturam
1197 1641 1566 1710 pertinebunt,
1597 1652 1659 1691 ea
1691 1649 1814 1689 cum
1848 1633 2026 1686 scien-

447 1753 534 1799 ter
561 1741 826 1796 edisseret
847 1738 1051 1803 omnia,
1080 1745 1194 1790 tum
1216 1734 1377 1789 etiam
1400 1731 1559 1786 facile
1585 1726 1844 1798 perficiet.
1871 1723 2024 1790 Quod

1103 378 1369 436 EUSEBII
1408 369 1888 433 CESARIENSIS
1925 367 2039 426 0P!

2147 363 2298 422 ’ARS
2332 363 2397 425 ῐι.
2437 395 2495 409 -
2525 359 3024 420 λΡοιοοετιεΑ.

2037 490 2085 546 Α

3583 356 3696 411 759

2619 475 3015 534 ΚΕΦΔΛΔΙΟΝ
3050 478 3171 530 Μ’.

2199 598 2437 666 Σούρων
2470 591 2770 663 Σολομῶνι
2800 589 3053 657 βασιλεῖ
3069 587 3311 660 μεγάλῳ
3341 586 3600 657 χαίρειν.

2190 728 2210 763 ι
2247 708 2552 780 Εὐλογητὸς
2590 709 2619 760 ὁ
2645 706 2796 770 Θεὸς,
2833 706 2893 768 ὃς
2939 705 3039 775 τὴν
3069 702 3174 772 γῆν
3218 701 3311 753 καὶ
3348 698 3438 752 τὸν
3463 695 3704 768 οὐρανὸν

2115 804 2349 867 ἔκτισεν,
2382 802 2441 865 ὃς
2470 800 2641 853 εἵλετο
2669 797 2951 869 ἄνθρωπον
2979 793 3211 866 χρηστὸν
3249 793 3314 844 ὲκ
3334 789 3576 863 χρηστοῦ
3603 790 3703 842 ἀν.

2116 894 2260 965 δρός.
2293 893 2442 962 ’Ἅμα
2473 888 2566 943 τοῦ
2601 887 2904 957 ἀναγνῶναι
2937 887 3034 958 τὴν
3064 883 3214 956 παρὰ
3248 881 3340 936 σοῦ
3386 879 3704 950 ἐπιστολὴν,

2119 985 2325 1058 σφόδρα
2364 984 2587 1054 ἐχάρην,
2617 983 2711 1034 καὶ
2756 980 3023 1050 εὐλόγησα
3053 977 3144 1030 τὸν
3172 975 3322 1040 Θεὸν,
3354 975 3446 1027 ἐπὶ
3482 972 3566 1043 τῷ
3596 989 3706 1027 πα-

2120 1077 2433 1150 ρειληφέναι
2464 1092 2523 1127 σε
2548 1075 2648 1146 τὴν
2683 1071 2978 1144 βασιλείαν.
3005 1070 3141 1141 Περὶ
3171 1068 3228 1122 δὲ
3253 1061 3327 1121 ὧν
3346 1066 3585 1137 γράφεις
3616 1080 3709 1150 μρι

2121 1139 2381 1242 περὶτῶν
2405 1167 2543 1222 κατὰ
2567 1139 2693 1228 τοὺς
2715 1165 2878 1228 λαοὺς
2896 1165 3020 1226 τοὺς
3042 1139 3170 1230 παρ’
3196 1161 3347 1231 ήμίν,
3382 1139 3713 1212 ἀπέσταλκά

2123 1279 2206 1316 σοι
2238 1261 2450 1333 Τυρίων
2482 1259 2576 1313 καὶ
2602 1257 2863 1312 Φοινίκων
2891 1251 3372 1323 ὀκτακισμυρίὸυς,
3404 1251 3498 1303 καὶ
3539 1250 3711 1320 ἀρχι-

2121 1353 2349 1408 τέκτονά
2379 1369 2460 1405 σοι
2488 1348 2804 1405 ἀπέσταλκα
2837 1347 3118 1418 ἄνθρωπον
3150 1343 3464 1414 Τύριον,ἑκ
3497 1340 3714 1412 μητρὸς

2137 1436 2412 1507 Ἰουδαίας,
2440 1443 2505 1495 ὲκ
2535 1443 2632 1512 τῆς
2665 1439 2840 1508 φυλῆς
2871 1437 2972 1507 τῆς
3002 1434 3182 1500 Δαόὶδ,
3215 1435 3356 1504 ὑπὲρ
3406 1427 3483 1486 ὧν
3515 1433 3585 1486 ἂν
3615 1433 3714 1486 αὖ·

2122 1539 2214 1591 τὸν
2239 1537 2520 1608 ἐρωτήσῃς
2545 1532 2654 1586 τῶν
2686 1532 2791 1585 ὑπὸ
2825 1529 2915 1583 τὸν
2941 1527 3167 1598 οὐρανὸν
3202 1525 3416 1579 πάντων
3445 1524 3540 1576 καὶ
3562 1536 3590 1564 ι
3619 1524 3717 1596 ἀρ-

2127 1628 2482 1700 χιτεκτονίαν,
2511 1621 2847 1694 ὑφηγήσεταί
2873 1638 2953 1673 σοι
2973 1620 3066 1672 καὶ
3087 1618 3320 1688 ποιήσει.
3359 1616 3495 1687 Περὶ
3519 1616 3581 1669 δὲ
3604 1616 3716 1669 τῶν

2128 1721 2354 1776 δεόντων
2409 1719 2504 1772 καὶ
2555 1714 3035 1787 ἀποστελλομένων
3083 1729 3166 1765 σοι
3227 1711 3431 1764 παίδων
3452 1749 3468 1774 ,
3526 1710 3718 1774 καλῶς

449 1840 735 1904 superest,
757 1830 994 1900 partium
1027 1801 1242 1883 tuarum
1271 1825 1394 1888 erit,
1426 1821 1494 1876 ad
1527 1821 1770 1875 locorum
1801 1813 2025 1886 praefec-

2147 1816 2375 1885 τοιήσεις
2409 1809 2716 1872 ἐπιστείλας
2746 1810 2858 1871 τοῖς
2884 1806 3022 1860 κατὰ
3061 1807 3223 1859 τόπον
3249 1803 3529 1874 ἐπάρχοις,
3563 1801 3718 1866 ὅπως

451 1934 540 1981 tos
566 1925 809 1981 scribere
829 1962 844 1986 ,
873 1921 951 1975 uti
977 1919 1102 1973 huic
1155 1924 1318 1971 tanta:
1358 1913 1638 1968 hominum
1671 1905 2024 1972 multitudini,

451 2029 792 2089 quascunque
814 2010 1122 2067 necessaria
1150 2007 1370 2071 fuerint,
1391 2005 1673 2076 diligenter
1710 2000 2030 2068 abundeque

451 2108 788 2181 provideant.
825 2122 846 2156 ι
886 2102 1144 2157 Salomon
1184 2101 1381 2171 igitur,
1429 2098 1516 2152 his
1577 2095 1749 2166 lectis,
1777 2105 2031 2165 paterno-

454 2215 578 2256 rum
605 2197 904 2252 aruicorum
938 2193 1142 2249 auxilio
1189 2191 1394 2255 fretus,
1447 2197 1503 2244 et
1541 2187 1833 2258 Tyriorum
1875 2184 2031 2240 Sido-

454 2289 783 2358 niorumque
807 2301 973 2340 manu
1001 2285 1232 2355 stipatus
1255 2323 1271 2349 ,
1301 2282 1529 2337 lustrato
1569 2287 1754 2334 monte
1783 2276 1993 2331 Libano
2014 2312 2030 2340 ,

457 2379 722 2450 quidquid
771 2378 1044 2448 lignorum
1078 2390 1110 2429 a
1144 2383 1370 2444 parente
1408 2386 1610 2427 caesum
1654 2369 1782 2424 olim
1819 2367 2030 2430 fuerat,

462 2482 561 2540 per
589 2481 742 2522 mare
790 2463 998 2535 Joppen
1030 2478 1203 2532 usque
1225 2461 1553 2525 transvexit,
1587 2459 1815 2528 indeque
1841 2457 2033 2527 pedes-

458 2559 530 2614 tri
553 2559 718 2614 ductu
769 2555 1198 2625 Hierosolymam
1256 2551 1636 2622 eomportavit.
1682 2549 1936 2604 Protinus
1969 2549 2035 2604 ad

459 2648 648 2717 templi
678 2646 788 2702 Deo
813 2647 924 2702 voti
957 2659 1077 2700 sese
1127 2643 1542 2700 aediﬁcationem
1591 2641 1860 2704 accinxit,
1892 2655 2036 2695 anno

461 2739 638 2793 atatis
663 2737 876 2793 decimo
907 2735 1086 2791 tertio.
1126 2734 1284 2800 Quod
1334 2734 1388 2788 in
1436 2749 1573 2802 opus
1605 2734 1733 2789 dum
1783 2732 2038 2785 universa

463 2829 553 2884 illa
585 2830 924 2885 diversorum
955 2828 1282 2899 populorum
1333 2827 1626 2881 multitudo
1667 2823 2037 2889 incumberet,

463 2921 640 2976 tribus
682 2918 992 2975 Judmorum
1020 2918 1308 2974 duodecim
1343 2932 1431 2972 res
1464 2915 1798 2971 necessarias
1820 2923 2040 2968 centum

463 3024 520 3069 et
550 3013 830 3083 sexaginta
860 3013 1142 3067 hominum
1191 3011 1434 3065 millibus
1477 3013 1549 3065 ita
1583 3008 2038 3079 suppeditabant,

465 3113 530 3162 ut
559 3121 719 3161 suum
777 3104 1006 3176 singulae
1052 3118 1297 3158 mensem
1329 3102 1456 3158 huic
1482 3117 1624 3156 cura:
1655 3117 1719 3156 ac
1743 3100 2042 3171 provisioui

2128 1905 2429 1979 χορηγῆται
2448 1904 2516 1957 τὰ
2533 1900 2735 1956 δέοντα.
2750 1918 2770 1951 ι
2787 1898 3017 1952 Διελθὼν
3043 1898 3097 1952 δὲ
3121 1895 3391 1967 Σολομὼν,
3418 1895 3560 1965 ἔχων
3588 1895 3718 1956 τοὺς

2129 1999 2430 2070 πατρικοὺς
2463 1996 2647 2066 φίλους
2675 1994 2766 2048 ἐπὶ
2794 1993 2855 2046 τὸ
2876 1993 2999 2064 ὅρος
3028 1991 3123 2045 τοῦ
3151 1989 3405 2052 Λιϐάνου,
3445 1987 3589 2058 μετὰ
3607 1987 3720 2038 τῶν

2130 2091 2395 2146 Σιδωνίων
2428 2089 2522 2143 καὶ
2547 2087 2780 2159 Τυρίων,
2825 2085 3125 2156 μετήνεγκε
3157 2081 3223 2135 τὰ
3256 2079 3385 2145 ξύλα
3413 2079 3483 2132 τά
3517 2093 3724 2150 προκε-

2131 2182 2381 2254 κομμένα
2411 2181 2515 2234 ὑπὸ
2539 2178 2632 2232 τοῦ
2666 2177 2872 2248 πατρὸς
2895 2175 3058 2230 αὑτοῦ
3092 2173 3180 2228 διὰ
3205 2174 3303 2243 τῆς
3330 2171 3605 2240 Θαλάττης
3642 2172 3724 2234 εἰς

2146 2274 2388 2344 Ἰόππην,
2419 2269 2626 2324 ἐκεῖθεν
2655 2268 2712 2322 δὲ
2737 2265 2873 2337 πεζῇ
2907 2267 2986 2329 εἰς
3021 2263 3398 2335 Ἱεροσόλυμα’
3431 2262 3527 2314 καὶ
3550 2260 3728 2332 ἄρξαι

2136 2364 2257 2417 σθαι
2305 2362 2605 2433 οἰκοδομεῖν
2643 2359 2704 2412 τὸ
2746 2357 2890 2429 ἱερὸν
2924 2356 3018 2410 τοῦ
3048 2354 3207 2417 Θεοῦ,
3258 2353 3386 2406 ὄντα
3438 2350 3580 2404 ἑτῶν
3630 2356 3725 2417 ιγ’.

2146 2454 2508 2528 Ἐργάζεσθαι
2544 2453 2600 2505 δὲ
2625 2451 2694 2505 τὰ
2725 2449 2852 2520 ἔθνη
2895 2447 2964 2501 τὰ
2994 2445 3382 2518 προειρημένα,
3421 2444 3518 2497 καὶ
3547 2442 3726 2512 φυλὰς

2140 2549 2206 2602 ιϐ’
2232 2548 2340 2602 τῶν
2380 2545 2669 2608 Ἰουδαίων,
2709 2544 2803 2597 καὶ
2831 2541 3090 2614 παρέχειν
3125 2539 3234 2610 (88)
3268 2540 3385 2599 ταῖς
3423 2535 3727 2588 ἑκκαίδεκα

2141 2641 2366 2714 μυριάσι
2398 2639 2467 2693 τά
2521 2637 2706 2691 δέοντα
2762 2636 2936 2691 πάντα
2986 2630 3128 2686 κατὰ
3173 2630 3313 2701 μῆνα
3347 2627 3519 2698 φυλὴν
3571 2627 3725 2697 μίαν,

2139 2729 2467 2802 θεμελιῶσαί
2522 2746 2582 2782 τε
2631 2728 2720 2781 τὸν
2773 2726 2896 2781 ναὸν
2942 2722 3036 2776 τοῦ
3085 2720 3253 2784 Θεοῦ,
3300 2721 3473 2791 μῆκος
3529 2718 3726 2788 πηχῶν

2140 2821 2198 2888 ἒξ
2227 2819 2366 2892 (89),
2413 2817 2612 2882 πλάτος
2642 2815 2832 2888 πηχῶν
2861 2814 2904 2882 ξ’
2925 2831 2938 2844 ·
2970 2815 3032 2867 τὸ
3070 2814 3126 2866 δὲ
3158 2811 3358 2873 πλάτος
3393 2811 3492 2879 τῆς
3519 2809 3728 2863 οἰκοδο*

2145 2914 2251 2985 μῆς
2301 2913 2397 2966 καὶ
2443 2910 2550 2964 τῶν
2593 2909 2858 2980 θεμελίων
2900 2905 3093 2978 πηχῶν
3123 2904 3169 2958 ι’.
3209 2903 3363 2957 Οῦτω
3417 2902 3528 2974 γὰρ
3579 2899 3729 2970 αὐτῷ

2142 3003 2443 3077 προστάξαι
2486 3002 2672 3056 Νάθαν
2716 3001 2808 3054 τὸν
2857 3000 3141 3072 προφήτην
3172 2995 3266 3049 τοῦ
3299 2993 3456 3048 Θεοῦ.
3512 2993 3731 3047 Οἰκοδο-

2146 3098 2266 3166 μείν
2291 3094 2347 3148 δὲ
2373 3091 2598 3157 ἐναλλὰξ
2632 3092 2796 3162 δόμον
2829 3090 3028 3144 λίθινον
3055 3089 3148 3142 καὶ
3188 3087 3441 3158 ἔνδεσμον
3464 3086 3728 3156 κυπαρίσι

467 3193 802 3263 assignatum
829 3201 884 3246 et
927 3193 1258 3262 descriptum
1319 3191 1600 3246 baberent.
1659 3190 1804 3262 Ergo
1853 3191 2038 3260 templi

2147 3204 2310 3251 σινον,
2365 3185 2668 3248 πελεκίνοις
2715 3184 2931 3257 χαλκοῖς
2974 3181 3334 3244 ταλαντιαίοις
3370 3178 3729 3249 καταλαμϐά-

468 3283 822 3339 fundamenta
861 3282 1042 3353 jacta,
1077 3283 1223 3354 quod
1251 3299 1376 3336 cum
1411 3283 1689 3351 sexaginta
1733 3282 2041 3336 cubitorum

470 3373 832 3445 longitudine,
864 3373 1197 3443 totidemque
1230 3373 1514 3428 latitudine
1541 3374 1775 3442 spatium
1805 3389 2042 3444 occupa-

471 3473 586 3530 ret,
613 3473 726 3518 tum
767 3479 893 3518 vero
938 3462 1287 3518 fundamenta
1344 3464 1651 3520 latitudinis
1703 3466 1819 3534 ipsa
1859 3481 1956 3536 per
1983 3479 2043 3520 se

471 3555 657 3610 decem
685 3555 906 3609 omnino
941 3555 1154 3611 cubitos
1181 3556 1517 3610 obtinebant.
1537 3555 1703 3628 450
1728 3556 1819 3612 Sic
1843 3557 1985 3612 enim
2012 3573 2043 3612 a

471 3645 686 3702 Nathan
704 3647 798 3702 Dei
816 3648 1077 3718 propheta
1091 3648 1280 3718 jussus
1303 3647 1559 3704 Salomon
1577 3648 1770 3704 fuerat.
1785 3650 1862 3705 Ac
1875 3657 2046 3706 struc-

475 3747 649 3794 turam
681 3738 902 3809 quidem
956 3738 1268 3794 universam
1291 3740 1364 3793 ita
1413 3740 1685 3810 compingi
1737 3741 1938 3808 voluit,
1987 3749 2048 3796 ut

474 3829 668 3884 alterni
703 3845 824 3885 sese
855 3829 1118 3900 lapidum,
1150 3838 1206 3884 et
1231 3831 1670 3900 cypressinarum
1695 3831 1931 3886 trabium
1957 3846 2048 3886 or-

473 3921 628 3976 dines
670 3922 1012 3990 exciperent,
1067 3922 1214 3990 quod
1272 3931 1564 3992 utrumque
1619 3923 1829 3978 corium
1883 3924 2048 3979 aeneis

474 4009 838 4081 quibusdam,
874 4010 1053 4080 iisque
1085 4011 1270 4066 talenti
1297 4013 1511 4080 pondo,
1552 4013 1823 4068 securium
1854 4013 2045 4079 instar,

475 4104 710 4160 vinculis
736 4104 1144 4174 astringeretur.
1176 4103 1296 4160 lam
1326 4114 1501 4161 stante
1535 4107 1774 4162 universi
1835 4109 2047 4163 aedificii

476 4198 649 4262 mole,
696 4195 936 4251 ecdrinis
986 4191 1430 4268 cupressinisque
1483 4197 1682 4252 tabulis
1725 4199 2048 4253 exteriorem

479 4289 720 4360 lapidum
749 4288 971 4355 faciem,
1006 4303 1076 4344 ne
1131 4289 1350 4345 oculum
1399 4289 1720 4353 offenderet,
1768 4293 2049 4361 undequa-

479 4397 586 4450 que
615 4381 858 4447 vestivit;
887 4381 1200 4437 interiorem
1217 4397 1347 4437 vero
1377 4383 1456 4436 sic
1496 4381 1769 4436 inauravit
1788 4421 1802 4445 ,
1826 4393 1883 4436 ut
1915 4399 2050 4437 con-

2149 3297 2338 3342 νοντας
2360 3280 2486 3342 τοὺς
2503 3278 2596 3331 δύο
2613 3277 2827 3349 δόμους.
2852 3275 3008 3331 Οὕτω
3023 3275 3065 3328 δ’
3089 3275 3251 3328 αὐτὸν
3272 3271 3732 3342 οἰκοδομήσαντα,

2151 3371 2386 3437 ξυλῶσαι
2420 3369 2616 3435 ἔξωθεν
2647 3368 2908 3441 κεδρίνοις
2945 3367 3122 3433 ξύλοις
3165 3365 3259 3418 καὶ
3292 3364 3732 3434 κυπαρισσίνοις,

2149 3463 2289 3517 ὥστε
2317 3462 2413 3534 τήν
2441 3461 2647 3532 λιθίνην
2671 3460 2958 3531 οἰκοδομὴν
2997 3459 3073 3530 μὴ
3120 3457 3422 3526 φαίνεσθαι,
3454 3452 3736 3525 χρυσῶσαί

2149 3572 2208 3608 τε
2235 3554 2326 3609 τὸν
2354 3553 2480 3608 ναὸν
2516 3551 2715 3606 ἔσωθεν
2749 3552 3026 3622 χωννύντα
3065 3547 3281 3602 πλινθία
3322 3549 3503 3618 χρυσᾶ
3538 3563 3737 3598 πεντα-

2151 3649 2324 3719 πήχη,
2359 3644 2451 3699 καὶ
2481 3642 2828 3716 προστιθέναι
2866 3641 3240 3714 προσηλοῦντα
3269 3639 3418 3711 ἥλοις
3449 3639 3734 3710 ἀργυροῖς,

2151 3739 2511 3803 ταλαντιαίοις
2534 3737 2632 3809 τὴν
2661 3736 2844 3808 ὁλκὴν,
2879 3734 3216 3807 μαστοειδέσι
3247 3733 3338 3786 τὸν
3371 3731 3602 3802 ῥυθμὸν,
3624 3729 3739 3783 τέσ·

2156 3849 2316 3904 σαρσι
2343 3831 2399 3884 δὲ
2426 3829 2517 3883 τὸν
2559 3827 2814 3901 ἀριθμόν.
2853 3826 3009 3880 Οὕτω
3033 3825 3076 3878 δ’
3107 3824 3270 3878 αὐτὸν
3306 3823 3592 3894 χρυσῶσαι
3633 3821 3738 3875 ἀπὸ

2155 3925 2383 3994 ἐδάφους
2412 3921 2517 3986 ἓως
2542 3923 2640 3994 τῆς
2671 3921 2892 3992 ὀροφῆς,
2921 3920 2982 3973 τό
3021 3936 3079 3972 τε
3121 3918 3381 3990 ὀρόφωμα
3423 3915 3655 3985 ποιῆσαι
3678 3914 3739 3965 Ex

2155 4017 2528 4088 φατνωμάτων
2568 4014 2804 4088 χρυσῶν,
2835 4013 2898 4066 τὸ
2937 4013 2992 4065 δὲ
3033 4011 3189 4082 δῶμα
3228 4010 3453 4081 ποιῆσαι
3481 4005 3738 4079 χαλκοῦν,

2155 4110 2263 4162 ἀπὸ
2312 4107 2623 4180 κεραμίδων
2673 4104 2910 4177 χαλκῶν,
2965 4104 3162 4174 χαλκὸν
3218 4101 3592 4174 χωνεύσαντα,
3652 4098 3743 4152 καὶ

2154 4200 2342 4254 τοῦτον
2371 4199 2704 4270 καταχέοντα
2723 4198 2770 4250 δ.
2800 4196 3029 4266 Ποιῆσαι
3045 4196 3099 4249 δὲ
3119 4195 3210 4249 δύο
3230 4195 3452 4257 στύλους
3485 4193 3741 4264 χαλκοῦς,

2157 4297 2250 4349 καὶ
2316 4291 2736 4364 καταχρυσῶσαι
2782 4291 2979 4353 αὐτοὺς
3025 4289 3231 4360 χρυσίῳ
3266 4287 3460 4357 ἀδόλῳ,
3495 4287 3745 4358 δακτύλῳ

2156 4385 2216 4437 τὸ
2255 4384 2446 4454 πάχος.
2487 4377 2640 4436 Εἶναι
2688 4381 2746 4434 δὲ
2792 4380 2918 4444 τοὺς
2963 4380 3186 4443 στύλους
3229 4379 3308 4450 τῷ
3345 4379 3460 4449 ναῷ
3495 4379 3746 4450 ἰσομεγέ-

476 4471 638 4525 -ﬂatos
689 4486 756 4524 ex
791 4485 926 4525 auro
964 4473 1158 4526 lateres
1200 4471 1510 4527 cubitorum
1558 4473 1832 4541 quinque,
1879 4473 2039 4528 clavis

2161 4476 2295 4540 θεις,
2324 4475 2384 4528 τὸ
2403 4475 2459 4528 δὲ
2497 4473 2697 4538 πλάτος
2723 4473 2907 4543 κύκλῳ
2935 4473 3166 4526 ἕκαστον
3194 4471 3347 4524 κίονα
3368 4470 3563 4541 πηχῶν
3594 4471 3744 4525 δέκα·

481 4562 752 4632 argenteis
773 4573 1008 4632 quatuor
1028 4603 1043 4629 ,
1065 4561 1254 4616 talenti
1291 4563 1505 4632 pondo,
1555 4539 1723 4631 atque
1741 4562 1966 4617 uberum
2002 4564 2039 4617 ir

2166 4568 2355 4638 στῆναι
2374 4567 2429 4620 δὲ
2462 4566 2660 4630 αὐτοὺς
2681 4565 2774 4618 τοῦ
2807 4539 2956 4618 οἴκου
2987 4564 3046 4617 ὃν
3083 4563 3256 4634 μὲνέκ
3286 4539 3498 4628 δεξιῶν,
3526 4561 3664 4615 aves
3693 4562 3749 4628 ἐξ

482 4655 893 4710 similitudinem
918 4655 1198 4712 collocatis
1219 4656 1287 4712 ad
1317 4656 1551 4726 parietes
1576 4654 1831 4727 aﬂigeret.
1864 4655 2064 4725 Sicque

476 4760 514 4797 -a
537 4744 846 4815 pavimento
885 4743 953 4798 ad
1001 4759 1282 4800 summum
1330 4757 1507 4814 usque
1548 4751 1748 4798 tectum
1777 4743 1921 4799 aedes
1946 4752 2058 4798 tota

485 4850 620 4889 auro
649 4835 986 4892 collucebat:
1043 4836 1326 4905 ipsiusque
1357 4834 1493 4889 adeo
1525 4832 1799 4904 laquearis
1831 4851 2060 4890 aureum

487 4926 789 4982 tabulatum
809 4966 825 4992 ,
851 4928 1090 4982 exterius
1105 4941 1235 4981 vero
1261 4925 1475 4981 culmen
1509 4939 1711 4980 aereum
1741 4933 1913 4979 totum
1944 4937 2063 4981 erat

483 5018 590 5074 hoc
615 5028 699 5074 est
749 5020 907 5074 aereis
949 5019 1143 5090 tegulis
1176 5017 1300 5074 fuso
1325 5033 1431 5073 tere
1466 5015 1714 5072 conﬂatis
1744 5017 2056 5072 iustraturn.

362 5171 370 5185 _
483 5107 785 5164 Columnas
827 5116 1086 5178 praeterea
1135 5110 1274 5164 duas
1304 5109 1359 5162 in
1393 5109 1592 5178 templo
1631 5108 1852 5172 statuit,
1890 5125 2062 5164 aereas

482 5199 704 5266 quidem
754 5197 911 5264 illas,
957 5199 1051 5253 sed
1084 5213 1219 5252 auro
1248 5198 1546 5268 purissimo
1586 5200 1652 5253 ad
1708 5199 1858 5270 digiti
1902 5205 2061 5256 unius

485 5289 904 5345 crassitudinem
931 5289 1214 5357 inductas,
1243 5306 1275 5344 a
1299 5290 1504 5346 dextris
1534 5306 1696 5345 unam
1717 5330 1732 5356 ,
1767 5293 1991 5348 alteram
2029 5309 2060 5348 a

487 5381 756 5450 sinistris;
785 5384 974 5437 ambas
1004 5391 1184 5438 autem
1213 5381 1483 5451 ejusmodi
1509 5423 1524 5448 ,
1549 5398 1672 5452 quae
1722 5384 2062 5454 longitudine

488 5482 688 5530 tectum
715 5476 892 5544 ipsum
927 5476 1285 5547 attingerent,
1337 5474 1538 5528 ambitu
1577 5475 1791 5531 cubitos
1836 5477 2063 5547 singulae

575 5601 601 5629 ι
639 5592 727 5648 τσ.
766 5591 874 5645 τῶν
913 5593 1072 5649 κατά.
1151 5592 1180 5632 δ
1204 5592 1287 5647 τσ.
1319 5593 1681 5663 καταχέαντα.

495 5702 675 5835 8:23?)
714 5705 824 5758 Kal
857 5707 1158 5774 παρέχειν.
1189 5705 1297 5760 Καί
1329 5707 1527 5762 rectius
1549 5745 1565 5772 ,
1600 5706 1812 5776 opinor,
1863 5722 2063 5776 expun-

2163 4657 2480 4728 εὐωνύμων.
2512 4656 2742 4726 Ποιῆσαι
2771 4653 2828 4706 δὲ
2863 4655 2955 4707 καὶ
2983 4652 3203 4723 λυχνίας
3236 4653 3462 4722 χρυσᾶς,
3499 4651 3640 4704 δέκα
3668 4653 3752 4705 τάο

2163 4750 2329 4805 λαντα
2360 4747 2598 4820 ἑκάστην
2641 4746 2804 4817 ὁλκήν
2856 4744 3116 4813 ἀγούσας,
3167 4743 3472 4813 ὑπόδειγμα
3515 4741 3754 4796 λαϐόντα

2163 4841 2263 4914 τὴν
2320 4840 2432 4894 ὑπὸ
2472 4838 2714 4901 Μωσέως
2756 4840 2814 4890 ὲν
2846 4839 2912 4907 τῇ
2949 4837 3121 4906 σκηνῇ
3155 4833 3247 4888 τοῦ
3301 4834 3612 4904 μαρτυρίου
3665 4851 3752 4886 τεο

2164 4932 2366 4986 θεῖσαν.
2403 4931 2602 5001 Στῆσαι
2630 4929 2673 4982 δ’
2708 4926 2768 4992 ἐξ
2793 4926 3052 4997 ἐκατέρου
3085 4925 3282 4996 μέρους
3300 4923 3396 4976 τοῦ
3424 4923 3627 4993 σηκοῦ,
3661 4928 3753 4988 τὰς

2167 5025 2266 5095 μὲν
2299 5026 2362 5076 ὲκ
2388 5021 2597 5088 δεξιῶν,
2622 5020 2719 5084 τὰς
2739 5019 2797 5072 δὲ
2827 5018 2883 5084 ἐξ
2917 5017 3232 5088 εὐωνύμων.
3257 5016 3493 5086 Ποιῆσαι
3514 5017 3562 5068 δ’
3594 5019 3755 5071 αὐτὸν

2164 5115 2258 5166 καὶ
2281 5113 2507 5183 λύχνους
2558 5109 2792 5184 χρυσοῦς
2821 5109 2881 5172 o',
2917 5108 3058 5161 ὥστε
3112 5107 3361 5160 καίεσθαι
3402 5107 3488 5174 ἐφ’
3517 5107 3755 5178 ἑκάστης

2164 5205 2383 5275 λυχνίας
2441 5204 2597 5256 ἑπτά.
2635 5200 3000 5272 Οἰκοδομῆσαι
3040 5199 3098 5251 δὲ
3139 5200 3232 5252 καὶ
3281 5197 3381 5260 τὰς
3430 5197 3616 5261 πύλας
3665 5197 3752 5250 τοῦ

2169 5295 2338 5369 ἱεροῦ,
2393 5295 2486 5348 καὶ
2535 5292 2954 5363 κατακοσμῆσαι
2981 5290 3188 5363 χρυσίῳ
3213 5289 3306 5343 καὶ
3346 5290 3600 5360 ἀργυρίῳ
3622 5307 3633 5320 -
3665 5289 3753 5343 καὶ

2165 5385 2571 5454 καταστεγάσαι
2625 5383 2947 5454 φατνώμασι
2997 5383 3258 5453 κεδρίνοις
3286 5381 3382 5434 καὶ
3424 5381 3749 5453 κυπαρισσὶο

2164 5496 2294 5542 νοις.
2327 5479 2558 5548 Ποιῆσαι
2589 5478 2754 5530 δὲκαὶ
2785 5477 2925 5530 κατὰ
2956 5476 3016 5529 τὸ
3046 5476 3182 5546 πρὸς
3221 5475 3421 5547 βορρᾶν
3455 5475 3626 5546 μέρος
3662 5470 3748 5526 τοῦ

2238 5705 2348 5775 (89)
2389 5701 2608 5775 Πηχῶν
2654 5703 2771 5775 ἐξ.-
2802 5699 2948 5775 Verti
3003 5698 3226 5775 perinde
3272 5713 3335 5775 ac
3379 5696 3422 5749 si
3477 5702 3744 5775 legeretur

2165 5768 2356 5846 πηχῶν
2385 5773 2443 5839 ξ’.
2467 5768 2716 5830 Consule
2745 5768 3043 5842 Josephum
3078 5770 3344 5840 Antiquit.
3383 5768 3480 5823 vui
3505 5808 3521 5835 ,
3554 5769 3614 5825 3.
