3856 6224
201 235 314 292 753

1389 237 1721 296 ΡΒΕΡΑΒ.
1764 241 2035 304 ΕῩΑΝΟ..
2062 243 2196 302 LIB.
2219 242 2306 298 IX.

3367 250 3472 304 '"H

197 352 356 425 ἱεροῦ
399 352 583 418 στοὰν,
611 353 704 406 καὶ
755 353 982 414 στύλους
1033 353 1168 426 αὐτῇ
1209 355 1514 425 ὑποστῆσαι
1562 354 1788 426 χαλκοῦς

1901 358 2086 412 decem
2118 360 2420 429 implerent.
2447 360 2626 414 Aurea
2656 360 2817 415 etiam
2845 361 3170 418 candelabra
3217 361 3334 418 fieri
3374 381 3473 421 cu-

203 452 320 517 μη’.
357 446 784 499 Κατασκευασαι
811 446 868 499 δὲ
923 446 1016 500 καὶ
1048 446 1286 519 λουτῆρα
1332 447 1568 518 χαλκοῦν
1625 449 1798 518 μῆκος

200 535 399 608 πηχῶν
427 543 497 601 κ’,
526 537 620 589 καὶ
649 537 849 600 πλάτος
870 537 1062 609 πηχῶν
1087 539 1156 592 κ’·
1183 539 1244 592 τὸ
1273 539 1330 592 δὲ
1361 539 1492 609 ὕψος
1519 539 1707 609 πηχῶν
1730 540 1792 594 ε’.

200 628 440 697 Ποιῆσαι
474 628 532 682 δὲ
565 630 652 681 ἐπ’
678 627 828 698 αὐτῷ
863 629 1132 700 στεφάνην
1178 629 1315 702 πρὸς
1362 630 1461 700 τὴν
1493 629 1646 698 βάσιν
1693 626 1796 693 ἔξω

202 719 584 792 ὑπερέχουσαν
612 720 789 790 πῆχυν
833 720 928 773 ἕνα
958 720 1093 792 πρὸς
1121 720 1180 774 τὸ
1210 722 1336 784 τοὺς
1376 721 1542 791 ἱερεῖς
1569 717 1694 782 τούς
1734 736 1792 771 τε

199 810 376 872 πόδας
404 809 864 882 προσκλύζεσθαι,
895 813 991 865 καὶ
1025 812 1122 876 τάς
1153 814 1340 884 χεῖρας
1366 811 1650 866 νίπτεσθαι
1673 813 1794 864 ἐπι-

199 902 489 966 ϐαίνοντας
511 918 524 932 ⁸
575 903 797 973 ποιῆσαι
842 902 898 954 δὲ
932 903 1026 956 καὶ
1066 901 1165 966 τὰς
1195 904 1380 974 βάσεις
1409 903 1504 957 τοῦ
1532 903 1794 974 λουτῆρος

201 995 490 1069 τορευτὰς,
534 995 809 1067 χωνευτάς
853 995 1078 1064 δώδεκα,
1115 996 1319 1069 καὶτῷ
1358 996 1482 1067 ὕψει
1524 997 1792 1070 ἀνδρομή-

195 1107 321 1154 κεις
342 1107 356 1120 ·
383 1089 476 1143 καὶ
503 1089 696 1160 στῆσαι
728 1088 786 1154 ἐξ
808 1089 1032 1161 ὑστέρου
1067 1090 1266 1162 μέρους
1287 1090 1390 1144 ὑπὸ
1421 1090 1513 1144 τὸν
1530 1090 1789 1162 λουτῆρα,

197 1182 268 1236 ὲκ
306 1179 497 1246 δεξιῶν
544 1182 638 1235 τοῦ
689 1181 1097 1254 θυσιαστηρίου.
1139 1184 1370 1254 Ποιῆσαι
1404 1183 1461 1238 δὲ
1498 1183 1594 1237 καὶ¹
1636 1183 1792 1253 βάσιν

199 1273 412 1345 χαλκῆν
455 1274 533 1345 τῷ
575 1274 698 1344 ὕψει
743 1275 934 1346 πηχῶν
987 1277 1153 1340 δυοῖν,
1205 1277 1345 1330 κατά
1396 1276 1488 1330 τὸν
1534 1275 1788 1347 λουτῆρα,

197 1365 271 1420 ἵν’
333 1368 610 1440 ἐφεστήκῃ
673 1370 760 1421 ἐπ’
811 1370 981 1441 αὐτῆς
1036 1370 1065 1422 ὁ
1116 1368 1402 1441 βασιλεὺς,
1468 1370 1596 1422 ὅταν
1626 1386 1792 1444 προσ-

196 1457 464 1529 εύχηται,
497 1459 649 1524 ὅπως
698 1460 1000 1536 ὀπτάνηται
1043 1459 1122 1532 τῷ
1177 1460 1293 1532 λαῷ
1319 1460 1440 1527 ,τῶν
1497 1461 1786 1516 Ἰουδαίων.

197 1550 566 1623 Οίκοδομῆσαι
595 1553 652 1606 δὲ
686 1554 781 1607 καὶ
807 1547 1282 1625 τὸθυσιαστήριον
1307 1597 1321 1620 ,
1367 1554 1558 1626 πηχῶν
1591 1553 1669 1608 κε’
1697 1555 1791 1608 ἐπὶ

198 1643 398 1711 πήχεις
427 1639 496 1708 κ’,
518 1643 580 1696 τὸ
610 1643 654 1696 δ’
686 1642 821 1714 ῦψος
854 1643 1045 1715 πηχῶν
1083 1643 1170 1697 ιϐ’.
1202 1644 1432 1715 Ποιῆσαι
1462 1645 1518 1698 δὲ
1561 1647 1656 1699 καὶ
1697 1646 1792 1700 δα-

193 1732 451 1797 κτυλίους
481 1732 574 1787 δύο
593 1735 826 1806 χαλκοῦς
845 1736 1225 1801 ἀλυσιδωτοὺς,
1251 1738 1343 1791 καὶ
1374 1737 1566 1809 στῆσαι
1588 1740 1784 1802 αὐτοὺς
1819 1716 1861 1770 Β

194 1824 290 1878 ἐπὶ
349 1827 760 1898 μηχανημάτων
805 1828 1179 1899 ὑπερεχόντων
1237 1827 1317 1900 τῷ
1346 1827 1472 1899 ὕψει
1524 1830 1614 1883 τὸν
1659 1830 1784 1885 ναὸν

193 1919 394 1990 πήχεις
420 1918 490 1984 κ’,
522 1920 618 1973 καὶ
647 1920 888 1986 σκιάζειν
917 1922 1102 1978 ἐπάνω
1131 1920 1331 1986 παντὸς
1363 1923 1455 1976 τοῦ
1493 1921 1661 1995 ἱεροῦο
1691 1923 1785 1978 καὶ

193 2009 619 2081 προσκρεμάσαι
648 2011 855 2084 ἑκάστῃ
886 2010 1066 2065 δικτύῖ
1114 2011 1372 2077 κώδωνας
1413 2012 1650 2083 χαλκοῦς
1692 2031 1783 2067 τα-

192 2101 505 2166 λαντιαίους
549 2103 964 2174 τετρακοσίουςο
1011 2104 1104 2157 καὶ
1139 2104 1363 2175 ποιῆσαι
1413 2105 1540 2170 ὅλας
1570 2105 1668 2170 τὰς
1701 2107 1783 2160 δι-

193 2194 388 2258 κτύας,
417 2195 554 2268 πρὸς
576 2197 636 2249 τὸ
660 2196 851 2266 ψοφεῖν
877 2197 1004 2261 τοὺς
1035 2196 1311 2262 κώδωνας,
1349 2199 1443 2252 καὶ
1493 2199 1783 2255 ἀποσοϐεῖν

193 2287 265 2342 τὰ
299 2288 485 2359 ὄρνεα,
519 2289 668 2354 ὅπως
698 2289 773 2360 μὴ
805 2289 1000 2362 καθίζῃ
1026 2289 1118 2343 ἐπὶ
1148 2291 1240 2344 τοῦ
1284 2290 1452 2364 ἱεροῦ,
1493 2293 1630 2365 μηδὲ
1664 2311 1785 2349 νοσ-

197 2377 335 2450 σεύῃ
359 2378 451 2432 ἐπὶ
481 2383 592 2444 τοῖς
618 2379 940 2451 φατνώμασι
972 2379 1081 2434 τῶν
1123 2381 1306 2435 πυλῶν
1330 2383 1425 2437 καὶ
1463 2384 1654 2450 στοῶν,
1689 2386 1784 2438 καὶ

200 2470 405 2542 μολύνῃ
442 2473 554 2535 τοῖς
589 2473 986 2544 ἀποπατήμασι
1024 2473 1084 2526 τὸ
1142 2474 1306 2546 ἱερόν.
1365 2475 1688 2546 Περιϐαλεῖν
1725 2477 1782 2532 δὲ

200 2564 295 2616 καὶ
325 2563 394 2617 τὰ
444 2565 786 2636 Ἱεροσόλυμα
808 2565 906 2638 τὴν
935 2565 1091 2619 πόλιν
1120 2567 1345 2638 τείχεσι,
1398 2569 1490 2622 καὶ
1529 2568 1780 2639 πύργοις,

199 2651 297 2706 καὶ
341 2653 590 2726 τάφροις.
652 2659 1016 2730 Οίκοδομῆσαι
1076 2659 1132 2712 δὲ
1188 2661 1283 2713 καὶ
1313 2659 1558 2729 βασίλεια
1583 2659 1779 2730 ἐαυτῷ.

199 2743 716 2816 Προσαγορευθῆναι
755 2748 813 2802 δὲ
851 2749 1066 2821 πρῶτον
1091 2749 1188 2819 μὲν
1216 2749 1278 2802 τὸ
1306 2749 1605 2822 ἀνάκτορον
1640 2749 1782 2820 ἱερὸν

199 2836 536 2906 Σολομῶνος,
585 2838 813 2911 ὕστερον
844 2841 920 2904 δὲ,
967 2841 1438 2913 παρεφθαρμένως
1485 2841 1582 2913 τὴν
1630 2841 1782 2894 πόλιν

197 2926 311 2981 ἀπὸ
332 2925 427 2979 τοῦ
465 2928 613 2999 ἱεροῦ
659 2929 1010 3001 Ἰερουσαλὴμ
1031 2930 1425 3001 ὀνομασθῆναιο
1459 2930 1564 2984 ὑπὸ
1595 2931 1652 2984 δὲ
1675 2929 1782 2985 τῶν

206 3017 480 3090 Ἑλλήνων
510 3019 847 3090 φερωνύμως
893 3018 1238 3091 Ἰεροσόλυμα
1285 3018 1555 3088 λέγεσθαι.
1589 3019 1783 3072 Συντε-

197 3109 435 3164 λέσαντα
471 3111 528 3164 δὲ
564 3111 625 3164 τὸ
658 3111 800 3184 ἱερὸν
840 3112 934 3164 καὶ
978 3111 1078 3184 τὴν
1107 3111 1259 3165 πόλιν
1305 3111 1648 3182 τειχίσαντα,
1699 3111 1785 3164 ὲλ-

199 3203 319 3256 θεῖν
343 3203 425 3266 εἰς
445 3200 664 3273 Σηλὼμ,
695 3204 792 3256 καὶ
825 3202 1015 3256 θυσίαν
1072 3201 1151 3273 τῷ
1188 3201 1308 3272 Θεῷ
1345 3204 1426 3266 εἰς
1470 3201 1786 3275 ὁλοκὰρπω-

197 3312 289 3349 σιν
325 3296 718 3364 προσαγαγεῖν,
756 3293 882 3364 βοῦς
910 3294 1134 3365 χιλίους.
1163 3295 1410 3348 Λαϐόντα
1445 3293 1502 3347 δὲ
1529 3293 1625 3366 τὴν
1650 3311 1784 3366 σκη-

192 3391 303 3459 νὴν
334 3390 431 3442 καὶ
461 3388 521 3442 τὸ
559 3389 962 3460 θυσιαστήριον,
1004 3390 1096 3444 καὶ
1123 3389 1193 3444 τά
1232 3388 1440 3459 σκεύη,
1481 3387 1517 3442 ἃ
1562 3389 1785 3460 ἐποίησε

199 3480 438 3551 Μωσῆς,
482 3482 561 3544 εἰς
596 3480 943 3552 Ἱεροσόλυμα
990 3483 1267 3550 ἐνεγκεῖν,
1331 3481 1426 3534 καὶ
1461 3482 1518 3535 ὲν
1544 3480 1622 3553 τῷ
1653 3480 1786 3552 οἴκῳ

198 3571 400 3626 θεῖναι.
437 3571 548 3626 Καὶ
590 3573 689 3645 τὴν
743 3573 975 3627 κιϐωτὸν
1003 3573 1061 3626 δὲ
1094 3573 1302 3627 καὶτὸν
1330 3571 1513 3644 βωμὸν
1536 3572 1624 3626 τὸν
1651 3589 1786 3644 χρυ-

200 3655 356 3727 σοῦν,
404 3663 497 3716 καὶ
544 3662 644 3736 τὴν
695 3663 948 3735 λυχνίαν,
986 3665 1080 3718 καὶ
1115 3663 1212 3736 τὴν
1245 3664 1546 3736 τράπεζαν,
1593 3665 1688 3717 καὶ
1719 3664 1790 3717 τὰ

198 3752 341 3808 ἄλλα
399 3754 566 3826 σκεύη
626 3756 743 3808 ἐκεῖ
793 3756 1200 3820 κατατίθεσθαι,
1260 3755 1442 3820 καθὼς
1489 3757 1788 3826 προστάξαι

204 3846 361 3918 αὐτῷ
399 3848 488 3902 τὸν
510 3850 813 3922 προφήτην.
852 3851 1234 3922 Προσαγαγεῖν
1262 3850 1320 3904 δὲ
1352 3850 1428 3921 τῷ
1453 3849 1572 3920 Θεῷ
1598 3849 1788 3903 θυσίαν

205 3939 430 4011 μυρίαν,
464 3939 714 4011 πρόϐατα
745 3941 998 4012 δισχίλια,
1028 3941 1260 4012 μόσχους
1297 3940 1626 4013 τρισχιλίους
1658 3957 1788 3992 πεν-

202 4032 516 4096 τακοσίους.
570 4032 642 4085 Τὸ
689 4032 746 4086 δὲ
782 4032 1004 4104 σύμπαν
1041 4033 1282 4105 χρυσίον,
1333 4034 1393 4086 τὸ
1423 4035 1501 4095 εἰς
1526 4035 1651 4096 τοὺς
1697 4034 1790 4088 δύο

208 4124 438 4190 στύλους
487 4126 581 4180 καὶ⁵
630 4127 721 4180 τὸν
750 4126 876 4182 ναὸν
922 4126 1296 4198 καταχρησθὲν
1319 4168 1334 4193 ,
1381 4122 1518 4179 εἶναι
1555 4127 1790 4180 τάλαντα

211 4217 494 4290 μυριάδων
517 4217 615 4284 υξν,
651 4221 730 4283 εἰς
751 4219 808 4272 δὲ
839 4220 966 4283 τοὺς
985 4219 1147 4290 ἥλους
1175 4219 1270 4273 καὶ
1303 4219 1400 4289 τὴν
1435 4219 1598 4289 ἀλλην
1631 4236 1791 4276 κατα·

207 4307 416 4379 σκευὴν
445 4308 706 4380 ἀργυρίου
737 4307 974 4362 τάλαντα
995 4308 1143 4379 χίλια
1186 4309 1433 4363 διακόσια
1473 4325 1792 4379 τριακοντα-

1899 449 2039 504 ravit
2059 492 2072 514 ,
2099 450 2278 520 pondo
2302 451 2524 522 singula.
2549 451 2811 508 talentum
2827 452 3033 521 decem,
3066 469 3188 524 qua:
3215 455 3281 510 ad
3306 456 3473 522 illius,

1900 543 2045 611 quod
2078 543 2131 596 in
2172 543 2529 598 tabernaculo
2551 543 3183 601 testimoniicollocatum
3224 561 3255 602 a
3289 544 3476 617 Moyse

1901 633 2110 701 fuerat,
2136 636 2414 705 exemplar
2457 637 2744 707 expressit.
2767 635 2905 707 ιΗιυο
2946 646 3176 707 utraque
3223 638 3477 694 similiter

1895 728 2027 781 aulis
2051 743 2117 781 ex
2153 738 2303 797 parte
2327 728 2642 789 constituta.
2667 729 2734 784 ad
2766 729 3043 785 dexteram
3081 729 3225 795 alia,
3267 730 3373 784 alia
3404 730 3475 784 ad

1898 818 2178 873 sinistram
2197 860 2212 885 ,
2236 819 2540 889 additzeque
2560 819 2989 875 aureaclucernae
3013 820 3377 890 septuaginta,
3411 829 3473 875 ut

1894 919 2099 979 septem
2168 925 2428 967 accensas
2471 911 2794 968 candelabra
2852 913 3062 985 singula
3115 913 3466 970 sustinerent.

1898 1001 2105 1073 Templi
2129 1018 2347 1074 quoque
2376 1003 2563 1059 valvas
2595 1018 2731 1060 auro
2753 1014 3084 1076 argentoque
3115 1005 3277 1071 texit,
3296 1003 3471 1058 forni-

1895 1108 2123 1163 cemque
2160 1093 2393 1164 desuper
2424 1095 2661 1151 cedrinis
2709 1111 2773 1151 ac
2793 1095 3125 1168 cypyessinis
3162 1111 3230 1150 ex
3273 1094 3471 1153 tabulis

1893 1184 2150 1239 sinuavit.
2177 1183 2297 1239 Jam
2344 1186 2410 1241 ad
2451 1183 2928 1257 septentrionalem
2971 1186 3103 1241 tedis
3135 1194 3344 1256 partem
3384 1186 3471 1240 in-

1893 1286 2106 1348 gentem
2163 1280 2432 1349 porticum
2474 1280 2712 1350 aperuit,
2762 1278 3034 1335 columnis
3071 1280 3226 1334 :ereis
3267 1286 3391 1333 octo
3415 1286 3472 1332 et

1893 1371 2251 1441 quadraginta
2317 1369 2616 1426 suffultam.
2698 1371 2934 1426 Labrum
3005 1370 3134 1425 item
3218 1370 3470 1440 adjunxit

1892 1478 2134 1525 :eneum,
2171 1461 2527 1534 longitudinis
2556 1463 2773 1532 quidem
2822 1475 2886 1517 ac
2920 1460 3222 1517 latitudinis
3253 1459 3466 1530 viginti,

1893 1554 2192 1609 altitudinis
2239 1569 2368 1608 vero
2411 1555 2654 1625 quinque
2710 1553 2974 1608 duntaxat
2997 1552 3210 1608 cubitos
3236 1551 3463 1609 habens.

1892 1644 2008 1700 Hoc
2042 1645 2242 1700 limbus
2273 1645 2492 1714 quidam
2518 1645 2756 1700 exterius
2776 1645 2842 1700 ad
2862 1645 3102 1700 cubitum
3131 1659 3303 1700 unum
3327 1645 3466 1698 emi-

1891 1751 2034 1792 nens
2059 1776 2073 1802 ,
2104 1752 2170 1792 ac
2194 1753 2388 1792 versus
2417 1737 2592 1791 basim
2611 1721 3016 1792 circumductus
3043 1736 3338 1800 ambiebat,
3357 1751 3467 1806 quo

1890 1829 2108 1885 facilius
2141 1843 2444 1884 conscenso
2495 1829 2675 1894 labro,
2735 1827 3046 1884 sacerdotes
3091 1828 3289 1898 pedum
3344 1842 3468 1881 ma-

1891 1935 2171 1991 nuumque
2204 1921 2392 1974 sordes
2425 1921 2688 1975 eluerent.
2730 1918 2916 1974 Eidem
2951 1919 3152 1990 gradus
3184 1919 3467 1974 tornatiles

1889 2013 2185 2082 fusilesque
2227 2011 2514 2067 duodecim
2535 2052 2550 2077 ,
2576 2028 2698 2067 cum
2726 2012 2874 2082 jnsta
2905 2012 3145 2068 hominis
3171 2013 3336 2070 unius
3353 2028 3470 2069 ma-

1890 2105 2172 2176 gnitudine
2195 2103 2465 2174 adaequati
2492 2144 2506 2170 ,
2534 2103 2602 2158 ad
2637 2113 2844 2175 partem
2888 2105 3034 2176 illius
3080 2105 3464 2174 posteriorem,

1889 2198 2076 2254 altaris
2100 2212 2228 2255 vero
2252 2199 2529 2252 dexteram
2559 2197 2844 2268 suppositi.
2874 2197 3068 2252 Addita
3108 2198 3330 2267 insuper
3365 2197 3467 2252 ba-

1889 2293 1967 2347 sis
1991 2306 2172 2356 aenea,
2205 2305 2314 2344 non
2341 2289 2529 2360 procul
2556 2305 2586 2344 a
2603 2290 2776 2357 labro,
2801 2290 3085 2345 altitudine
3097 2290 3312 2346 cubitos
3329 2290 3468 2346 duos

1889 2381 2177 2448 obtinens,
2271 2383 2359 2437 cui
2443 2397 2541 2436 rex
2627 2388 2887 2436 oraturus
2956 2380 3264 2446 insisteret,
3355 2394 3468 2450 quo

1890 2471 2104 2526 facilius
2152 2470 2594 2526 acircumstante
2643 2469 2830 2526 Iudaeo
2873 2471 3075 2541 populo
3129 2479 3464 2526 cerneretur.

1888 2561 2048 2635 45],
2080 2561 2163 2616 Ad
2191 2561 2307 2616 hazc
2338 2563 2508 2618 altare
2540 2563 2734 2628 erexit,
2781 2563 2941 2632 cujus
2979 2562 3218 2618 ambitus
3252 2562 3469 2618 cubito-

1890 2668 2012 2706 rum
2059 2651 2301 2722 quinque
2337 2659 2392 2706 et
2435 2651 2795 2722 quadraginta
2823 2693 2840 2719 ,
2871 2650 3097 2705 altitudo
3149 2665 3278 2706 vero
3329 2651 3468 2708 duo-

1889 2741 2064 2796 decim
2117 2749 2328 2796 tantum
2380 2751 2542 2797 esset.
2592 2739 2907 2804 Postremo,
2962 2743 3196 2797 annulos
3246 2759 3312 2797 ex
3360 2759 3467 2800 aere

1889 2831 2138 2903 geminos
2192 2833 2401 2887 catenis
2447 2832 2743 2902 implicitos
2772 2872 2787 2896 ,
2822 2833 3092 2887 machinis
3136 2833 3463 2904 quibusdam

1889 2938 2054 2992 supra
2084 2922 2269 2992 templi
2311 2919 2587 2994 fastigium
2636 2923 2827 2992 viginti
2877 2923 3077 2979 cubitis
3122 2926 3466 2984 exstantibus

1889 3012 2183 3082 impositis,
2212 3027 2449 3083 quorum
2475 3013 2672 3068 umbra
2700 3015 2754 3068 in
2788 3022 2961 3068 totum
2986 3014 3220 3084 desuper
3247 3017 3465 3073 culmen

1889 3103 2228 3158 incumberet
2252 3122 2266 3158 :
2295 3118 2434 3173 eque
2467 3104 2698 3175 singulis
2723 3104 2926 3159 retibus
2954 3119 3048 3160 seu
3077 3108 3285 3162 catenis
3316 3124 3467 3166 aenea

1888 3194 2279 3259 tintinnabula,
2305 3195 2494 3250 talenti
2517 3196 2720 3265 pondo,
2739 3196 3136 3266 quadringenta
3160 3200 3462 3269 suspendit,

1886 3300 2008 3355 quae
2033 3286 2240 3340 catenis
2270 3288 2564 3342 commotis
2597 3289 2866 3356 impulsa,
2901 3290 3100 3343 tinnitu
3136 3304 3201 3344 ac
3234 3288 3459 3358 strepitu

1886 3377 2136 3433 volucres
2171 3377 2452 3447 abigerent
2479 3416 2493 3441 ,
2545 3393 2613 3432 ne
2643 3377 2728 3432 vel
2778 3377 3078 3434 insiderent
3114 3381 3313 3450 templo
3336 3421 3350 3445 ,
3381 3383 3467 3437 vel

1888 3467 2047 3523 nidos
2096 3469 2152 3522 in
2186 3467 2470 3522 valvarum
2523 3477 2618 3522 aut
2667 3467 2978 3537 porticuum
3030 3469 3287 3526 tabulatis
3333 3486 3467 3526 con-

1888 3566 2181 3623 struerent,
2216 3558 2499 3629 aedemque
2547 3575 2760 3615 sacram
2814 3561 3069 3616 sordibus
3094 3561 3464 3631 inquinarent.

1887 3650 2058 3706 Porro
2092 3651 2268 3721 ipsam
2319 3665 2538 3720 quoque
2579 3649 2968 3722 Hierosolyma:
3009 3653 3199 3707 urbem
3246 3652 3422 3708 muris
3449 3692 3463 3716 ,

1890 3743 2155 3811 turribus,
2187 3744 2464 3813 fossisque
2499 3743 2740 3810 vallavit,
2775 3752 3177 3814 augustamque
3222 3743 3326 3799 sibi
3363 3744 3467 3813 ipsi

1890 3836 2094 3906 regiam
2119 3834 2394 3889 excitavit.
2414 3835 2480 3888 At
2509 3833 2745 3903 primum
2768 3835 2987 3904 quidem
3011 3849 3167 3889 sacra
3189 3833 3280 3888 illa
3302 3834 3464 3901 aedes,

1892 3927 2033 4000 ἱερὸν
2058 3925 2390 3996 Σολομῶνος,
2415 3924 2726 3982 Salomonis
2752 3926 3034 3995 templum,
3059 3926 3334 3980 nominata
3351 3933 3466 3992 est;

1890 4020 2086 4074 deinde
2119 4033 2270 4084 vero,
2306 4019 2438 4073 urbs
2467 4019 2580 4088 ipsa
2618 4015 2956 4074 Hierusalem
2978 4059 2994 4085 ,
3029 4027 3286 4088 corrupto
3313 4018 3468 4072 vitia-

1891 4123 2058 4182 toque
2087 4113 2271 4181 templi
2303 4112 2522 4165 nomine
2562 4111 2851 4180 appellata,
2883 4125 3047 4180 quam
3083 4107 3254 4164 Graeci
3283 4121 3466 4180 postea

1895 4203 2325 4274 Hierosolymam
2359 4201 2503 4256 allini
2533 4201 2861 4271 geminoque
2891 4199 3154 4253 vocabulo
3186 4214 3468 4268 nuncupa-

1893 4305 2042 4353 runt.
2074 4295 2189 4350 Rex
2213 4302 2392 4349 autem
2420 4302 2544 4363 post
2577 4292 2839 4361 templum
2871 4291 3218 4356 aediﬁcatum,
3249 4290 3468 4345 urbem-

201 4400 331 4455 δύο·
363 4401 564 4471 χαλκοῦ
595 4401 651 4454 δὲ
685 4404 764 4466 εἰς
792 4402 916 4465 τοὺς
943 4401 1128 4464 κίονας
1157 4401 1250 4455 καὶ
1286 4401 1374 4454 τὸν
1420 4400 1657 4472 λουτῆρα
1694 4402 1788 4454 καὶ

1893 4403 1998 4458 que
2024 4386 2314 4452 munitam,
2347 4382 2626 4438 Selomum
2661 4380 2960 4453 profectus,
2989 4381 3098 4436 Deo
3126 4381 3274 4436 mille
3302 4382 3467 4436 boum

205 4492 312 4561 τὴν
342 4489 502 4544 στοὰν
527 4490 764 4546 τάλαντα
803 4491 972 4563 μύρια
1008 4490 1386 4561 ὀκτακισχίλια
1431 4492 1785 4562 πεντήκοντα.

215 4583 570 4654 ’Δποπέμψαι
600 4583 659 4636 δὲ
691 4584 780 4637 τὸν
818 4583 1108 4654 Σολομῶνα
1140 4584 1236 4641 καὶ
1276 4583 1401 4647 τοὺς
1436 4583 1786 4652 Αἰγυπτίους,

202 4676 308 4733 καὶ
341 4675 468 4739 τοὺς
503 4675 772 4738 Φοίνικας,
808 4674 1072 4738 ἑκάστους
1094 4675 1172 4738 εἰς
1194 4673 1292 4746 τὴν
1330 4675 1557 4740 ἑαυτῶν,
1577 4674 1790 4745 ἑκάστῳ

206 4765 420 4841 χρυσοῦ
454 4767 669 4832 σίκλους
701 4767 857 4820 δόντα
881 4768 1012 4822 δέκα
1030 4785 1044 4799 ·
1082 4768 1146 4821 τὸ
1174 4768 1232 4822 δὲ
1256 4768 1517 4824 τάλαντον
1542 4764 1681 4821 εἶναι
1710 4768 1792 4820 σί-

206 4860 362 4918 κλον.
399 4861 508 4914 Καὶ
539 4859 618 4931 τῷ
655 4861 752 4931 μὲν
779 4859 1054 4930 Αἰγύπτου
1096 4860 1304 4930 βασιλεῖ
1345 4861 1569 4932 Ούαφρῇ
1610 4859 1790 4914 ὲλαίου

211 4947 494 5018 μετρητὰς
531 4947 777 5021 μυρίους,
806 4948 1264 5018 φοινικοϐαλάνων
1313 4949 1558 5021 ἀρτάϐας
1594 4949 1789 5020 χιλίας,

210 5040 434 5110 μέλιτος
467 5042 524 5094 δὲ
547 5044 742 5112 ἀγγεῖα
770 5042 984 5105 ἑκατὸν,
1014 5041 1105 5096 καὶ
1131 5041 1401 5113 ἀρώματα
1438 5041 1681 5111 πέμψαι·
1716 5041 1794 5112 τῷ

205 5129 269 5182 δὲ
301 5129 534 5200 Σούρωνι
555 5132 636 5194 εἰς
662 5129 836 5204 Τῦρον
865 5133 1078 5204 πέμψαι
1109 5131 1201 5184 τὸν
1227 5130 1464 5204 χρυσοῦν
1486 5133 1639 5185 κίονα
1663 5172 1678 5198 ,
1703 5133 1794 5186 τὸν

208 5226 272 5275 ὲν
313 5222 470 5293 Τύρῳ
498 5223 850 5295 ἀνακείμενον
868 5227 926 5278 ἐν
957 5224 1034 5296 τῷ
1071 5223 1203 5297 ἱερῷ
1235 5224 1327 5277 τοῦ
1366 5225 1504 5288 Διός.
1543 5223 1796 5295 Θεόφιλος

206 5313 271 5367 δέ
303 5330 434 5383 φησι
457 5314 547 5367 τὸν
576 5315 1014 5386 περισσεύσαντα
1037 5315 1234 5387 χρυσὸν
1273 5316 1366 5369 τὸν
1396 5315 1685 5386 Σολομῶνα
1717 5314 1795 5386 τῷ

212 5407 404 5477 Τυρίῳ
436 5406 645 5477 βασιλεί
673 5408 904 5479 πέμψαι.
945 5407 1046 5462 Τὸν
1075 5408 1150 5474 δὲ,
1187 5408 1369 5462 εἰκόνα
1407 5409 1507 5479 τῆς
1531 5407 1794 5478 θυγατρὸς

211 5497 356 5561 ζῶον
391 5497 730 5568 ὁλοσώματον
759 5499 1187 5559 κατασκευάσαι,
1221 5497 1315 5552 καὶ
1340 5497 1558 5567 ἔλυτρον
1593 5493 1671 5565 τῷ
1699 5497 1794 5548 ἀν-

209 5591 426 5660 δριάντι
463 5591 553 5644 τὸν
603 5592 838 5664 χρυσοῦν
885 5593 1038 5646 κίονα
1081 5593 1406 5663 περιθεῖναι.
1457 5591 1688 5659 Ποιῆσαι
1739 5589 1797 5642 δέ

211 5700 382 5756 φησιν
401 5687 428 5739 ὁ
453 5685 765 5758 Εὐπόλεμος
787 5685 878 5740 τὸν
907 5684 1194 5756 Σολομῶνα
1219 5685 1312 5740 καὶ
1342 5683 1576 5748 ἀσπίδας
1589 5685 1794 5754 χρυσᾶς

1897 4478 2281 4533 holocaustum
2321 4474 2521 4530 obtulit
2551 4491 2566 4542 ;
2594 4473 2848 4542 idemque
2877 4473 3246 4542 postmodum,
3299 4480 3353 4526 et
3385 4481 3467 4526 ta-

1892 4570 2269 4631 bernaculum,
2300 4577 2354 4622 et
2383 4582 2559 4634 aram,
2590 4577 2643 4620 et
2668 4564 2937 4636 quidquid
2966 4581 3135 4620 sacra:
3165 4565 3472 4634 supellecti-

1893 4663 1962 4719 lis
1978 4669 2354 4732 comparatum
2375 4675 2406 4716 a
2426 4658 2576 4714 Mose
2592 4657 2790 4722 fuerat,
2809 4673 3014 4722 arcam,
3033 4658 3203 4712 altare
3219 4671 3468 4724 aureum,

1893 4754 2305 4817 candelabrum,
2340 4765 2608 4817 mensam,
2632 4759 2685 4805 et
2712 4747 2978 4820 quidquid
3009 4749 3155 4803 aliud
3186 4746 3307 4812 fuit,
3343 4746 3468 4803 Hie-

1892 4847 2226 4918 rosolymam
2259 4851 2698 4914 comportatum,
2749 4857 2905 4898 sacra
2937 4841 2992 4895 in
3036 4840 3149 4895 aede
3193 4841 3471 4910 prophetae

1888 4941 2048 5011 jussu
2072 4936 2338 5008 reposuit,
2363 4935 2634 5004 simulque
2657 4935 2983 4989 immensum
3008 4932 3117 4987 Deo
3139 4931 3466 4987 sacrificium

1899 5030 2051 5098 fecit,
2086 5029 2283 5084 ovibus
2310 5027 2379 5082 ad
2427 5027 2536 5082 duo
2567 5042 2632 5082 ac
2661 5026 2912 5095 juvencis
2958 5024 3026 5079 ad
3055 5025 3158 5077 tria
3201 5021 3367 5076 millia
3417 5032 3471 5075 et

1895 5124 2192 5195 quingenta
2226 5122 2501 5176 mactatis.
2533 5120 2798 5174 Caeterum
2847 5118 2930 5172 vis
2977 5117 3098 5170 auri
3147 5122 3364 5180 cuncta,
3414 5113 3468 5167 in

1897 5217 2184 5272 columnas
2220 5215 2357 5269 duas
2381 5254 2394 5280 ,
2430 5228 2494 5266 ac
2529 5211 2786 5281 templum
2835 5210 3151 5263 universum
3196 5212 3465 5274 expenﬁ,

1898 5309 2161 5362 talentum
2193 5305 2295 5360 fuit
2344 5305 2669 5376 quadragies
2717 5301 2934 5366 sexies;
2985 5299 3192 5370 argenti
3240 5313 3367 5352 vero
3414 5297 3469 5350 in

1900 5403 2084 5456 clavos
2111 5414 2174 5453 ac
2199 5399 2471 5467 reliquum
2504 5405 2821 5466 apparatum
2843 5435 2857 5460 ,
2885 5394 3242 5448 ducentorum
3279 5405 3343 5444 ac
3373 5389 3471 5444 tri-

1899 5496 2048 5564 ginta
2071 5494 2237 5549 duum
2263 5507 2428 5562 supra
2453 5494 2629 5557 mille;
2655 5493 2778 5547 teris
2803 5490 3056 5558 denique,
3080 5487 3133 5541 in
3161 5499 3467 5549 columnas,

1899 5589 2112 5642 labrum
2141 5597 2194 5642 et
2226 5587 2518 5657 porticum,
2549 5585 2943 5657 quinquaginta
2976 5595 3138 5650 supra
3169 5577 3469 5634 octodecim

1901 5681 2088 5738 millia.
2139 5677 2309 5737 Porro
2363 5676 2645 5749 Egyptios
2697 5692 2759 5733 ac
2803 5675 3129 5740 Phtnnices,
3177 5670 3365 5726 divisis
3412 5669 3470 5725 in
