3856 6224
443 240 551 305 755
1120 243 1391 303 EUSEBII
1421 244 1897 305 CESABIENSIS
1935 247 2085 305 OPP.
2123 248 2307 307 PARS
2339 248 2505 305 1ῒ.---
2530 247 3032 306 AP'OLOGETICA.
3602 256 3713 311 756

449 369 695 444 singulos
726 370 915 429 decem
951 368 1070 426 auri
1107 369 1257 425 siclis
1307 367 1519 438 (siclus
1552 369 1816 425 talentum
1860 377 1978 425 erat

2122 370 2319 441 χιλίας,
2345 364 2422 426 ὧν
2448 373 2691 437 ἑκάστην
2729 371 3099 425 πεντακοσίων
3137 364 3284 426 εἶναι
3298 373 3532 445 χρυσῶν.
3571 376 3716 429 Βιῶ-

440 478 599 519 suam
657 462 716 519 in
769 462 1004 534 patriam
1064 461 1322 518 Salomon
1356 462 1587 519 remisit.
1634 461 1716 517 Ad
1761 460 1992 531 Vaphrel

2127 479 2218 515 σαι
2245 462 2303 516 δὲ
2335 462 2498 517 αὑτὸν
2524 465 2620 535 ἔτη
2645 463 2986 535 πεντήκοντα
3015 462 3129 532 δύο,
3156 456 3232 521 ὧν
3247 467 3310 520 ὲν
3335 466 3528 539 εἰρήνῃ
3551 466 3716 538 βασι-

440 553 657 628 Egyptl
714 570 893 628 regem
947 554 1054 611 olei
1118 563 1379 610 metretas
1432 554 1500 609 ad
1559 554 1746 610 decem
1802 554 1971 610 millia

2122 551 2311 607 λεῢσαι
2343 552 2438 625 ἔτη
2480 561 2554 625 μ’.
2588 573 2611 608 ι

438 646 773 720 dactylorum
800 644 1241 719 Egyptiacarum
1295 649 1516 705 artabas
1566 649 1714 704 mille
1739 690 1755 716 ,
1839 648 2016 703 mellis
2050 661 2179 702 vasa
2231 655 2444 703 centum
2503 664 2626 704 cum
2675 648 3056 717 armantibus;
3123 649 3191 705 ad
3239 648 3510 708 Suronem
3577 668 3713 711 vero

437 744 747 800 columnam
774 759 997 799 auream
1046 742 1250 819 Tyrum
1294 745 1464 812 misit,
1527 759 1693 818 quam
1740 744 1856 815 ipse
1908 742 2058 799 Jovis
2096 742 2149 797 in
2202 744 2401 814 templo
2464 746 2827 802 consecravit.
2873 744 3035 817 452
3118 745 3283 800 Addit
3328 744 3709 818 Theophilus,

438 839 703 911 quidquid
753 840 1023 911 reliquum
1091 854 1158 895 ex
1218 856 1354 896 auro
1398 840 1596 909 fuerat,
1634 839 1797 910 Tyrio
1842 841 1951 910 regi
2036 852 2067 892 a
2107 834 2399 895 Salomone
2430 840 2658 897 missum
2711 855 2883 898 esse:
2918 840 3071 894 illum
3119 854 3253 896 vero
3301 841 3424 898 tiliae
3469 844 3710 900 simula-

436 946 592 987 crum
618 933 887 1004 integrum
916 948 984 989 ex
1014 947 1081 989 eo
1129 934 1472 1002 conﬂavisse,
1521 934 1809 1005 ipsumque
1865 945 2029 985 aurea
2067 930 2322 987 columna
2358 934 2517 1001 quasi
2561 934 2719 990 theca
2767 943 2823 990 et
2866 932 3152 988 involucra
3216 935 3455 1000 quodam
3525 935 3711 992 inclu—

439 1025 598 1083 sisse.
646 1025 974 1099 Eupolemus
1025 1038 1206 1084 autem
1251 1044 1448 1085 aureos
1491 1037 1753 1100 praeterea
1796 1027 2013 1098 clypeos
2050 1024 2200 1081 mille
2227 1041 2260 1081 a
2312 1026 2605 1085 Salomone
2652 1029 2970 1086 elaboratos
2999 1029 3132 1085 'esse
3182 1031 3363 1097 tradit,
3429 1032 3710 1104 quingen-

438 1132 619 1179 torum
681 1123 926 1196 singulos
985 1139 1327 1190 aureorum;
1392 1125 1754 1194 eumdemque
1808 1120 2012 1177 vixisse
2047 1134 2222 1177 annos
2253 1125 2648 1196 quinquaginta
2713 1126 2873 1193 duos,
2925 1141 2994 1187 ex
3025 1126 3225 1197 quibus
3272 1134 3412 1183 totos
3449 1135 3507 1183 et
3573 1142 3708 1183 con-

434 1218 669 1277 tinentes
693 1219 1059 1292 quadraginta
1084 1236 1297 1276 summa
1329 1221 1381 1275 in
1408 1236 1542 1291 pace
1570 1217 1895 1290 regnaverit.
1935 1234 1957 1269 ι

993 1316 1223 1374 CAPUT
1256 1316 1478 1376 XXXV.

491 1428 568 1484 De
595 1429 988 1503 Hierosolyma,
1015 1448 1081 1486 ea:
1111 1430 1444 1503 Timochare,
1474 1430 1777 1503 uthabetur
1800 1429 1978 1484 eodem

880 1502 1018 1557 libro
1041 1503 1103 1556 de
1133 1503 1284 1558 rebus
1306 1502 1567 1556 Antiochi.

424 1658 429 1663 .
504 1611 860 1671 Timochares
906 1614 963 1670 in
989 1630 1171 1669 rerum
1196 1615 1265 1669 ab
1308 1613 1576 1671 Antiocho
1606 1623 1879 1685 gestarum
1902 1613 2017 1668 his-

2634 1309 3040 1366 ΚΕΦΛΛΑΙΟΝ
3071 1307 3189 1362 ΛΕ’.

2124 1422 2506 1505 Τιμοχάροιζς,
2531 1425 2665 1505 περὶ
2690 1425 2801 1493 τῆς
2818 1424 3245 1505 ξΙερουσαλὴμ,
3275 1421 3394 1505 άπὸ
3418 1421 3539 1477 τῶν
3564 1421 3702 1491 περὶ

2444 1497 2742 1564 Ἀντιόχου
2770 1496 2881 1566 τῆς
2906 1499 3098 1565 αὐτης
3124 1496 3372 1565 γραφῆς.

2184 1608 2504 1682 Τιμοχάρης
2564 1609 2621 1664 δέ
2660 1627 2827 1682 φησιν
2868 1613 2927 1665 εν
2965 1612 3082 1675 τοῖς
3128 1609 3264 1680 περὶ
3304 1607 3583 1680 Ἀντιόχου
3631 1606 3701 1661 τὰ

435 1704 605 1772 toria,
632 1702 1022 1778 Hierosolyma}
1052 1706 1314 1760 ambitum
1333 1703 1691 1775 quadraginta
1716 1703 1992 1759 stadiorun

2127 1700 2474 1773 Ἱεροσόλυμα
2509 1702 2609 1776 τὴν
2633 1704 2734 1775 μὲν
2752 1706 3083 1777 περίμετρον
3132 1704 3280 1777 ἔχειν
3322 1702 3575 1765 σταδίους
3611 1708 3693 1773 εί*

431 1809 555 1853 esse
608 1795 806 1866 docet;
858 1797 1215 1867 eamdemque
1262 1803 1577 1866 expugnatu
1610 1793 2010 1865 perdiliicilem,

430 1889 631 1959 quippe
664 1904 787 1959 quae
830 1888 1120 1960 praeruptis
1168 1887 1408 1958 undique
1456 1886 1623 1943 fossis
1671 1885 2013 1955 vallibusque

428 1981 702 2050 cingatur.
742 1980 825 2035 Ad
856 1981 972 2035 haec
992 2019 1009 2046 ,
1042 1980 1234 2035 urbem
1268 1981 1578 2036 universam
1611 1979 1767 2049 aquis
1794 1976 1966 2049 perlui
1992 2017 2011 2045 ,

429 2088 667 2144 quarum
692 2071 912 2129 deﬂuxu
942 2072 1089 2127 horti
1121 2071 1326 2143 passim
1357 2088 1550 2128 omnes
1576 2072 1871 2143 irrigentur
1902 2088 1917 2134 ;
1944 2084 2012 2125 ac

432 2164 650 2231 tametsi
699 2165 826 2220 totis
873 2158 1234 2235 quadraginta
1283 2164 1353 2219 ab
1388 2165 1524 2220 urbe
1556 2163 1750 2221 stadiis
1794 2177 2008 2218 summa

432 2272 589 2326 aqua:
614 2257 845 2327 penuria
867 2257 1166 2325 laboretur,
1196 2257 1323 2313 inde
1350 2266 1555 2323 tamen,
1582 2258 1801 2330 riguum
1827 2256 2007 2315 denuo

429 2350 604 2404 solum
623 2365 909 2421 apparere.

960 2440 1200 2497 CAPUT
1232 2439 1474 2499 XXXVI.

764 2553 838 2609 De
863 2556 1065 2623 eadem,
1096 2573 1162 2611 ea:
1200 2573 1434 2613 mensore
1460 2555 1649 2627 Syriae.

491 2663 761 2722 Praeterea
794 2666 842 2723 is
871 2667 964 2739 qui
1010 2666 1222 2741 Syriam
1261 2677 1432 2725 totam
1462 2684 1687 2726 mensus
1719 2678 1821 2736 est,
1856 2668 1998 2726 libro

2113 1788 2252 1847 εἶναι
2276 1793 2322 1847 δ’
2354 1794 2524 1865 αὑτὴν
2551 1795 2877 1861 δυσάλωτον,
2913 1796 3177 1850 πάντοθεν
3210 1793 3497 1865 ἀποόρὦι
3538 1810 3700 1865 περι-

2111 1884 2433 1958 κλειομένην
2460 1887 2750 1960 φάραγξιν.
2779 1888 2947 1959 Ὅλην
2972 1889 3031 1943 δὲ
3068 1888 3166 1960 τὴν
3204 1888 3363 1942 πόλιν
3406 1885 3565 1939 ὕδασι
3597 1902 3701 1939 κα-

2108 1977 2447 2049 ταρρεῖσθαι,
2484 1977 2624 2033 ὥστε
2660 1981 2753 2034 καὶ
2778 1981 2904 2046 τοὺς
2929 1982 3139 2053 κήπους
3165 1981 3229 2035 ὲκ
3258 1980 3381 2033 τῶνκ
3394 1977 3701 2049 ἀπορρεόν-

2107 2085 2216 2123 των
2247 2069 2453 2123 ὑδάτων
2472 2072 2536 2125 ὲκ
2572 2072 2669 2143 τῆς
2693 2072 2899 2137 πόλεως
2922 2073 3210 2145 ἄρδεσθαι·
3246 2071 3343 2145 τὴν
3380 2071 3441 2125 δὲ
3488 2069 3699 2140 μεταξὺ

2109 2161 2219 2216 άπὸ
2252 2162 2351 2233 τῆς
2381 2164 2587 2228 πόλεως
2608 2165 2735 2237 ἄχρι
2771 2168 3177 2238 τεσσαράκοντα
3205 2165 3433 2220 σταδίων
3463 2162 3699 2220 ἄνυδρον

2109 2250 2276 2310 εἶναι·
2303 2254 2412 2309 ἀπὸ
2435 2255 2492 2311 δὲ
2509 2256 2619 2311 τῶν
2655 2254 2707 2329 μ’
2735 2258 2962 2311 σταδίων
3002 2257 3166 2312 πάλιν
3190 2256 3458 2326 κάθυδρον
3506 2254 3697 2326 ὑπάρ-

2106 2366 2243 2420 χειν.
2608 2440 3004 2496 ΚΕΦΑΔΑΙΟΝ
3036 2439 3175 2508 AG”.

2135 2550 2248 2606 Τοῦ
2274 2551 2383 2621 τῆς
2407 2555 2628 2622 Συρίας
2658 2552 3113 2624 σχοινομέτρου,
3141 2551 3275 2622 περὶ
3299 2549 3410 2620 τῆς
3437 2548 3659 2619 αὐτῆς.

2211 2663 2271 2717 '0
2305 2665 2362 2718 δὲ
2393 2666 2491 2736 τῆς
2528 2665 2729 2737 Συρίας
2772 2665 3159 2737 σχοινομέτρης
3205 2662 3445 2736 γράψας,
3499 2663 3560 2715 ὲν
3617 2664 3687 2734 τῇ

421 2755 603 2829 primo
637 2758 721 2813 sui
752 2759 971 2829 operis,
999 2757 1433 2833 Hierosolymam
1469 2761 1523 2815 in
1556 2760 1728 2816 arduo
1760 2760 1992 2831 quodam

2113 2753 2297 2829 πρώτῃ
2346 2757 2480 2826 φησὶ
2533 2756 2744 2811 κεῖσθαι
2789 2756 3139 2827 Ἱεροσόλυμα
3178 2754 3274 2808 ἐπὶ
3314 2752 3595 2825 μετεώρου
3625 2771 3687 2806 τε

426 2862 731 2920 asperoque
755 2849 890 2921 j‘ugo
924 2850 1287 2921 sitaml'uisse
1312 2851 1499 2917 tradit,
1530 2860 1848 2921 partemque
1878 2867 1992 2905 mu-

2113 2847 2195 2899 καὶ
2221 2848 2467 2917 τραχέως
2492 2847 2661 2902 τόπου
2681 2864 2697 2879 ’
2727 2847 3108 2919 ᾠκοδομῆσθαι
3147 2846 3206 2900 δέ
3238 2862 3362 2899 τινα
3407 2847 3507 2917 μὲν
3536 2846 3683 2917 μέρη

421 2955 606 2997 torum
636 2943 879 3013 aliquam
907 2943 1077 3014 polito
1109 2960 1173 2999 ex
1204 2944 1411 3015 lapide,
1444 2944 1747 2999 maximam
1773 2959 1902 2999 vero
1930 2959 1992 2999 ex

2113 2936 2194 3001 τοῦ
2216 2937 2452 3007 τείχους,
2484 2938 2593 2991 ἀπὸ
2616 2938 2765 2992 λίθου
2790 2936 3002 3003 ξεστοῦ,
3035 2936 3105 2991 τά
3121 2936 3179 2990 δὲ
3205 2935 3427 2990 πλείονα
3451 2935 3561 2990 ἀπὸ
3586 2937 3686 3006 χά·-

420 3033 573 3088 silice
606 3033 957 3090 constitisse:
1008 3034 1249 3105 itemque
1298 3035 1449 3092 urbis
1499 3035 1763 3090 ambitum
1821 3036 1992 3091 stadia

2113 3030 2250 3091 λικος
2274 3045 2289 3058 ’
2325 3029 2420 3082 καὶ
2441 3029 2586 3100 ἔχειν
2621 3029 2720 3101 τὴν
2746 3030 3081 3102 περίμετρον
3102 3029 3201 3100 τὴν
3247 3029 3403 3083 πόλιν
3446 3028 3685 3083 σταδίων

419 3131 625 3192 septem
648 3138 712 3179 ac
731 3124 926 3195 viginti
970 3125 1217 3182 obtinere
1241 3145 1255 3180 :
1288 3125 1354 3180 ad
1377 3132 1681 3181 extremum
1708 3127 1897 3182 eodem
1930 3142 1992 3182 ex

2113 3118 2184 3184 κζ’
2201 3137 2214 3149 ·
2250 3120 2516 3192 ὑπάρχειν
2548 3121 2605 3174 δὲ
2638 3122 2733 3175 καὶ
2761 3121 2943 3194 πηγὴν
2968 3123 3026 3176 ὲν
3054 3119 3130 3193 τῷ
3157 3120 3366 3191 χωρίῳ,
3408 3119 3554 3192 ὕδωρ
3581 3119 3682 3176 δα-

419 3213 542 3270 Ioco
556 3214 759 3270 fontem
793 3230 989 3287 magna
1007 3232 1162 3288 aquae
1179 3218 1230 3272 vi
1250 3218 1634 3273 scaturientem
1650 3218 1932 3274 exsistere.

946 3326 1183 3384 CAPUT
1203 3328 1469 3405 xxxvii.

458 3418 541 3474 De
566 3436 719 3490 aquis
742 3420 872 3491 ipsis
895 3436 1012 3490 qua
1037 3431 1161 3477 sunt
1193 3420 1596 3493 Hierosolymis,
1624 3439 1689 3478 ea:
1713 3423 1958 3479 Philone.

486 3530 748 3603 Ejusdem
762 3532 1134 3605 iscaturiginis
1160 3533 1318 3590 Philo
1356 3535 1521 3591 etiam
1553 3538 1802 3593 meminit
1828 3538 1883 3593 in
1903 3537 1991 3607 iis,

405 3639 558 3696 quos
584 3626 648 3681 de
667 3624 1038 3696 Hierosolyma
1064 3625 1227 3699 E53
1254 3627 1600 3699 conscripsit,
1625 3630 1798 3694 libris,
1827 3646 1992 3702 quam

418 3717 598 3772 hieme
623 3731 900 3786 arescere,
931 3732 996 3773 ac
1043 3733 1265 3774 rursum
1299 3727 1487 3775 aestate
1516 3720 1751 3776 ubertim
1800 3720 1991 3789 ﬂuere,

414 3806 556 3863 libro
585 3808 763 3879 primo
793 3808 939 3863 hunc
965 3807 1021 3863 in
1056 3809 1277 3865 modum
1304 3811 1523 3876 cecinit,

401 3916 651 3989 :Desuper
673 3918 909 3974 allabens
938 3935 1071 3973 noua
1103 3928 1214 3995 tum
1242 3922 1507 3995 miracula
1535 3922 1665 3995 vidi.

489 4028 504 4043 .
582 4030 599 4043 .
681 4029 696 4043 .
771 4030 786 4045 .
865 4029 881 4044 .
956 4006 1061 4056 qua
1100 3990 1216 4058 fo'ns
1238 3990 1531 4045 uberrimus
1558 3994 1729 4047 undas

410 4057 620 4130 Egerit,
650 4068 807 4131 atque
835 4061 983 4115 sinus
1011 4057 1193 4130 implet
1224 4061 1515 4131 ductusque
1538 4063 1855 4132 profundos,

410 4159 466 4206 et
493 4165 616 4221 quae
674 4160 979 4222 sequuntur
1008 4166 1024 4204 :
1057 4153 1259 4222 quibus
1300 4153 1368 4209 de
1399 4153 1550 4210 ﬂuxu
1584 4155 1702 4227 ejus
1750 4156 1988 4227 pleniore

410 4242 712 4313 subjungit,

409 4352 625 4430 ﬁcilicet
644 4370 710 4430 ea:
736 4355 847 4409 allo
879 4356 1157 4430 decurrens
1184 4359 1373 4415 vertice
1401 4360 1606 4430 ﬂuxus,

407 4423 481 4495 Et
510 4425 706 4495 pluuiis
732 4443 964 4481 crescens
997 4428 1222 4495 niuibus,
1246 4430 1343 4485 sub
1377 4423 1610 4486 turribus
1642 4431 1769 4486 altis

400 4518 401 4523 η
424 4494 676 4569 Volvitur,
706 4506 751 4550 et
774 4497 913 4569 sicco
940 4494 1248 4569 languentia
1270 4500 1478 4569 pulvere
1497 4503 1701 4555 circum

404 4565 548 4619 Arva
580 4566 784 4638 rigans,
813 4567 996 4621 uiridis
1020 4565 1281 4625 miracula
1309 4572 1495 4631 pandit
1523 4573 1773 4641 amictus,

403 4689 460 4733 et
492 4677 723 4749 reliqua.
780 4677 1039 4750 Idemque
1085 4695 1282 4735 rursus
1311 4680 1380 4737 de
1428 4682 1631 4737 summi
1682 4681 1981 4740 sacerdotis

404 4780 520 4825 tum
550 4768 696 4826 fonte
744 4778 860 4826 tum
895 4786 1051 4844 aquae
1074 4772 1239 4829 ductu
1265 4791 1281 4828 :

402 4965 596 5095 ἔριδιςῖ
623 4968 840 5024 humum
872 4971 1115 5042 lymphas
1138 4973 1336 5029 multus
1366 4975 1589 5031 sublime
1604 4978 1807 5032 canalis

451 5057 559 5095 aer:
590 5081 604 5095 .

451 5057 604 5111 gem.

397 5153 467 5209 Et
513 5163 712 5213 catera
744 5172 866 5227 quae
913 5155 1093 5213 fusius
1128 5156 1222 5214 ille
1253 5159 1619 5231 persequitur.
1656 5159 1859 5220 Verum
1902 5178 1971 5222 ex

394 5246 707 5305 Alexandro
734 5247 1075 5321 Polyhistore
1103 5250 1386 5307 hactenus.

913 5361 1144 5417 CAPUT
1176 5362 1463 5418 XXXVIII.

838 5452 918 5507 De
937 5454 1145 5521 iisdem,
1171 5471 1237 5509 ea:
1261 5457 1508 5512 Aristwo.

466 5539 730 5599 Aristaeus
780 5552 985 5612 autem,
1026 5546 1080 5600 in
1114 5561 1216 5612 eo,
1251 5562 1413 5617 quem
1462 5548 1529 5605 de
1560 5547 1800 5608 Judaicre
1831 5550 1965 5623 legis
2046 5594 2050 5599 .

2098 3210 2251 3280 ψιλὲς
2284 3212 2719 3278 ἀναϐλύζουσαν.

2608 3325 3009 3381 ΚΕΦΑΛΑῙΟΝ
3040 3324 3166 3382 AZ'.

2172 3420 2458 3485 Φίλωνος,
2495 3418 2630 3487 περὶ
2650 3416 2770 3472 τῶν
2793 3419 2864 3472 ἐν
2898 3420 3328 3490 Ἱεροσολύμοις
3348 3415 3609 3473 ὑδάτων.

2163 3531 2300 3603 Φησὶ
2329 3531 2388 3585 δὲ
2411 3532 2440 3584 ὁ
2463 3530 2636 3585 Φίλων
2662 3531 2720 3584 ὲν
2748 3534 2858 3595 τοῖς
2897 3532 3030 3600 περὶ
3074 3533 3507 3601 Ἰεροσολύμων
3537 3532 3679 3605 κρή-

2093 3640 2192 3694 νην
2220 3620 2387 3678 εἶναι·
2413 3620 2617 3693 ταύτην
2649 3621 2706 3675 δὲ
2731 3623 2787 3676 ὲν
2816 3621 2914 3693 μὲν
2934 3621 3011 3693 τῷ
3030 3622 3259 3693 χειμῶνι
3291 3623 3675 3694 ξηραίνεσθαι,

2094 3716 2154 3768 ὲν
2180 3714 2237 3767 δὲ
2275 3713 2353 3785 τῷ
2384 3713 2534 3787 θέρει
2560 3711 2941 3785 πληροῦσθαι.
2994 3713 3159 3781 Λέγει
3194 3714 3251 3767 δὲ
3273 3714 3330 3766 ὲν
3377 3716 3447 3786 τῇ
3480 3712 3680 3788 πρώτῃ

2089 3806 2262 3871 οὕτως
2277 3825 2291 3839 ⁸

2088 3923 2430 3992 Νηχόμενος
2462 3922 2515 3975 δ’
2552 3922 2848 3991 ἐφύπερθε
2867 3923 2931 3976 τὸ
2960 3923 3413 3992 θαμϐηέστατοεν
3443 3920 3604 3992 (illo

2093 3990 2426 4061 Δέρκηθρον
2456 3990 2806 4060 σὺνίάοιδᾷ,
2831 3990 3249 4062 μεγισέοὐχοιο
3272 3990 3539 4058 λοετροῖς

2101 4063 2411 4131 Ῥειῖματος
2429 4063 2766 4132 ἐμπίπλησι
2792 4063 2994 4127 ,ϐαθὺν
3010 4066 3161 4131 ῥόον
3190 4063 3562 4128 ἐξανιείσης’

2090 4154 2184 4206 καὶ
2216 4152 2286 4206 τὰ
2317 4153 2442 4225 ἑξῆς
2461 4171 2474 4184 ’
2502 4148 2582 4219 οἷς
2610 4154 2774 4209 πάλιν
2801 4155 3031 4223 ὑποϐάς,
3052 4156 3180 4227 περὶ
3204 4155 3303 4226 τῆς
3335 4152 3676 4226 πληοώσεως

2088 4244 2330 4315 ἐπιλέγει
2345 4262 2361 4279 ο

2100 4358 2307 4431 Ῥεῦμα
2329 4358 2439 4428 γὰρ
2460 4359 2858 4429 ὑψιφάεννον,
2885 4361 2957 4416 ἐν
2985 4364 3203 4430 ὐετίοις
3233 4362 3571 4431 vlg-etaim:-

2013 4414 2060 4472 D
2096 4414 2370 4505 ἕέμὲνοῇ,
2398 4414 2757 4505 ἓτολνυξῃθὲςέ,
2776 4414 3331 4505 opsiti-oi?

2086 4498 2447 4573 thwgodgat,
2474 4499 2574 4573 atat
2598 4500 2751 4569 ξηρὰ
2772 4498 2929 4573 πέδῳ
2955 4498 3333 4573 κέκόνίμένά,

2089 4568 2367 4639 Τηλεφαῆ
2392 4568 2707 4625 δείκνυσιν
2737 4571 3036 4640 ὑπέρτατα
3072 4568 3293 4644 adirem
3311 4568 3503 4641 suae,

2091 4677 2186 4732 καὶ
2218 4680 2288 4734 τὰ
2310 4680 2521 4744 τούτοις
2564 4681 2855 4737 ἀκόλουθα.
2886 4680 3019 4739 Εἶτα
3054 4685 3215 4739 πάλιν
3254 4687 3383 4759 περὶ
3417 4686 3523 4755 τῆς
3572 4688 3671 4742 τοῦ

2080 4771 2380 4845 ἀρχιερέως
2410 4773 2621 4845 κρήνης
2664 4774 2759 4828 καὶ
2799 4777 2900 4846 τῆς
2947 4777 3355 4847 ἀποχετεύσεως
3409 4777 3671 4847 διέξεισιν

2076 4863 2251 4929 οὕτως
2267 4880 2284 4896 ·

2073 4944 2249 5101 ἒ
2265 4976 2317 5029 δ’
2344 4976 2437 5047 ἄρ’
2464 4977 2793 5033 ἐκπτύουσι
2829 4977 2933 5034 διὰ
2951 4979 3169 5050 χθονὸς
3203 4980 3556 5051 ὐδροχὸοισιι
3673 4941 3682 4951 ἱ

2210 5063 2376 5101 urso.

2210 5063 2376 5117 ηνες.

2074 5159 2184 5212 Καὶ
2215 5159 2315 5213 ὅσα
2338 5158 2474 5214 ἄλλα
2492 5160 2703 5227 τούτοις
2724 5148 2939 5245 ἕπεται.
2956 5164 3210 5220 Τοσαῦτα
3240 5166 3340 5237 μὲν
3371 5164 3440 5238 δὴ
3464 5165 3539 5222 τὰ
3555 5169 3667 5223 ἀπὸ

2072 5249 2181 5304 τῶν
2218 5249 2567 5324 Ἀλεξάνδρου
2604 5253 2698 5308 τοῦ
2745 5253 3124 5328 Πολυΐστορος.

2583 5366 2984 5421 ΚΕΦΑΛΑΙΟΝ
3010 5367 3141 5422 ΑΠ’.

2405 5455 2757 5524 Ἀρισταίου,
2786 5460 2920 5528 περὶ
2953 5458 3073 5514 τῶν
3094 5460 3315 5517 αὐτῶν.

2135 5549 2271 5621 Περὶ
2315 5546 2373 5601 δὲ
2408 5547 2516 5602 τῶν
2554 5549 2613 5606 ἐν
2670 5553 2737 5623 τῇ
2806 5551 3160 5625 Ἰερουσαλὴμ
3213 5552 3424 5610 ὑδάτων
3478 5557 3577 5613 καὶ
3626 5557 3658 5612 6

467 5677 581 5751 (90)
634 5682 940 5754 Ὀρεινοῖς,
983 5696 1090 5743 etc.
1137 5686 1297 5747 Forte
1338 5690 1619 5760 legendum
1655 5692 1789 5747 ὑπαὶ
1828 5692 1992 5766 πύργο

2134 5689 2379 5765 ὀρεινοῖς.
