3856 6224
239 137 367 198 Ἲ57

1401 139 1728 198 ΡΒᾹῦΡΑῐι.
1769 142 2020 201 ΕνΑΝο.
2059 145 2184 201 LIB.
2227 145 2314 202 IX.

3411 149 3512 204 758

260 262 574 335 Ἀρισταῖος
603 260 660 312 ὲν
682 258 760 330 τῷ
784 261 1047 332 γραφέντι
1074 260 1224 331 αὑτῷ
1244 259 1438 334 βιϐλίῳ
1469 265 1597 335 περὶ
1619 265 1715 334 τῆς
1743 267 1836 336 ἐρ-

1946 267 2380 337 interpretatione
2405 265 2752 336 conscripsit,
2785 264 2852 320 de
2881 265 3039 336 aquis
3065 265 3170 320 illis
3197 265 3512 339 Hierosoly-

251 353 488 426 μηνείας
517 352 611 405 τοῦ
634 353 743 405 τῶν
782 353 1050 407 Ἰουδαίων
1077 353 1244 425 νόμου
1273 353 1446 408 ταῦτα
1469 357 1692 426 ἱστορεῖ·
1717 375 1735 407 ι
1779 358 1840 410 Ὁ

245 444 313 498 δὲ
346 439 495 507 οἶκος
546 443 846 496 ἀποϐλέπει
881 443 1019 514 πρὸς
1068 443 1171 513 ἠῶ,
1220 443 1289 497 τὰ
1344 444 1388 497 δ’
1427 445 1648 500 ὀπίσθια
1675 448 1839 501 αὐτοῦ

248 534 397 607 πρὸς
425 535 682 606 ἑσπέραν.
710 533 782 587 Τὸ
812 535 868 588 δὲ
908 537 1016 589 πᾶν
1047 535 1243 604 ἔδαφος
1281 534 1641 607 λιθόστρωτον
1709 538 1841 592 καθ-

249 627 479 699 έστηκε,
524 628 616 679 καὶ
638 627 877 697 κλίματα
922 627 1061 698 πρὸς
1110 629 1236 691 τοὺς
1264 627 1605 698 καθήκοντας
1642 629 1842 694 τόπους

247 717 370 789 ἔχει
399 719 499 788 τῆς
532 717 640 770 τῶν
665 717 872 770 ὑδάτων
905 718 1168 788 ἐπιρροῆς
1196 718 1404 782 ἕνεκεν,
1435 720 1468 790 ἢ
1513 719 1718 788 γίνεται
1753 719 1840 773 διὰ

246 809 355 881 τὴν
407 808 602 880 σμῆξιν
633 808 744 861 τῶν
772 808 878 862 ἀπὸ
901 808 1009 862 τῶν
1061 807 1260 862 θυσιῶν
1310 810 1555 880 αἱμάτων
1574 827 1596 847 ·λ
1648 811 1840 866 πολλαὶ

247 904 366 974 γὰρ
401 902 654 974 μυριάδες
677 901 889 973 κτηνῶν
906 903 1269 972 προσάγονται
1296 903 1438 956 κατὰ
1466 903 1563 968 τὰς
1583 904 1690 958 τῶν
1722 906 1841 977 ἐορ-

245 998 365 1052 τῶν
403 997 636 1068 ἡμέρας.
667 995 898 1059 ’Ὑδατος
925 995 981 1048 δὲ
1019 995 1371 1060 ἀνέκλειπτός
1399 996 1514 1050 ἐστι
1558 996 1836 1062 σύστασις,

250 1091 333 1153 ὡς
359 1090 426 1144 ἂν
461 1089 553 1142 καὶ
577 1089 760 1159 πηγῆς
781 1087 983 1141 ἔσωθεν
1025 1086 1362 1160 πολυῤῥύτου
1405 1086 1651 1157 φυσικῶς
1685 1089 1842 1160 ὲπιῤ-

252 1180 508 1252 ῥεούσης,
543 1181 696 1234 ἔτιδὲ
729 1179 1050 1250 θαυμασίων
1078 1180 1172 1234 καὶ
1202 1179 1510 1251 ἀδιηγήτων
1535 1181 1838 1252 ὑποδοχέων

251 1272 611 1345 ὑπαρχόντων
640 1272 745 1325 ὑπὸ
768 1273 892 1342 γῆν,
922 1270 1104 1335 καθὼς
1135 1271 1447 1342 ὲπέφαινον,
1502 1273 1662 1326 πέντε
1709 1289 1838 1327 στα-

248 1365 384 1418 δίων
414 1362 675 1418 κυκλόθεν
706 1363 807 1433 τῆς
836 1363 977 1416 κατὰ
1008 1364 1068 1416 τὸ
1120 1363 1264 1435 ἱερὸν
1295 1362 1621 1433 καταϐολῆς,
1656 1365 1750 1417 καὶ
1777 1366 1840 1418 ὲκ

249 1454 766 1527 τούτων’σύριγγας
817 1454 1154 1527 ἀναρίθμους
1215 1455 1337 1508 καθ’
1383 1455 1611 1509 ἕκαστον
1675 1455 1840 1527 μέρος

249 1549 478 1612 ἑαυταῖς
525 1547 907 1602 συναπτόντων
956 1548 1065 1600 τῶν
1120 1548 1426 1619 ῥευμάτων.
1488 1547 1599 1601 Καὶ
1662 1547 1837 1602 ταῦτα

1943 359 2146 414 mitana
2177 360 2312 414 urbe
2361 359 2655 414 ﬂuentibus
2691 359 2767 413 ita
2820 369 3049 413 narrat:
3107 376 3126 409 ι
3183 356 3465 427 Templum
3491 402 3507 427 ,

1943 453 2139 522 inquit,
2172 468 2201 506 a
2237 452 2416 506 fronte
2446 462 2625 507 ortum
2655 491 2670 518 ,
2714 467 2971 508 occasum
3006 467 3036 506 a
3084 459 3235 521 tergo
3281 460 3506 520 spectat.

1944 543 2132 597 Solum
2181 543 2301 611 ejus
2352 543 2667 598 universum
2718 542 2896 612 lapide
2940 549 3166 596 stratum
3195 581 3211 609 ,
3261 541 3513 608 idemque

1941 633 2105 688 certis
2135 643 2190 687 et
2216 635 2537 702 opportunis
2570 634 2624 688 in
2668 635 2803 690 locis
2846 635 3126 700 declivius,
3158 652 3268 707 quo
3296 637 3512 694 facilius

1942 740 2098 794 aquae
2127 726 2442 791 decurrant,
2481 727 2680 795 quibus
2713 728 2780 781 ad
2815 727 3233 798 abstergendum
3264 730 3513 784 victima-

1941 831 2064 870 rum
2112 818 2430 886 sanguinem
2483 820 2850 886 pavimentum
2901 820 3075 889 prolui
3120 833 3344 875 necesse
3387 828 3510 884 est,

1940 906 2083 975 quod
2115 907 2283 960 multa
2318 921 2576 976 pecorum
2607 908 2774 963 millia
2798 909 2992 965 diebus
3027 908 3178 965 festis
3225 909 3513 962 immolen-

1942 1005 2048 1050 tur.
2091 997 2169 1050 Ac
2207 997 2463 1066 perennis
2510 997 2727 1066 quidem
2779 1007 3066 1068 propterea
3112 1008 3195 1054 est
3245 1014 3512 1068 aquarum

1940 1085 2210 1154 ejusmodi
2245 1086 2326 1139 vis
2360 1095 2521 1156 atque
2551 1087 2830 1154 collectio,
2861 1087 3005 1157 quod
3037 1103 3159 1142 cum
3190 1103 3258 1143 ex
3290 1088 3512 1144 interio-

1940 1177 2093 1230 ribus
2129 1177 2230 1232 soli
2267 1177 2571 1234 visceribus
2597 1220 2612 1244 ,
2645 1177 2766 1234 fons
2815 1179 3032 1248 quidam
3080 1179 3412 1244 uberrimus,
3448 1195 3512 1234 ac

1940 1269 2207 1338 plurimas
2235 1279 2416 1326 sectus
2443 1271 2498 1326 in
2541 1286 2726 1337 venas,
2755 1287 2820 1327 eo
2850 1272 2970 1326 loco
2996 1271 3181 1326 nativo
3224 1287 3386 1327 cursu
3422 1272 3510 1325 in-

1945 1360 2116 1427 ﬂuat;
2156 1372 2269 1416 tum
2298 1378 2429 1417 vero
2473 1364 2750 1419 mirabiles
2778 1373 3038 1433 praeterea
3084 1363 3220 1430 tubi,
3255 1364 3513 1432 omnique

1941 1456 2192 1509 oratione
2237 1457 2472 1527 majores
2515 1457 2616 1511 sub
2665 1469 2862 1511 terram
2912 1456 3174 1512 elaborati
3221 1457 3360 1522 sint,
3393 1456 3508 1525 qui,

1940 1555 2207 1616 quantum
2229 1563 2296 1602 ex
2325 1549 2445 1603 visu
2474 1549 2745 1619 conjicere
2771 1551 2914 1616 licet,
2939 1550 3179 1620 quinque
3207 1548 3509 1604 stadiorum

243 1640 434 1694 ’πάντα
461 1638 910 1711 μεμολυϐδῶσθαι
944 1640 1063 1692 κατ’
1095 1640 1322 1708 ἐδάφους
1353 1640 1445 1692 καὶ
1475 1639 1584 1692 τῶν
1605 1641 1798 1711 τοίχων
1817 1657 1831 1670 ·

1946 1639 2088 1694 circa
2125 1641 2307 1710 templi
2339 1641 2538 1696 molem
2570 1659 2761 1714 gyrum
2807 1643 3061 1706 elIiciant,
3091 1657 3155 1696 ex
3189 1640 3387 1711 quibus
3427 1639 3508 1692 in-

245 1732 349 1785 ὲπὶ
395 1732 453 1785 δὲ
490 1730 697 1785 τούτων
751 1727 1012 1801 κεχύσθαι
1073 1730 1209 1784 πολὺ
1265 1730 1466 1802 πλῆθος
1519 1730 1834 1796 κονιάσεως,

249 1818 492 1890 ἐνεργῶς
515 1819 896 1891 γεγενημένων
923 1819 1196 1874 ἁπάντων.
1235 1838 1254 1872 ›

251 1929 338 1977 tes
377 1929 688 1992 egerantur.
721 1922 898 1992 Atque
928 1921 1046 1976 haec
1081 1920 1290 1986 omnia,
1325 1919 1522 1990 partim
1590 1919 1658 1975 ad
1703 1919 2092 1991 pavimentum,
2143 1923 2340 1993 partim
2390 1923 2456 1977 ad
2519 1923 2665 1992 ipsos
2710 1936 2925 1992 quoque
2992 1920 3226 1989 parietes
3255 1957 3270 1982 ,

1943 1731 2310 1786 numerabiles
2344 1731 2508 1805 454
2539 1734 2728 1789 ﬁstula:
2771 1734 2837 1788 ad
2870 1735 3040 1788 latera
3071 1730 3285 1801 singula
3309 1728 3510 1799 produ-

1944 1830 2162 1891 cantur,
2190 1825 2392 1894 quibus
2419 1841 2573 1896 aquae
2599 1827 2853 1880 omnibus
2881 1842 2946 1881 ex
2974 1825 3217 1895 partibus
3238 1820 3508 1877 conﬂuen-

3345 1929 3507 1985 opere

241 2012 591 2083 plumbario,
628 2012 807 2069 infusa
850 2013 1087 2084 desuper
1141 2011 1196 2066 vi
1255 2028 1453 2084 magna
1507 2014 1692 2080 calcis,
1759 2013 2148 2084 adherescere,
2215 2017 2459 2087 adeoque
2482 2016 2744 2087 singulari
2774 2026 2827 2071 et
2854 2023 3108 2072 accurata
3135 2010 3368 2084 quadam
3391 2015 3507 2064 arte

247 2119 508 2170 constare
536 2109 746 2165 scribit.
780 2129 800 2162 ι

768 2201 1164 2256 ΚΕΦΑΛΑΙΟΝ
1191 2201 1314 2258 ΛΘ’.

359 2313 744 2384 Εὐπολέμου,
759 2314 899 2383 ,περὶ
945 2314 1218 2385 Ἰερεμίου
1255 2315 1363 2369 τοῦ
1390 2313 1719 2383 προφήτου.

336 2429 458 2482 Ἐπὶ
481 2430 712 2494 τούτοις,
768 2429 863 2483 κα)⁵
905 2429 1004 2500 τῆς
1059 2429 1322 2500 Ἱερεμίου
1359 2431 1695 2502 προφητείας
1738 2430 1832 2484 τοῦ

245 2521 613 2594 Πολυΐστορος
642 2522 860 2594 μνήμην
887 2521 1280 2592 πεποιημένου,
1327 2523 1478 2593 ἡμᾶς
1523 2523 1836 2594 ἀποσιωπῆ-

251 2631 345 2668 σαι
377 2613 583 2685 ταύτην
614 2614 831 2678 πάντων
864 2615 930 2667 ἂν
972 2615 1055 2684 εἴη
1089 2613 1569 2685 παραλογώτατον.
1617 2614 1836 2668 Κείσθω

248 2706 431 2760 τοίνυν
467 2708 566 2761 καὶ
595 2707 760 2777 αὖτηο
803 2725 822 2758 ι
850 2701 985 2761 Εἶτα
1021 2707 1300 2777 Ἰωακείμ.
1338 2706 1660 2760 Ἐπὶτούτου
1704 2723 1840 2777 προ-

249 2799 521 2869 φητεῦσαι
566 2800 838 2871 Ἰερεμίαν
860 2799 953 2852 τὸν
977 2801 1283 2870 προφήτην.
1333 2798 1535 2854 Τοῦτον
1555 2839 1570 2864 ,
1609 2799 1713 2853 ὑπὸ
1744 2799 1838 2853 τοῦ

247 2891 390 2946 Θεοῦ
427 2893 823 2959 ἀποσταλέντα,
875 2893 1202 2947 καταλαϐεῖν
1239 2893 1367 2956 τοὺς
1422 2893 1706 2956 Ἰουδαίους
1745 2892 1840 2946 θυ-

251 2985 542 3050 σιάζοντας
575 2983 778 3055 εἰδώλῳ
805 2984 1010 3056 χρυσῷ,
1045 2978 1090 3053 ᾧ
1119 2980 1258 3040 εἶναι
1300 2984 1471 3057 ὄνομα
1503 2986 1669 3040 Βάαλ.
1705 2985 1842 3040 Τοῦ-
1866 3021 1908 3079 C

248 3096 346 3133 τον
374 3080 428 3133 δὲ
462 3080 644 3143 αὐτοῖς
689 3079 786 3151 τὴν
823 3080 1126 3151 μέλλουσαν
1161 3082 1390 3152 ἀτυχίαν
1434 3079 1694 3153 δηλῶσαι.
1736 3079 1840 3134 Τὸν

247 3171 311 3226 δὲ
347 3173 603 3244 Ἰωακεὶμ
641 3173 817 3237 ζῶντα
865 3173 1028 3226 αὐτὸν
1064 3173 1419 3228 ἐπιϐαλέσθαι
1459 3172 1837 3227 κατακαῦσαι·

249 3264 426 3317 «aves
459 3264 626 3334 φάναι
667 3267 781 3328 τοῖς
825 3265 1002 3332 ξύλοις
1043 3264 1254 3328 τούτοις
1307 3263 1668 3328 Βαϐυλωνίοις
1711 3265 1838 3332 ὀψο-

251 3356 526 3426 ποιήσειν,
561 3355 656 3409 καὶ
681 3356 911 3427 σκὰψειν
943 3356 1044 3420 τὰς
1071 3356 1164 3409 τοῦ
1195 3355 1446 3426 Τίγριδος
1487 3357 1581 3410 καὶ
1616 3356 1838 3428 Εὐφρά-

252 3463 351 3500 του
375 3446 648 3519 διώρυχας
669 3447 1224 3519 αἰχμαλωτισθέντας.
1257 3448 1359 3501 Τὸν
1386 3447 1442 3500 δὲ
1464 3447 1570 3502 τῶν
1591 3449 1666 3500 Ba
1676 3448 1841 3501 ϐυλω-

257 3539 388 3599 νίων
413 3540 640 3610 βασιλέα
690 3539 1001 3593 ἀκούσαντα
1031 3539 1503 3611 Ναϐουχοδονόσορ
1528 3539 1597 3592 τὰ
1618 3541 1721 3599 ὑπὸ
1745 3537 1837 3592 τοῦ

267 3632 528 3704 Ἱερεμίου
567 3631 1064 3704 προμαντευθέντα,
1100 3631 1497 3703 παρακαλέσαι,
1513 3630 1840 3700 Ἀστιϐάρην

251 3723 347 3778 τὸν
375 3724 577 3795 Μήδων
599 3723 817 3794 βασιλέα
844 3723 1229 3794 συστρατεύειν
1250 3722 1418 3793 αύτῷ.
1446 3722 1839 3793 Παραλαϐόντα

253 3807 314 3862 δὲ
339 3807 714 3871 Βαϐυλωνίους
736 3808 830 3867 καὶ
857 3806 1096 3876 Μήδους,
1128 3807 1222 3859 καὶ
1255 3806 1630 3874 συναγαγόντα
1658 3803 1840 3869 πεζῶν

261 3901 360 3971 μὲν
381 3899 776 3961 ὀκτωκαίδεκα,
814 3899 1023 3951 ἱππέων
1048 3899 1106 3952 δὲ
1157 3899 1424 3970 μυριάδας
1461 3898 1702 3965 δώδεκα,
1746 3898 1840 3951 καὶ

260 3992 441 4056 πεζῶν
481 3991 702 4063 ἅρματα
755 3989 946 4062 μύρια,
984 3991 1199 4062 πρῶτον
1228 3991 1326 4061 μὲν
1371 3989 1469 4061 τὴν
1511 3989 1839 4060 Σαμαρεῖτιν

258 4084 765 4157 καταστρέψασθαι,
794 4083 890 4137 καὶ
914 4082 1227 4147 Γαλιλαίαν,
1256 4084 1349 4136 καὶ
1371 4082 1722 4146 Σκυθόπολιν,
1747 4083 1838 4135 καὶ

257 4179 386 4242 τοὺς
415 4179 474 4231 ὲν
505 4181 572 4248 τῇ
601 4177 889 4230 Γαλαατίδι
915 4175 1198 4238 οἰκοῦντας
1230 4174 1543 4237 Ἰουδαίους·
1597 4168 1753 4236 αὖθις
1781 4173 1837 4225 δὲ

257 4267 330 4332 τά
373 4267 716 4340 Ἱεροσόλυμα
745 4269 1104 4341 παραλαϐεῖν,
1129 4267 1223 4319 καὶ
1245 4265 1644 4318 τὸν-Ἰουδαίων
1685 4263 1837 4333 βασι-

2465 2197 2693 2255 CAPUT
2743 2197 2981 2253 XXXIX.

2204 2315 2279 2370 De
2301 2311 2534 2370 Ieremia
2559 2315 2831 2384 propheta,
2854 2330 2918 2368 ea:
2946 2313 3250 2384 Eupolemo.

2010 2429 2079 2481 At
2109 2427 2276 2493 enim,
2300 2441 2424 2485 cum
2448 2427 2700 2490 laudatus
2730 2440 2894 2495 supra
2929 2424 3236 2496 Polyhistor
3262 2423 3508 2481 Jeremia:

1941 2534 2158 2590 quoque
2191 2517 2486 2588 prophetiae
2525 2517 2856 2578 meminerit,
2893 2515 3288 2582 ineptissimum
3318 2516 3506 2586 utique

1940 2608 2103 2673 foret,
2137 2609 2280 2662 hanc
2312 2623 2341 2660 a
2391 2606 2549 2662 nobis
2583 2606 2798 2662 silentio
2844 2606 3125 2676 praeteriri.
3172 2605 3303 2658 Eam
3346 2605 3509 2678 igitur

1941 2701 2048 2756 hoc
2072 2700 2235 2755 etiam
2262 2699 2382 2752 loco
2410 2707 2738 2754 attexamus.
2777 2716 2796 2750 ι
2835 2696 2971 2751 Tum
3020 2697 3383 2761 Joachimum,
3424 2698 3506 2752 in-

1941 2788 2076 2858 quit,
2107 2801 2332 2857 regnum
2363 2787 2668 2858 capessisse
2695 2829 2710 2853 ,
2746 2788 2902 2858 cujus
2949 2796 3195 2857 tempore
3249 2784 3509 2842 Jeremias

1941 2879 2202 2950 prOpheta
2232 2879 2463 2942 oracula.
2486 2893 2582 2933 sua
2611 2877 2860 2933 ediderit.
2890 2877 3118 2948 Quippe,
3156 2878 3299 2932 hunc
3335 2893 3366 2931 a
3397 2876 3508 2931 Deo

1943 2973 2196 3037 missum,
2224 2970 2464 3036 Iudaeos,
2495 2969 2708 3024 interim
2737 2970 2866 3024 dum
2895 2970 3039 3024 idolo
3067 2969 3278 3024 cuidam
3307 2984 3504 3033 aureo,

1945 3061 2161 3118 Baalem
2194 3063 2483 3125 vocabant,
2532 3061 2862 3115 sacriﬁcium
2897 3059 3157 3127 facerent,
3205 3059 3506 3128 deprehen-

1942 3155 2108 3220 disse,
2135 3154 2330 3224 quibus
2354 3153 2752 3223 impendentem
2786 3152 3149 3207 calamitatem
3176 3151 3504 3221 praedixerit.

1942 3250 2020 3304 Ac
2053 3247 2394 3303 Joachimum
2431 3246 2674 3317 quidem,
2714 3246 2895 3298 vivum
2925 3244 3074 3298 illum
3120 3258 3184 3299 ac
3212 3243 3505 3312 spirantem

1940 3356 2186 3405 cremare
2209 3340 2482 3394 voluisse:
2507 3346 2562 3393 at
2585 3345 2771 3392 contra
2793 3337 3142 3391 denuntiasse
3164 3336 3506 3404 prephetam,

1940 3431 2044 3485 hoc
2071 3445 2168 3486 eos
2202 3429 2477 3499 lignorum
2517 3442 2711 3498 genere
2745 3426 3055 3497 Babyloniis
3087 3426 3315 3481 obsonia
3350 3440 3510 3480 cura-

1939 3533 2114 3587 turos,
2143 3530 2198 3576 et
2229 3521 2447 3576 canales
2470 3520 2538 3574 ad
2561 3519 2882 3574 derivandas
2911 3517 3090 3589 Tigris
3121 3526 3175 3571 et
3217 3514 3508 3585 Euphratis

1941 3616 2116 3670 undas
2148 3613 2394 3669 fossuros
2445 3626 2595 3678 esse,
2628 3618 2983 3681 posteaquam
3017 3624 3205 3664 eorum
3231 3609 3284 3662 in
3314 3623 3508 3662 manus

1941 3723 2005 3764 ac
2037 3715 2359 3778 potestatem
2389 3707 2682 3762 venissent.
2737 3701 2923 3772 Itaque
2950 3699 3503 3755 Nabucodonosorem

1941 3801 2360 3872 Babyloniorum
2391 3813 2596 3866 regem,
2629 3797 2723 3852 ubi
2748 3812 2893 3859 rem,
2925 3793 3199 3865 quomodo
3243 3792 3312 3846 ah
3360 3789 3510 3846 Jere-

1941 3891 2050 3946 mia
2075 3891 2436 3962 praenuntiata
2482 3887 2684 3951 fuerat,
2714 3885 3043 3950 rescivisset,
3077 3882 3363 3939 Astibaren
3397 3879 3508 3934 Me-

1939 3985 2134 4039 dorum
2185 3997 2389 4054 regem,
2434 3981 2514 4036 uti
2545 3979 2708 4049 hujus
2766 3974 3127 4047 expeditionis
3175 3974 3358 4028 socius
3386 3986 3509 4026 esse

1937 4074 2118 4138 vellet,
2163 4074 2521 4138 obsecrasse;
2551 4070 2951 4140 conjunctoque
2985 4066 3402 4138 Babyloniorum
3443 4079 3507 4120 ac

1938 4165 2220 4220 Medorum
2269 4165 2551 4228 exercitu,
2603 4163 2697 4232 qui
2752 4169 2949 4232 praeter
3003 4160 3187 4214 decem
3243 4173 3506 4213 curruum

1938 4258 2107 4312 millia
2129 4299 2144 4324 ,
2193 4257 2433 4326 peditum
2467 4256 2742 4324 octoginta
2775 4268 2940 4322 supra
2973 4261 3186 4308 centum
3214 4291 3230 4316 ,
3263 4251 3516 4320 equitum,

261 4359 358 4420 λέα
399 4361 654 4430 Ἰωακεὶμ
682 4359 998 4433 ζωγρῆσαι.
1045 4359 1159 4412 Τὸν.
1190 4357 1259 4417 δὲ,
1295 4355 1494 4427 χρυσὸν
1531 4356 1624 4410 τὸν
1660 4357 1718 4407 ὲν
1757 4355 1834 4425 τῷ

1946 4365 2068 4406 vero
2096 4358 2315 4405 centum
2345 4363 2410 4404 ac
2433 4348 2625 4420 viginti
2660 4346 2900 4430 millibus
2933 4352 3234 4408 constaret,
3269 4343 3506 4412 primum

263 4451 414 4524 ἱερῷ,
449 4453 544 4505 καὶ
565 4452 824 4523 ἄργυρον,
852 4453 948 4506 καὶ
974 4450 1170 4522 χαλκὸν
1191 4448 1507 4513 ἐκλέξαντα,
1562 4449 1642 4510 είς
1665 4445 1841 4499 Βαϐυ-

261 4542 408 4607 λῶνα
435 4543 749 4596 ἀποστεῖλαι
776 4543 942 4614 χωρὶς
965 4542 1064 4612 τῆς
1088 4539 1320 4594 κιϐωτοῦ
1350 4539 1443 4592 καὶ
1476 4537 1586 4594 τῶν
1613 4540 1669 4591 ὲν
1700 4538 1837 4608 αὐτῇ

264 4635 508 4690 πλακῶν.
539 4635 755 4706 Ταύτην
783 4635 841 4688 δὲ
867 4635 960 4688 τὸν
1001 4633 1266 4707 Ἱερεμίαν
1297 4633 1610 4701 κατασχεῖν.
1636 4650 1656 4684 ι

1936 4443 2176 4514 quidem,
2207 4441 2510 4507 Samariam
2540 4483 2555 4506 ,
2586 4423 2884 4504 Galilaeam,
2912 4436 3304 4508 ScythOpolim,
3326 4441 3378 4488 et
3406 4431 3505 4486 Ju-

1937 4537 2082 4591 daaos
2127 4533 2463 4599 Galaatidem
2513 4532 2815 4587 incolentes
2863 4529 3163 4584 delevisse:
3196 4542 3324 4584 mox
3377 4540 3506 4579 vero

1938 4627 2110 4709 ipsam
2139 4641 2356 4697 quoque
2378 4624 2830 4695 Hierosolymam,
2854 4621 3301 4687 Joachimumque
3324 4631 3504 4684 regem

262 4727 447 4781 vivum
508 4725 742 4797 cepisse,
796 4736 850 4781 et
877 4725 1142 4796 quidquid
1182 4725 1238 4778 in
1267 4724 1468 4794 templo
1496 4723 1638 4786 auri,
1685 4720 1892 4792 argenti
1929 4721 2160 4789 aerisque
2191 4720 2313 4786 fuit,
2347 4720 2649 4774 detractum
2697 4715 3024 4786 Babylonem
3055 4711 3288 4777 misisse,
3314 4719 3506 4784 praeter

264 4837 472 4888 arcam,
495 4830 551 4878 et
579 4823 820 4878 inclusas
845 4822 900 4875 in
932 4835 996 4876 ea
1023 4820 1274 4875 tabulas:
1319 4820 1462 4874 hanc
1487 4819 1632 4874 enim
1662 4831 1828 4888 penes
1864 4815 2154 4874 Jeremiam
2188 4815 2536 4872 remansisse.
2561 4836 2578 4868 ι

788 4911 1186 4965 ΚΕΦΑΛΑΙΟΝ
1231 4908 1323 4964 Μ’.

262 5021 763 5095 811pwaaoi3(91),_
795 5023 931 5095 περί
988 5019 1101 5095 τῆς
1169 5019 1491 5095 Ἰουδαίων·⁸
1533 5022 1834 5095 αἰχμαλω-

331 5090 491 5158 ὰίας,
514 5090 629 5160 τῆςζ
652 5091 772 5148 ὑπὸ
794 5091 1355 5160 Ναϐουχοδονόσορ’
1399 5090 1496 5160 καὶ
1537 5091 1670 5158 περὶ
1715 5091 1835 5145 τῶν

326 5159 638 5226 ,ϐασιλέων
661 5163 771 5230 τῆς
806 5159 1162 5226 Βαϐυλῶνος
1199 5161 1319 5215 ἀπὸ
1367 5159 1472 5214 τοῦ
1524 5162 1833 5215 Ναϐοπαλ-

331 5234 602 5369 λξσάρου
629 5232 808 5302 μέχρι.
833 5233 982 5300 πρὸς
1011 5233 1117 5285 τὸν
1147 5231 1370 5299 Κῦρον·
1401 5230 1521 5286 ἀπὸ
1557 5230 1676 5283 τῶν
1717 5232 1828 5285 ἰω-

331 5319 374 5358 σ
415 5318 554 5356 που.

329 5318 554 5358 σηπου.

338 5414 367 5445 ι
388 5394 610 5458 Τούτοις
641 5392 970 5462 ἐπισυνάψαι
997 5393 1292 5461 ἀναγκαῖον
1316 5393 1424 5448 καὶν
1457 5392 1523 5445 τά
1541 5433 1545 5437 .
1563 5392 1691 5462 περὶ
1733 5392 1831 5463 τῆς

2528 4901 2759 4958 CAPUT
2808 4901 2920 4954 XL.

1930 5019 2190 5094 455Ετ
2203 5020 2421 5094 Βωόδο3
2440 5031 2587 5094 quem
2601 5013 2860 5094 Iosephus
2882 5011 3091 5094 laudat,
3117 5010 3178 5062 de
3193 5007 3506 5094 ,ίτιέάςυοηιρι

1999 5079 2304 5161 ἷίῆηἱυίιαιε
2333 5079 2427 5161 sub
2444 5079 2966 5161 Nabuchodonosor?
2988 5097 3004 5142 ;
3034 5079 3502 5161 deque‘Babylonis

2000 5147 2226 5232 regibus,
2275 5176 2307 5212 a
2343 5155 2802 5225 Nabopallasaro,
2859 5167 3018 5220 usque
3057 5150 3124 5201 ad
3166 5149 3384 5218 Cyrum.
3421 5147 3502 5198 lix

2001 5231 2246 5302 Iosepho.

2013 5407 2029 5438 ι
2068 5385 2162 5442 His
2189 5400 2373 5457 porro,
2405 5383 2714 5441 Judazorum
2769 5381 2932 5434 etiam
2965 5379 3326 5447 captivitatem
3365 5383 3502 5429 atte-

331 5512 444 5581 (91)
482 5514 831 5580 Βτιρωσσοῦ.
872 5511 1146 5566 Eximium
1191 5512 1456 5582 planeque
1486 5528 1710 5570 aureum
1745 5521 1828 5569 est
1866 5511 1969 5568 hoc
2020 5508 2237 5566 Berossi
2261 5507 2657 5577 fragmentum,
2708 5500 2852 5571 quod
2893 5498 3156 5570 Iosephus
3210 5497 3301 5552 lib.
3357 5515 3392 5553 ι.
3449 5497 3499 5548 in

264 5585 534 5654 Apicum,
557 5598 680 5655 pag.
709 5583 846 5660 ῃοιι
877 5591 940 5638 ει.
965 5582 1126 5648 1043,
1161 5582 1520 5641 conservavit.
