3856 6224
164 362 287 423 Ἶιίθ

168 479 447 551 Αἰγύπτου
727 486 827 561 τὴν
856 487 1358 562 ὑπογεγραμμένην
1383 491 1685 565 ἐπιστολήν.
1708 512 1729 549 ι

1324 369 1651 430 ῬΒΑΕΡΑΒ.
1692 373 1945 433 EVANG.
1974 378 2109 435 LIB.
2144 380 2248 436 IX.

1812 550 1819 553 _
1848 496 2112 566 principe,
2145 514 2212 554 ac
2232 497 2468 554 tribunis
2484 497 2794 565 duodecim,
2829 512 2954 555 cum
2983 513 3143 567 auro,
3173 511 3422 572 argento,

3314 381 3443 463 τεο,

166 589 301 677 ιιι-ε,
332 575 622 647 lapidibus,
638 574 908 677 lignisque
925 581 1526 677 omnibuscypressinis
1550 599 1616 677 ac
1640 584 1877 642 oedrinis
1898 588 2210 646 tradidisse.
2240 587 2409 661 648
2444 588 2792 647 Salomonem
2826 604 2978 655 vero,
3001 605 3131 645 cum
3162 589 3422 649 defuncto

165 675 322 740 patre
349 682 579 739 regnum
602 672 948 740 capessisset,
975 672 1042 728 ad
1073 670 1323 743 Vapbi'en
1349 672 1601 747 ,Ευριί
1642 691 1824 749 regem
1853 691 1997 747 eam,
2029 694 2152 752 qua:
2174 680 2443 753 sequitur,
2471 683 2756 752 epistolam
2791 684 3097 755 scripsisse.
3117 703 3138 738 ι

671 766 1069 821 ΚΕΦΔΛΑΙΟΝ
1110 765 1237 821 AA'.

161 878 464 946 Βασιλεὺς
497 877 779 948 Σολομὼν
815 878 1061 951 Οῠαξορῇ
1109 879 1364 944 βασιλεῖ
1410 880 1740 951 Αἰγύπτου,

582 950 740 1019 φίλῳ
766 948 1045 1017 πατρικῷ,
1072 952 1316 1018 χαίρειν.

239 1084 261 1118 ι
302 1061 546 1120 Τίνωσκέ
586 1082 654 1137 με
701 1064 1078 1137 παρειληφότα
1119 1066 1219 1136 τὴν
1258 1065 1539 1136 βασιλείαν
1586 1066 1738 1139 παρὰ

158 1158 325 1212 Δαόὶδ
350 1157 445 1211 τοῦ
468 1157 676 1229 πατρὸς
693 1156 781 1211 διὰ
805 1156 901 1210 τοῦ
931 1156 1065 1210 Θεοῦ
1087 1157 1181 1211 τοῦ
1204 1158 1480 1228 μεγίστου,
1508 1159 1600 1213 καὶ
1626 1160 1739 1213 ἐπι-

157 1249 446 1320 τεταχότος
477 1265 566 1320 μοι
597 1249 947 1321 οἰκοδομῆσαι
985 1250 1129 1321 ἱερὸν
1172 1249 1247 1320 τῷ
1276 1249 1416 1321 Θεῷ,
1444 1250 1502 1315 ὃς
1525 1250 1617 1304 τὸν
1645 1251 1735 1304 οὐ-

154 1343 320 1416 ρανὸν
347 1343 442 1399 καὶ
471 1342 570 1414 τὴν
597 1342 700 1413 γῆν
724 1342 955 1396 ἓκτισεψ
987 1343 1103 1414 ἃμα
1131 1341 1191 1396 δέ
1221 1359 1303 1395 σοι
1334 1342 1561 1414 γράψαι,
1598 1343 1733 1398 ἀπο-

156 1433 364 1489 στεῖλαί
397 1451 488 1506 μοι
523 1433 632 1488 τῶν
678 1434 829 1506 παρὰ
871 1432 965 1487 σοῦ
996 1434 1160 1499 λαῶν,
1196 1432 1245 1488 οἲ
1294 1434 1734 1506 παραστήσονταί

155 1544 249 1597 μοι
295 1527 458 1596 μέχρι
502 1525 597 1579 τοῦ
641 1526 950 1580 ἐπιτελέσαι
1000 1527 1177 1581 πάντα
1221 1526 1363 1581 κατὰ
1391 1526 1491 1598 τὴν
1517 1526 1727 1600 χρείαν,

152 1617 343 1673 καθότι
369 1618 740 1672 ἐπιτέτακται.
774 1637 793 1669 ι

657 1731 1048 1785 ΚΕΦΑΛΑΙΟΝ
1097 1732 1223 1785 ΛΒ’.

145 1844 448 1911 Βασιλεὺς
493 1843 771 1914 Οὐαφρῆς
830 1843 1136 1967 Σιὲλομῶνι
1187 1842 1440 1910 ,ϐασιλεῖ
1482 1843 1733 1917 μεγάλῳ

813 1932 889 1967 γα
913 1933 1059 1967 οειν.

810 1932 1059 1985 χαιρειν.

219 2047 241 2080 ι
283 2029 435 2099 Ἀμα
472 2028 549 2099 τῷ
589 2027 895 2097 ἀναγνῶναι
940 2029 1038 2099 τὴν
1072 2028 1229 2100 παρὰ
1276 2025 1369 2082 σοῦ
1410 2027 1717 2100 ἐπιστολὴν,

1764 777 1816 836 Α

2403 774 2630 832 CAPUT
2662 775 2859 832 XXXI.

1845 882 2097 941 Salomon
2127 902 2220 941 rea:
2257 881 2484 957 Vaphrte
2531 886 2756 1011 Aiig‘ypti
2807 890 2938 959 regi,
2989 890 3160 945 amico
3192 899 3413 962 patente

2505 973 2566 1011 sa
2592 975 2624 1011 u
2650 976 2752 1011 em.

2505 973 2752 1012 salutem.

1914 1085 1936 1120 ‹
1971 1064 2197 1126 Noveris
2223 1084 2310 1125 me
2339 1070 2542 1126 summi
2588 1070 2843 1129 Numinis
2898 1071 3160 1131 beneficio
3181 1088 3407 1145 regnum

1837 1173 1871 1214 a
1892 1158 2093 1217 Davide
2119 1171 2273 1232 patre
2296 1163 2593 1234 accepisse,
2620 1178 2652 1217 a
2676 1179 2786 1234 quo
2812 1164 3070 1235 templum
3118 1166 3231 1224 Deo
3284 1169 3409 1226 cteli

1835 1259 2219 1325 terrarumque
2249 1256 2486 1311 molitori
2520 1255 2788 1311 aediﬁcare
2804 1255 2999 1326 jussus
3054 1256 3273 1327 fuerim,
3335 1261 3407 1317 si-

1834 1345 2057 1414 mulque
2082 1346 2180 1401 abs
2203 1354 2255 1401 te
2278 1361 2375 1417 per
2400 1347 2612 1401 litteras
2632 1353 2834 1416 petere,
2861 1348 2940 1402 uti
2966 1348 3032 1403 ad
3064 1363 3154 1405 me
3205 1365 3270 1405 ex
3320 1367 3410 1406 re-

1834 1435 1924 1505 gni
1946 1434 2024 1488 tui
2042 1434 2355 1491 hominibus
2378 1435 2654 1506 fabrisque
2680 1436 2884 1503 mittas,
2912 1440 3007 1508 qui
3064 1453 3222 1496 suam
3269 1442 3403 1496 mihi

1830 1540 2053 1595 operam
2080 1533 2296 1594 navent,
2328 1528 2522 1591 donec,
2549 1529 2626 1582 uti
2672 1543 2771 1598 par
2815 1538 2917 1594 est,
2967 1540 3184 1599 cuncta,
3240 1543 3400 1603 prout

1826 1615 2015 1685 jussus
2046 1631 2145 1688 ego
2168 1633 2314 1683 sum,
2353 1627 2606 1674 accurate
2634 1618 2934 1689 perfecero.
2986 1641 3005 1673 ι

2378 1729 2606 1786 CAPUT
2633 1730 2850 1789 XXXII.

1975 1840 2206 1913 Vaphres
2228 1858 2321 1898 rea:
2348 1842 2629 1898 Salomoni
2646 1846 2753 1915 regi
2778 1861 2967 1916 magno
2996 1846 3246 1903 salutem.

1892 2041 1918 2075 τ
1947 2022 2183 2080 Litteras
2206 2032 2331 2081 tuas
2355 2024 2518 2081 simul
2548 2034 2709 2096 atque
2749 2026 2972 2097 perlegi,
3025 2043 3152 2084 cum
3211 2029 3384 2100 ingeri.

144 2120 351 2191 σφόδρα
371 2120 595 2192 ἐχάρην,
626 2120 720 2174 καὶ
747 2120 1005 2192 λαμπρὰν
1034 2121 1246 2192 ἡμέραν
1269 2120 1497 2190 ἧγαγον,
1527 2119 1639 2189 ἐγώ
1663 2138 1707 2173 τε

1824 2120 1935 2170 tem
1965 2117 2153 2171 animo
2174 2117 2293 2186 cepi
2316 2117 2581 2182 laetitiam,
2608 2126 2723 2172 tum
2794 2118 3061 2188 geniaiem
3116 2134 3242 2174 cum
3274 2116 3394 2174 uni-

140 2211 240 2264 καὶ
262 2213 296 2282 ή
323 2211 549 2282 δύναμίς
575 2229 676 2283 μου
699 2214 869 2276 πᾶσα,
900 2212 993 2265 ἐπὶ
1008 2212 1085 2282 τῷ
1113 2212 1506 2284 παρειληφέναι
1528 2228 1586 2265 σε
1616 2211 1717 2284 τὴν

144 2301 422 2370 βασιλείαν
445 2302 597 2375 παρά
622 2303 861 2374 χρηστοῦ
893 2304 1104 2375 ἀνδρὸς,
1134 2304 1229 2358 καὶ
1258 2303 1714 2375 δεδοκιμασμένου

137 2393 248 2447 ὑπὸ
263 2394 581 2465 τηλικούτου
601 2396 756 2451 Θεοῦ.
775 2396 912 2468 Περὶ
926 2395 982 2449 δὲ
997 2388 1073 2449 ὧν
1098 2396 1330 2466 γράφεις
1354 2413 1441 2466 μοι
1462 2396 1589 2467 περὶ
1608 2394 1714 2449 τῶν

141 2483 286 2539 κατὰ
312 2487 440 2549 τοὺς
468 2486 630 2551 λαοὺς
656 2488 783 2551 τοὺς
811 2487 941 2557 παρ’
969 2486 1121 2556 ἡμῖν,
1155 2486 1473 2541 ἀπέσταλκά
1499 2505 1581 2541 σοι
1613 2507 1715 2559 μυ-

134 2575 329 2647 ριάδας
361 2576 528 2643 ὀκτὼ,
560 2574 634 2632 ὧν
667 2581 760 2632 καὶ
792 2577 862 2632 τὰ
891 2577 1070 2648 πλήθη
1103 2576 1164 2642 ἐξ
1191 2571 1267 2631 ὧν
1299 2578 1427 2641 εἰσι,
1463 2578 1713 2633 διασεσά-

132 2668 289 2737 om
313 2685 415 2722 σοι’
442 2670 504 2722 ἐκ
530 2669 628 2741 μὲν
653 2667 748 2722 τοῦ
776 2668 1084 2739 Σεὸριθίτου
1104 2667 1269 2740 νομοῦ
1306 2670 1552 2741 μυρίους,
1569 2671 1635 2724 ἐκ
1652 2671 1710 2723 δὲ

128 2755 230 2810 τοῦ
253 2759 555 2829 Μενδησίου
588 2758 682 2813 καὶ
708 2758 1036 2829 Σεδεννήτου
1074 2759 1389 2831 δισμυρίους
1413 2759 1545 2831 (86),
1580 2761 1711 2812 Βου-

132 2847 341 2919 σιρίτου
373 2847 810 2913 Λεοντοπολίτου,
837 2849 931 2902 καὶ
950 2847 1298 2921 Βαθριθίτου,
1330 2848 1434 2903 ἀνὰ
1460 2850 1704 2922 μυρίους.

126 2936 418 3007 Φρόντισον
443 2936 502 2989 δὲ
524 2938 620 2990 καὶ
640 2936 824 2989 δέοντα
847 2936 1029 2999 αὐτοῖς
1054 2938 1147 2989 καὶ
1177 2935 1245 2989 τὰ
1270 2936 1425 3000 ἄλλα,
1452 2937 1601 3000 ὅπως
1626 2936 1710 2990 εὐ-

120 3030 325 3099 τακτῇ,
350 3029 445 3081 καὶ
471 3028 559 3081 ἵνα
585 3026 1107 3084 ἀωκατασταθῶσιν
1135 3028 1216 3091 είς
1234 3026 1333 3098 τὴν
1359 3026 1517 3092 ἰδίαν,
1543 3028 1620 3092 ὡς
1640 3026 1707 3083 ἂν

120 3119 241 3174 ἀπὸ
264 3123 365 3192 τῆς
388 3121 576 3193 χρείας
595 3121 897 3195 γενομένης
922 3119 1054 3191 (87).
1096 3139 1118 3172 ι

634 3317 1032 3372 ΚΕΦΑΛΑΙΟΝ
1075 3317 1200 3372 AI".

121 3431 423 3497 Βασιλεὺς
468 3430 750 3500 Σολομὼν
782 3433 1040 3498 Σούρωνι
1081 3430 1161 3497 τῷ
1200 3430 1454 3495 ⁴βασιλιεῖ
1495 3430 1699 3499 Τύρου,

196 3504 297 3556 καὶ
315 3502 591 3568 Σιδῶνος,
622 3501 720 3555 καὶ
743 3504 1042 3569 Φοινίκης,
1063 3503 1220 3571 φίλῳ
1247 3500 1533 3570 πατρικῷ,
1567 3502 1700 3571 χαί-

186 3590 340 3641 patr.

196 3705 219 3739 ι
261 3684 503 3740 Γίνωσκέ
546 3701 612 3755 με
660 3681 1041 3754 παρειληφότα
1076 3681 1176 3754 τὴν
1226 3680 1502 3751 βασιλείαν
1550 3681 1703 3752 παρὰ.

118 3777 288 3833 Δαὸὶδ
311 3774 405 3831 τοῦ
433 3775 757 3849 πατρὸς-διὰ
785 3776 878 3829 τοῦ
905 3775 1040 3829 Θεοῦ
1071 3775 1165 3829 τοῦ
1201 3776 1478 3847 μεγίστου,
1515 3776 1703 3828 ἐπιτε-

114 3870 347 3941 ταξχὰτος
382 3887 471 3941 μοι
496 3869 846 3940 οἰκοδομῆσαι
871 3868 1018 3941 ἱερὸν
1047 3867 1125 3939 τῷ
1161 3867 1300 3939 Θεῷ,
1334 3868 1393 3932 ὃς
1422 3868 1513 3921 τὸν
1537 3869 1700 3939 οὐρα-

115 3963 211 4018 νὸν
254 3964 347 4017 καὶ
388 3962 487 4035 τὴν
529 3962 634 4033 γῆν
674 3961 905 4015 ἔκτισενε
943 3960 1062 4031 ἅμα
1103 3959 1162 4013 δὲ
1203 3961 1296 4013 καὶ
1341 3960 1424 4012 σοὶ
1468 3960 1695 4032 γράψαι,

113 4055 435 4110 ἀποστεῖλαί
465 4070 554 4125 μοι
580 4052 689 4107 τῶν
732 4053 883 4123 παρὰ
910 4050 1004 4104 σοῦ
1032 4050 1199 4115 λαῶν,
1226 4051 1275 4103 οἳ
1304 4053 1699 4123 συμπαραστή-

115 4167 302 4204 σονται
345 4151 495 4220 ἡμῖν,
543 4149 706 4220 μέχρι
760 4146 853 4200 τοῦ
903 4145 1211 4200 ἐπιτελέσαι
1261 4146 1360 4216 τὴν
1402 4145 1507 4221 τοῦ
1560 4144 1695 4198 Θεοῦ

112 4241 329 4314 χρείαν,
355 4239 539 4293 καθότι
577 4256 665 4311 μοι
710 4239 1075 4292 ἐπιτέτακται.
1112 4235 1371 4308 Γέγραφα
1413 4234 1470 4289 δὲ
1498 4236 1592 4289 καὶ
1619 4237 1696 4299 εἰς

110 4335 217 4404 τὴν
257 4331 569 4394 Γαλιλαίαν,
620 4331 715 4384 καὶ
755 4331 1073 4401 Σαμαρῖτιν,
1122 4329 1216 4383 καὶ¹
1266 4325 1568 4392 Μωαϐῖτιν,
1600 4327 1696 4380 καὶ

124 4422 422 4493 Ἄμονῖτιν,
480 4423 576 4475 καὶ
627 4420 925 4485 Γαλαδῖτιν,
984 4418 1336 4491 χορηγεῖσθαι
1388 4419 1573 4481 αὐτοῖς
1622 4416 1693 4470 τὰ

106 4516 305 4569 δέοντα
349 4516 414 4569 ὲκ
437 4514 537 4585 τῆς
576 4512 760 4584 χώρας
799 4511 938 4564 κατὰ
972 4511 1134 4581 μῆνα,
1170 4509 1361 4581 κόρους
1410 4509 1557 4561 σίτου
1593 4526 1693 4579 μυ-

110 4609 285 4680 ρίους.
329 4607 387 4660 Ὀ
417 4606 475 4659 δὲ
509 4605 668 4677 κόρος
710 4604 855 4656 ἐστὶν
883 4600 1134 4673 ἀρταϐῶν
1161 4599 1251 4665 ἐξ·
1301 4600 1396 4653 καὶ
1427 4599 1570 4652 οίνου
1604 4598 1695 4652 κό-

111 4716 242 4770 ρους
270 4698 521 4770 μυρίους·
557 4699 586 4751 ὁ
608 4696 664 4749 δὲ
697 4697 856 4766 κόρος
886 4693 979 4747 τοῦ
1000 4693 1141 4746 οἴνου
1179 4692 1295 4745 ἐστὶ
1339 4691 1513 4764 μέτρα
1538 4690 1688 4743 δέκα.

1820 2221 1984 2263 verso
2000 2210 2245 2264 exercitu
2299 2211 2607 2280 populoque
2653 2224 2777 2265 meo
2813 2210 2956 2266 diem
3007 2211 3116 2281 egi,
3159 2212 3303 2281 quod
3350 2221 3387 2262 a

1819 2295 1939 2351 viro
1964 2297 2192 2367 optimo,
2222 2308 2487 2369 tantoque
2504 2297 2722 2354 Numini
2746 2301 3130 2369 probatissimo
3165 2316 3394 2372 regnum

1822 2390 2116 2460 acceperis.
2148 2390 2305 2457 Quod
2336 2402 2517 2449 autem
2547 2408 2579 2448 a
2634 2394 2792 2449 nobis
2825 2394 3077 2450 homines
3098 2393 3393 2465 fabrosque

1813 2481 2087 2549 postulas,
2108 2496 2298 2537 eorum
2327 2484 2604 2555 octoginta
2656 2484 2827 2539 millia
2877 2485 2945 2539 ad
2979 2492 3032 2539 te
3075 2482 3225 2550 misi,
3249 2497 3391 2554 que-

1816 2588 1940 2628 rum
1973 2573 2137 2627 etiam
2164 2574 2346 2630 natale
2369 2576 2465 2631 tibi
2492 2576 2672 2631 solum
2700 2576 2941 2631 indicare
2956 2574 3128 2644 juvat.
3161 2574 3242 2629 Ex
3293 2573 3391 2629 3e-

1815 2664 2053 2720 brithide
2080 2665 2401 2736 praefectura
2421 2668 2609 2723 decem
2632 2668 2824 2734 millia,
2868 2683 2937 2722 ex
2985 2666 3277 2729 Mendesia,
3333 2677 3389 2721 et

1818 2753 2187 2820 Sebennitide,
2211 2756 2401 2827 viginti
2428 2758 2623 2822 millia,
2657 2773 2722 2813 ex
2749 2756 3042 2812 Busiritide
3082 2756 3390 2825 Leontopo—

1814 2846 1981 2913 litide,
2004 2855 2059 2901 et
2085 2846 2443 2905 Batbrihitide
2467 2849 2683 2903 circiter
2727 2848 2950 2918 triginta
3000 2846 3170 2901 millia
3197 2860 3390 2900 nume-

1812 2945 2026 2990 rantur.
2059 2935 2323 3006 Superest
2360 2946 2422 2992 ut
2476 2938 2545 2993 iis
2584 2951 2924 3007 quaecunque
2974 2951 3113 3006 opus
3162 2935 3384 2997 fuerint,

1810 3026 2027 3081 abunde
2049 3028 2382 3097 suppeditari
2414 3044 2597 3095 cures,
2619 3030 2813 3099 partim
2844 3044 2913 3083 ne
2937 3027 3068 3097 quid
3115 3028 3257 3083 inter
3286 3041 3384 3081 eos

1809 3117 2094 3173 turbarum
2116 3120 2402 3184 excitetur,
2426 3121 2624 3188 partim
2648 3129 2707 3174 ut
2726 3120 3078 3175 mdiiicatione
3124 3118 3381 3190 βοήθεια,

1808 3209 1946 3265 salvi
1978 3210 2048 3265 ad
2077 3226 2209 3267 suos
2235 3211 2644 3283 incolumesque
2674 3220 3034 3268 revertantur.
3076 3230 3096 3264 ι

2353 3322 2582 3378 CAPUT
2605 3322 2859 3379 XXXIII.‘

1725 3474 1773 3534 ϐ
1810 3434 2063 3491 Salomon
2095 3435 2454 3534 rex-ﬁgurant}
2506 3436 2680 3534 Tyri,“
2713 3435 2949 3534 ξὶάοιιιε,
2996 3455 3059 3491 ac
3097 3436 3382 3495 Phoenicia

2163 3508 2291 3576 regi,
2328 3510 2499 3561 amico
2529 3517 2770 3576 paterno,
2797 3507 3045 3564 salutem.

1878 3698 1899 3732 ι
1936 3679 2164 3736 Noveris
2194 3695 2280 3736 me
2314 3696 2512 3735 summi
2540 3678 2792 3735 Numinis
2846 3679 3111 3735 beneﬂcio
3151 3696 3377 3751 regnum

1801 3788 1835 3828 a
1860 3772 2061 3829 Davide
2088 3783 2241 3843 patre
2274 3773 2578 3843 accepisse,
2609 3787 2639 3827 a
2666 3786 2775 3841 quo
2811 3771 3072 3841 templum
3111 3770 3223 3826 Deo
3250 3774 3376 3828 caeli

1801 3874 2179 3936 terrarumque
2207 3864 2374 3937 M9
2396 3864 2632 3918 molitori
2650 3864 2917 3918 aediﬁcare
2933 3864 3124 3932 jussus
3149 3862 3371 3931 fuerim,

1799 3957 2072 4027 simulque
2100 3958 2199 4012 abs
2232 3965 2285 4011 te
2337 3971 2434 4026 per
2454 3955 2661 4010 litteras
2676 3963 2857 4025 petere
2872 3955 2953 4009 uti
2984 3953 3052 4007 ad
3071 3968 3158 4007 me
3198 3968 3264 4008 ex
3286 3967 3374 4009 re-

1800 4053 1890 4123 gni
1910 4052 1985 4105 tui
2021 4050 2334 4106 hominibus
2362 4049 2639 4119 labrisque
2670 4049 2876 4109 mittas,
2906 4047 2998 4117 qui
3026 4051 3181 4101 suam
3211 4045 3371 4103 nobis

1798 4158 2019 4213 Operam
2075 4150 2306 4207 navent,
2352 4141 2527 4195 donec
2569 4139 2813 4194 divinum
2840 4136 2972 4191 illud
3003 4150 3177 4205 opus,
3210 4145 3407 4214 prout_

1795 4233 1982 4303 jussus
2012 4248 2112 4304 ego
2143 4247 2301 4295 sum,
2356 4238 2611 4285 accurate
2657 4227 2954 4298 perfecero.
3001 4225 3269 4281 Caeterum
3316 4229 3373 4281 in

1796 4325 2074 4381 Galilaeam
2098 4363 2115 4390 ,
2177 4321 2479 4377 Samariam
2502 4361 2517 4385 ,
2564 4318 2942 4386 Moabitidem,
2980 4320 3370 4385 Amonitidem,

1797 4424 1851 4471 et
1866 4415 2224 4471 Galaditidem
2255 4413 2487 4481 scripsi,
2509 4411 2586 4465 uti
2612 4426 2681 4465 ex
2704 4410 3022 4481 regionibus
3051 4410 3158 4467 illis
3181 4454 3195 4478 ,
3224 4426 3375 4481 quae-

1797 4508 2014 4577 cunque
2045 4521 2184 4575 opus
2213 4503 2452 4567 fuerint,
2484 4503 2552 4557 iis
2583 4501 2785 4555 affatim
2813 4510 3142 4570 suppetant;
3179 4516 3374 4571 nempe

1795 4600 1852 4654 in
1884 4599 2129 4671 singulos
2162 4612 2373 4653 menses
2400 4637 2414 4660 ,
2456 4610 2713 4650 cororum
2757 4594 2920 4647 tritici
2948 4595 3131 4648 decem
3162 4594 3330 4647 millia
3352 4632 3368 4657 ,

1793 4692 1887 4761 qui
1918 4690 2116 4761 singuli
2146 4688 2364 4744 artabas
2396 4702 2489 4743 sex
2518 4684 2824 4748 continent;
2851 4684 3085 4753 itemque
3111 4696 3366 4737 cororum

107 4791 185 4844 Τὸ
214 4790 274 4843 δὲ
316 4788 494 4843 ἔλαιον
540 4789 633 4841 καὶ
677 4786 745 4839 τὰ
776 4786 909 4840 ἄλλα
933 4782 1371 4855 χορηγηθήσεται
1408 4783 1590 4845 αὐτοῖς
1627 4783 1691 4835 ὲκ

1815 4784 1909 4838 rini
1925 4783 2110 4838 decem
2140 4781 2307 4835 millia
2328 4821 2343 4846 ,
2371 4779 2465 4848 qui
2490 4775 2689 4846 singuli
2715 4785 2885 4829 metra
2902 4775 3086 4829 decem
3108 4772 3365 4840 efﬁciunt,

99 4883 210 4954 τῆς
249 4882 528 4946 Ἰουδαίας,
550 4882 725 4952 ἱερεῖα
751 4879 806 4932 δὲ
830 4879 908 4941 εἰς
927 4877 1275 4947 κρεωφαγίαν
1306 4877 1370 4928 ἐκ
1398 4876 1499 4945 τῆς
1532 4877 1690 4945 Ἀρα-

96 4974 254 5039 ϐίας.
296 4993 315 5027 ι

189 5183 307 5262 (8_6)
340 5189 715 5262 Διονμυρίους.
764 5189 1148 5260 Reponendum
1197 5191 1390 5262 opinor
1431 5191 1536 5245 ἀνὰ
1582 5192 1694 5245 δισ-

116 5257 526 5330 μυρίους-,Δίιος
553 5270 637 5314 est
666 5257 1024 5330 quadraginta
1056 5257 1316 5316 millia—ex
1347 5261 1581 5323 duabus,
1614 5262 1692 5315 vi-

114 5325 256 5405 ginti
291 5327 458 5405 millia
486 5344 552 5405 ei;
584 5325 833 5398 singulis,
865 5325 924 5386 tit
948 5332 1110 5401 paulo
1137 5343 1260 5402 post
1289 5331 1393 5405 ᾀνὰ
1425 5332 1684 5405 μυρίουςτ

112 5395 328 5463 alioqui
363 5400 640 5472 sexaginta
678 5395 1095 5467 —tantum,-non
1138 5395 1437 5472 octOginta'
1462 5395 1698 5456 millium

111 5478 337 5519 summa
369 5466 550 5522 futura
580 5479 683 5524 cst.

188 5533 304 5605 (87)
321 5537 705 5610 "Feroyérnc.
745 5538 1058 5608 Legendum
1104 5540 1358 5595 existimo
1393 5539 1694 5610 γενόμενοι.

109 5598 296 5681 Fatus
321 5598 707 5681 Hellenismus,
744 5598 1028 5681 ἀπότινος
1067 5611 1390 5681 πράγματος
1407 5598 1696 5679 ’γενέσθαιν

112 5671 224 5750 Ιξοο
267 5686 351 5749 est
390 5671 765 5750 ἀπηλλαχέναι
798 5680 892 5734 τοῦ
940 5671 1298 5750 πράγματος,
1345 5671 1551 5750 ἡεςίοιὶο
1581 5671 1699 5748 per;

110 5739 383 5827 functum,
402 5739 567 5803 vel'ab
593 5739 655 5804 eo
676 5761 930 5806 recentem
952 5739 1384 5807 eise.Plutarch.
1410 5739 1666 5804 Ἇιεέιαὶιά.
1682 5790 1696 5817 ,

1792 4876 1975 4930 oleum
2014 4881 2193 4928 autem
2243 4886 2307 4925 ac
2357 4878 2548 4923 caetera
2600 4882 2667 4921 ex
2713 4865 2933 4930 Iudaea,
2961 4864 3170 4919 hostias
3212 4878 3363 4928 vero,

1790 4980 2021 5036 quarum
2079 4962 2180 5033 ipsi
2206 4960 2464 5016 carnibus
2492 4966 2801 5020 vescantur,
2836 4971 2903 5011 ex
2930 4955 3128 5009 Arabia
3162 4968 3363 5024 suppeo

1787 5054 1949 5110 ditari
1979 5054 2139 5123 jussi.
2177 5071 2198 5103 ι

1800 5190 1909 5245 ἀπὸ
1944 5189 2053 5242 τῶν
2092 5188 2251 5260 ἱερῶν
2299 5189 2573 5259 γενομένῳ
2610 5187 2687 5259 τῷ
2726 5187 2932 5259 βασιλεῖ
2962 5187 3367 5260 προσελθιξντες,

1802 5257 2286 5346 regem‘u'perncto
2313 5257 2578 5346 sacriﬁcio
2617 5257 3170 5346 récfirtem’adeuntes.
3190 5257 3367 5346 ‘Ibid.,

1801 5331 1831 5383 ὁ
1860 5327 1917 5383 δὲ
1952 5329 2293 5400 Ἀλέξανδρος
2315 5330 2422 5412 ἀπὸ
2445 5329 2546 5451 si]:
2573 5331 2752 5400 πυρᾶς
2782 5327 3098 5408 γενόμενος,
3120 5327 3214 5380 καὶ
3245 5344 3370 5380 συν-

1801 5400 2027 5469 αγαγὼν
2056 5399 2282 5463 πολλοὺς
2307 5417 2415 5452 των
2442 5400 2502 5468 φί
2536 5416 2612 5452 ων
2629 5416 2641 5428 ο
2664 5416 2698 5451 α
2720 5398 2871 5469 busto
2893 5396 2985 5449 illo
3007 5412 3258 5469 repertus.
3285 5395 3364 5469 Id_.

1801 5464 1863 5524 in.
1883 5464 2221 5546 Themistum,
2246 5464 2623 5546 γενόμενος-δὲ
2663 5468 2757 5546 επὶ
2792 5465 2898 5519 τῶν
2940 5464 3190 5546 πράξεων
3224 5466 3369 5546 ἐρεεί-

1800 5557 1928 5594 νων.
1952 5540 2229 5594 lnterdum
2249 5534 2620 5603 ἐλλείπτικῶς,
2637 5539 2840 5605 absque
2854 5534 3019 5589 verbo
3038 5553 3051 5587 :
3068 5534 3363 5591 Herodian.

1799 5610 1894 5689 lib.
1915 5626 2011 5674 vn,
2044 5609 2567 5689 nepthouceclctbu
2727 5607 2989 5689 ὑπατείας
3013 5605 3284 5689 cmineum
3309 5606 3367 5659 in

1802 5679 2032 5749 aliquem
2060 5676 2130 5733 esi
2159 5676 2524 5733 consularibus
2548 5679 2874 5731 incidissent.
2896 5676 2989 5749 Sic
3008 5679 3055 5728 oi
3071 5676 3366 5749 ἀποστρα-

1801 5746 2056 5818 τηγείας,
2080 5749 2408 5817 πρεσϐείαςζ,
2444 5758 2548 5804 etc.
2570 5791 2584 5815 ,
2620 5749 2858 5817 imperio;
2886 5747 3142 5829 (legatione
3172 5746 3364 5816 functi.
