3856 6224
420 381 519 438 751

960 483 1186 540 CAPUT
1223 479 1462 536 XXXlV.

645 602 817 659 Suron
849 599 1122 657 Salomoni
1160 599 1268 669 regi
1305 613 1493 669 magno
1517 596 1763 650 salutem.

497 741 518 775 ι
539 719 862 775 Benedictus
878 715 1018 771 Deus
1034 725 1191 770 terra;
1206 728 1270 768 ac
1285 713 1409 770 coeli
1432 710 1701 774 conditor,
1718 708 1811 780 qui
1823 707 1998 762 virum

418 815 688 884 optimum
714 825 778 865 ac
811 809 1050 880 parentis
1077 807 1268 878 optimi
1301 805 1471 860 filium
1501 802 1742 874 elegerit.
1770 801 2004 856 Litteras

420 913 548 957 tuas
572 900 732 955 simul
777 908 940 968 atque
981 896 1218 969 perlegi,
1252 910 1523 952 summam
1552 893 1736 947 animo
1757 892 2004 960 volupta-

424 1003 534 1048 tem
563 991 713 1061 cepi,
748 989 966 1060 Deoque
1005 989 1207 1059 gratias
1230 987 1346 1057 egi,
1375 984 1521 1056 quod
1555 998 1780 1055 regnum
1810 996 2002 1052 capes-

425 1087 616 1141 sisses.
659 1081 813 1150 Quod
878 1089 1057 1135 autem
1105 1096 1137 1135 a
1179 1080 1340 1134 nobis
1399 1076 1650 1132 homines
1700 1087 2004 1146 Operasque

427 1177 607 1249 poscis
626 1217 641 1242 ,
671 1173 961 1245 Tyriorum
995 1187 1060 1227 ac
1088 1171 1411 1227 thnicum
1443 1168 1714 1238 octoginta
1740 1167 1905 1220 millia
1935 1165 2004 1219 ad

425 1276 480 1324 te
513 1267 678 1330 misi,
720 1275 882 1334 atque
930 1264 1070 1318 inter
1112 1270 1338 1318 caeteros
1381 1261 1773 1323 architectum,
1829 1255 2003 1326 patria

427 1359 650 1430 quidem
705 1357 929 1427 Tyrium
957 1394 972 1420 ,
1015 1354 1112 1410 sed
1155 1362 1330 1408 matre
1377 1349 1564 1406 Judzea
1601 1349 1898 1419 eademque
1939 1361 2006 1401 ex

428 1454 648 1510 Davidis
701 1453 843 1508 tribu
891 1461 1115 1506 natum:
1161 1449 1255 1520 qui
1305 1449 1403 1503 tibi
1455 1457 1794 1516 qumcunque
1833 1456 1898 1495 ex
1939 1453 2006 1493 eo

429 1546 744 1618 quaesieris,
777 1559 899 1614 qua:
943 1543 1066 1598 coeli
1102 1541 1266 1612 hujus
1304 1538 1511 1593 ambitu
1549 1535 1928 1595 continentur,
1958 1529 2006 1584 si

429 1636 596 1693 modo
630 1636 696 1689 ad
725 1635 1145 1689 architecturam
1179 1629 1548 1698 pertinebunt,
1579 1641 1640 1680 ea
1673 1639 1796 1679 cum
1830 1623 2009 1676 scien-

429 1739 516 1786 ter
543 1728 807 1783 edisseret
828 1726 1032 1791 omnia,
1062 1733 1175 1778 tum
1197 1722 1359 1777 etiam
1382 1720 1540 1774 facile
1567 1717 1826 1788 perﬁciet.
1852 1713 2006 1780 Quod

1089 367 1353 424 EUSEBll
1393 359 1759 422 CrESARlEN
1769 359 1874 417 Sis
1910 352 2018 415 OPI

2125 357 2283 413 >ARS
2319 355 2383 416 ιι.
2422 387 2480 400 --
2511 351 3010 412 M’OLOGETICA.

2023 480 2072 537 Α

3563 349 3675 406 789

2605 467 3002 525 ΚΕΦΔΛΔΙΟΝ
3036 471 3156 523 ΔΔ’.

2184 588 2422 656 Σούρων
2455 583 2755 654 Σολομῶνι
2786 581 3038 649 βασιλεῖ
3054 580 3296 652 μεγάλῳ
3327 580 3576 651 χαίρειν.

2175 718 2195 753 ι
2232 699 2537 770 Εὐλογητὸς
2575 699 2604 751 ὁ
2631 697 2782 762 Θεὸς,
2819 698 2879 761 ὃς
2925 697 3024 768 τὴν
3055 695 3160 765 γῆν
3204 693 3297 747 καὶ
3334 692 3424 746 τὸν
3449 689 3683 762 οὐρανὸν

2099 794 2334 857 ἔκτισεν,
2367 792 2426 856 ὃς
2455 791 2626 843 εἵλετο
2653 789 2936 861 ἄνθρωπον
2965 786 3196 859 χρηστὸν
3234 786 3299 838 ὲκ
3320 783 3557 856 χρηστοῦ
3579 785 3683 837 av.

2101 884 2245 956 δρός.
2278 883 2427 953 Ἀμα
2458 880 2550 934 τοῦ
2585 879 2889 948 ἀναγνῶναι
2921 879 3019 950 τὴν
3049 875 3199 948 παρὰ
3233 875 3326 928 σοῦ
3371 873 3684 945 ἐπιστολὴν,

2104 976 2310 1049 σφόδρα
2349 975 2571 1045 ἐχάρην,
2601 974 2695 1026 καὶ
2741 972 3007 1042 εύλόγησα
3037 969 3128 1022 τὸν
3156 967 3307 1033 Θεὸν,
3339 968 3431 1020 ἐπὶ
3466 966 3547 1038 τῷ
3575 983 3686 1022 πα-

2103 1067 2417 1140 ρειληφέναι
2449 1083 2507 1118 σε
2532 1067 2632 1136 τὴν
2664 1063 2962 1134 βασιλείαν.
2991 1062 3125 1133 Περὶ
3155 1061 3213 1114 δὲ
3237 1054 3311 1114 ὧν
3330 1059 3564 1130 γράφεις
3593 1074 3690 1140 pot

2104 1133 2365 1232 inspier
2389 1158 2526 1212 κατὰ
2551 1133 2676 1219 τοὺς
2699 1156 2862 1219 λαοὺς
2880 1156 3004 1217 τοὺς
3026 1154 3155 1223 παρ’
3180 1154 3331 1224 ἡμῖν,
3367 1133 3692 1205 ἀπέσταλκά

2105 1269 2189 1306 σοι
2221 1251 2434 1323 Τυρίων
2466 1249 2560 1304 καὶ
2585 1248 2846 1302 Φοινίκων
2875 1244 3356 1316 ὀκτακισμυρίους,
3388 1243 3481 1297 καὶ
3524 1244 3690 1314 ἀρχι-

2104 1343 2332 1398 τέκτονά
2361 1359 2444 1396 σοι
2472 1340 2788 1396 ἀπέσταλκα
2820 1339 3102 1410 ἄνθρωπον
3134 1336 3448 1407 Τύριον,εὲκ
3480 1334 3692 1406 μητρὸς

2119 1427 2395 1498 Ἰουδαίας,
2423 1433 2489 1486 ὲκ
2518 1433 2615 1504 τῆς
2649 1430 2823 1500 φυλῆς
2855 1429 2955 1499 τῆς
2985 1427 3166 1492 Δαόὶδ,
3198 1428 3339 1498 ὑπὲρ
3389 1420 3466 1480 ὧν
3498 1426 3565 1480 ἂν
3594 1427 3693 1480 ab.

2104 1528 2196 1581 τὸν
2221 1527 2503 1598 ἐρωτήσῃς
2527 1523 2636 1578 τῶν
2669 1523 2774 1576 ὑπὸ
2807 1522 2898 1574 τὸν
2924 1520 3150 1591 ούρανὸν
3185 1519 3400 1572 πάντων
3430 1518 3523 1570 καὶ
3543 1530 3569 1558 ι
3597 1518 3696 1590 ἀρ-

2108 1618 2464 1690 χιτεκτονίαν,
2494 1613 2831 1686 ὑφηγήσεταί
2856 1630 2936 1666 σοι
2956 1612 3049 1666 καὶ
3070 1611 3303 1682 ποιήσει.
3342 1610 3476 1681 Περὶ
3502 1609 3560 1663 δὲ
3581 1609 3695 1663 τῶν

2110 1712 2336 1766 δεόντων
2391 1711 2486 1763 καὶ
2537 1707 3017 1778 άποστελλομένων
3066 1722 3148 1758 σοι
3211 1704 3414 1758 παίδων
3433 1743 3449 1768 ,
3507 1703 3697 1769 καλῶς

431 1827 716 1890 superest,
739 1817 975 1886 partium
1008 1826 1222 1870 tuarum
1253 1814 1376 1877 erit,
1407 1810 1475 1866 ad
1509 1810 1752 1864 locorum
1783 1804 2007 1876 prafec-

2125 1806 2357 1876 ποιήσεις
2390 1801 2699 1864 ἐπιστείλας
2728 1802 2840 1863 τοῖς
2866 1799 3004 1852 κατὰ
3042 1800 3205 1852 τόπον
3231 1797 3510 1868 ἐπάρχοις,
3542 1796 3696 1860 ὅπως

432 1921 520 1968 tos
547 1911 825 1973 scribere,
854 1908 932 1962 uti
959 1907 1083 1961 huic
1137 1913 1299 1958 tantae
1339 1902 1619 1957 hominum
1653 1895 2006 1962 multitudini,

432 2016 772 2076 quaecunque
795 1998 1103 2054 necessaria
1131 1995 1351 2060 fuerint,
1372 1994 1654 2064 diligenter
1691 1989 2012 2058 abundeque

432 2095 768 2168 provideant.
806 2109 826 2143 ι
867 2089 1125 2145 Salomon
1165 2088 1362 2159 igitur,
1411 2087 1497 2141 his
1558 2085 1729 2156 lectis,
1757 2095 2012 2154 paterno-

434 2202 558 2242 rum
585 2184 885 2238 amicorum
919 2181 1123 2236 auxilio
1170 2179 1376 2244 fretus,
1428 2185 1484 2232 et
1521 2175 1814 2248 Tyriorum
1855 2173 2012 2230 Sido-

434 2276 763 2346 niorumque
787 2288 954 2328 manu
981 2272 1214 2343 stipatus
1235 2311 1252 2338 ,
1281 2270 1510 2325 lustrato
1549 2277 1734 2324 monte
1763 2265 1974 2321 Libano
1994 2303 2010 2329 ,

437 2366 701 2437 quidquid
752 2365 1024 2436 lignorum
1059 2378 1089 2416 a
1125 2371 1350 2432 parente
1389 2375 1590 2416 caesum
1634 2359 1762 2414 olim
1800 2357 2011 2421 fuerat,

441 2469 541 2527 per
569 2469 722 2509 mare
770 2451 978 2522 Joppen
1010 2466 1184 2520 usque
1207 2450 1533 2514 transvexit,
1567 2448 1795 2517 indeque
1821 2447 2013 2517 pedes-

438 2547 510 2601 tri
533 2545 698 2601 ductu
748 2543 1178 2613 Hierosolymam
1236 2541 1616 2610 comportarit.
1661 2538 1916 2594 Protinus
1948 2539 2015 2593 ad

439 2635 627 2704 templi
658 2633 768 2689 Deo
793 2635 905 2689 voti
937 2648 1057 2688 sese
1107 2631 1522 2688 aediﬁcationem
1571 2631 1840 2694 accinxit,
1871 2646 2016 2685 anno

440 2726 617 2780 astatis
642 2725 854 2780 decimo
886 2722 1066 2779 tertio.
1106 2722 1264 2789 Quod
1314 2723 1368 2776 in
1416 2738 1552 2791 opus
1584 2723 1712 2778 dum
1763 2722 2017 2776 universa

442 2815 532 2870 illa
564 2817 902 2872 diversorum
935 2816 1262 2886 populorum
1313 2816 1605 2870 multitudo
1647 2813 2016 2880 incumberet,

442 2907 619 2963 tribus
661 2905 972 2963 Iudaeorum
999 2907 1287 2962 duodecim
1322 2921 1410 2960 res
1443 2904 1778 2960 necessarias
1799 2913 2020 2959 centum

441 3010 499 3055 et
529 3001 809 3070 sexaginta
838 3001 1122 3056 hominum
1170 2999 1413 3054 millibus
1457 3003 1527 3053 ita
1562 2998 1980 3068 suppeditabant
2002 3036 2017 3061 ,

443 3099 508 3148 ut
538 3108 698 3148 suum
756 3093 984 3164 singula:
1031 3107 1276 3147 mensem
1308 3092 1435 3147 huic
1461 3107 1604 3146 cura:
1634 3106 1698 3146 ac
1722 3090 2020 3160 provisioui

2110 1896 2411 1970 χορηγῆται
2430 1896 2498 1948 τὰ
2514 1892 2752 1948 δέοντα.»
2770 1890 2999 1945 Διελθὼν
3024 1891 3078 1944 δὲ
3103 1888 3373 1960 Σολομὼν,
3401 1889 3538 1958 ἔχων
3565 1889 3697 1952 τοὺς

2110 1989 2412 2062 πατρικοὺς
2445 1988 2628 2057 φίλους
2657 1986 2747 2040 ἐπὶ
2775 1986 2836 2038 τὸ
2857 1985 2979 2056 ὅρος
3009 1984 3104 2037 τοῦ
3133 1983 3387 2046 Λιϐάνου,
3427 1979 3565 2052 μετὰ
3583 1979 3697 2032 τῶν

2111 2082 2377 2138 Σιδωνίων
2409 2081 2502 2134 καὶ
2529 2079 2760 2152 Τυρίων,
2806 2078 3107 2148 μετήνεγκε
3138 2074 3205 2128 τὰ
3238 2073 3366 2139 ξύλα
3395 2073 3462 2126 τὰ
3497 2088 3702 2144 προκε-

2113 2173 2362 2246 κομμένα
2392 2171 2496 2224 ὑπὸ
2520 2170 2613 2224 τοῦ
2647 2169 2853 2241 πατρὸς
2876 2168 3038 2222 αὑτοῦ
3073 2167 3161 2220 διὰ
3187 2167 3284 2236 τῆς
3311 2165 3580 2234 θαλάττης
3617 2165 3701 2228 εἰς

2127 2265 2368 2335 Ἰόππην,
2400 2261 2607 2315 ἐκεῖθεν
2635 2260 2693 2314 δὲ
2718 2258 2853 2329 πεζῇ
2888 2259 2967 2321 είς
3001 2256 3379 2328 Ἰεροσόλυμαο
3412 2256 3506 2308 καὶ
3529 2254 3706 2326 ἄρξαι

2116 2354 2238 2408 σθαι
2285 2353 2585 2424 οἰκοδομεῖν
2623 2351 2684 2404 τὸ
2726 2349 2870 2421 ἱερὸν
2904 2348 2997 2402 τοῦ
3029 2347 3188 2411 Θεοῦ,
3240 2347 3367 2400 ὄντα
3419 2344 3556 2398 ἐτῶν
3605 2351 3702 2413 ιγ’.

2127 2445 2488 2518 Ἐργάζεσθαι
2523 2445 2580 2497 δὲ
2605 2443 2674 2496 τὰ
2705 2442 2832 2513 ἔθνη
2875 2439 2943 2494 τὰ
2973 2438 3362 2512 προειρημένα,
3402 2439 3496 2491 καὶ
3527 2435 3704 2506 φυλὰς

2120 2539 2186 2592 ιϐ’
2212 2539 2320 2592 τῶν
2359 2537 2649 2600 Ἰουδαίων,
2689 2536 2784 2589 καὶ
2811 2534 3070 2606 παρέχειν
3105 2532 3216 2603 (88)
3249 2533 3365 2592 ταῖς
3405 2529 3705 2582 ἑκκαίδεκα

2120 2632 2346 2705 μυριάσι
2377 2631 2446 2684 τὰ
2501 2629 2686 2683 δέοντα
2741 2629 2916 2684 πάντα
2966 2624 3107 2680 κατὰ
3153 2624 3294 2695 μῆνα
3327 2621 3496 2692 φυλὴν
3549 2621 3702 2692 μίαν,

2118 2721 2446 2793 θεμελιῶσαί
2502 2738 2562 2774 τε
2610 2721 2700 2773 τὸν
2751 2719 2876 2773 ναὸν
2921 2716 3015 2770 τοῦ
3064 2714 3233 2778 Θεοῦ,
3280 2715 3451 2785 μῆκος
3508 2713 3704 2782 πηχῶν

2119 2812 2178 2879 ἓξ
2207 2811 2345 2882 (89),
2393 2809 2591 2875 πλάτος
2621 2808 2811 2881 πηχῶν
2840 2808 2883 2876 ξ’
2903 2824 2917 2838 °
2949 2808 3010 2861 τὸ
3049 2807 3106 2860 δὲ
3137 2805 3337 2868 πλάτος
3372 2805 3470 2874 τῆς
3496 2804 3706 2857 οἰκοδοο

2124 2905 2230 2976 μῆς
2281 2904 2376 2957 καὶ
2423 2902 2529 2956 τῶν
2572 2901 2836 2973 θεμελίων
2879 2899 3071 2971 πηχῶν
3101 2897 3148 2952 ι’.
3187 2897 3342 2952 Οῦτω
3397 2897 3506 2968 γὰρ
3555 2894 3707 2966 αύτῷ

2121 2995 2422 3068 προστάξαι
2464 2994 2650 3048 Νάθαν
2695 2994 2787 3047 τὸν
2837 2994 3120 3065 προφήτην
3151 2989 3245 3044 τοῦ
3277 2988 3433 3044 Θεοῦ.
3488 2987 3709 3041 Οἰκοδοο

2125 3088 2245 3158 μεῖν
2269 3085 2326 3140 δὲ
2352 3083 2576 3150 ἐναλλὰξ
2611 3085 2774 3155 δόμον
2808 3083 3006 3137 λίθινον
3033 3083 3126 3136 καὶ
3166 3081 3419 3153 ἐνδεσμον
3442 3081 3704 3151 κυπαρίσ·

446 3180 781 3250 assignatum
807 3190 862 3235 et
905 3181 1236 3250 descriptum
1297 3181 1578 3235 haberent.
1639 3179 1783 3252 Ergo
1831 3182 2017 3250 templi

2125 3195 2290 3242 σινον,
2344 3177 2646 3240 πελεκίνοις
2693 3176 2910 3249 χαλκοῖς
2952 3175 3312 3238 ταλαντιαίοις
3348 3173 3706 3245 καταλαμϐά-

447 3269 801 3326 fundamenta
839 3270 1020 3340 jacta,
1055 3272 1202 3342 quod
1230 3287 1353 3325 cum
1389 3272 1668 3340 sexaginta
1712 3272 2019 3326 cubitorum

449 3359 811 3432 longitudine,
844 3361 1175 3430 totidemque
1208 3362 1491 3417 latitudine
1518 3364 1753 3431 spatium
1783 3379 2019 3434 occupa-

448 3459 565 3516 ret,
591 3459 704 3504 tum
745 3467 872 3505 vero
916 3450 1265 3506 fundamenta
1322 3453 1630 3509 latitudinis
1681 3456 1796 3524 ipsa
1837 3470 1933 3526 per
1960 3469 2020 3510 se

449 3541 635 3596 decem
663 3542 884 3596 omnino
918 3543 1132 3598 cubitos
1159 3544 1494 3599 obtinebant.
1515 3544 1680 3617 450
1706 3546 1796 3602 Sic
1820 3547 1962 3602 enim
1989 3563 2020 3602 a

449 3631 664 3689 Nathan
682 3633 775 3690 Dei
795 3635 1054 3705 propheta
1069 3636 1258 3706 jussus
1281 3635 1536 3692 Salomon
1553 3638 1748 3694 fuerat.
1762 3640 1839 3694 Ac
1852 3647 2023 3696 struc-

452 3734 627 3781 turam
659 3726 879 3796 quidem
934 3726 1245 3782 universam
1269 3729 1341 3782 ita
1389 3729 1662 3800 compingi
1713 3731 1915 3797 voluit,
1963 3739 2024 3786 ut

451 3816 645 3872 alterni
681 3832 802 3872 sese
832 3817 1094 3887 lapidum,
1127 3826 1183 3872 et
1208 3820 1647 3889 cypressinarum
1672 3820 1908 3876 trabium
1934 3836 2025 3876 or-

450 3908 606 3963 dines
647 3909 989 3978 exciperent,
1045 3910 1191 3979 quod
1249 3920 1540 3981 utrumque
1595 3912 1806 3967 corium
1859 3913 2024 3969 aeneis

451 3997 816 4068 quibusdam,
852 3997 1030 4068 iisque
1061 3999 1247 4054 talenti
1275 4001 1487 4069 pondo,
1528 4002 1800 4058 securium
1831 4002 2021 4070 instar,

452 4092 686 4146 vinculis
713 4091 1121 4161 astringeretur.
1153 4091 1272 4148 Jam
1302 4103 1477 4150 stante
1511 4096 1750 4152 universi
1811 4098 2023 4153 aedificii

453 4184 625 4250 mole,
673 4183 912 4238 cedrinis
963 4178 1406 4256 cupressinisque
1459 4187 1658 4242 tabulis
1700 4188 2024 4243 exteriorem

455 4277 696 4347 lapidum
725 4275 948 4343 faciem,
983 4291 1052 4332 ne
1105 4279 1326 4333 oculum
1375 4279 1696 4344 offenderet,
1743 4283 2025 4351 undequa-

455 4384 562 4436 que
590 4368 833 4435 vestivit;
864 4369 1176 4425 interiorem
1193 4385 1323 4426 vero
1352 4373 1432 4425 sic
1473 4371 1744 4425 inauravit
1763 4412 1777 4435 ,
1801 4383 1859 4426 ut
1891 4390 2026 4428 con-

2127 3288 2316 3334 νοντας
2339 3272 2464 3334 τοὺς
2482 3269 2575 3322 δύο
2591 3269 2805 3341 δόμους.
2829 3268 2986 3324 Οῦτω
3001 3268 3043 3322 δ’
3067 3268 3229 3321 αὑτὸν
3250 3265 3504 3337 οἰκοδομή
3514 3282 3708 3332 σαντα,

2129 3362 2364 3428 ξυλῶσαι
2398 3361 2594 3427 ἔξωθεν
2625 3361 2886 3434 κεδρίνοις
2922 3359 3099 3426 ξύλοις
3142 3359 3236 3412 καὶ
3269 3358 3708 3429 κυπαρισσίνοις,

2127 3453 2266 3507 ὥστε
2295 3453 2391 3526 τὴν
2418 3453 2625 3524 λιθίνην
2649 3452 2935 3524 οἰκοδομὴν
2975 3453 3050 3522 μὴ
3097 3451 3400 3520 φαίνεσθαι,
3431 3447 3713 3520 χρυσῶσαί

2126 3563 2186 3599 τε
2213 3545 2304 3600 τὸν
2332 3545 2458 3598 ναὸν
2494 3543 2693 3598 ιΞσωθεν
2726 3545 3003 3615 χωννύντα
3043 3541 3259 3596 πλινθία
3301 3543 3477 3612 χρυσᾶ
3515 3557 3713 3593 πεντα-

2128 3640 2302 3710 πήχη,
2337 3636 2428 3690 καὶ
2459 3635 2805 3708 προστιθέναι
2843 3634 3216 3706 προσηλοῦντα
3245 3634 3395 3705 ἥλοις
3425 3633 3710 3705 ἀργυροῖς,

2128 3730 2488 3794 ταλαντιαίοις
2511 3729 2610 3802 τὴν
2638 3729 2821 3800 ὁλκὴν,
2856 3727 3192 3799 μαστοειδέσι
3223 3727 3314 3779 τὸν
3348 3725 3574 3797 ῥυθμὸν,
3594 3724 3714 3776 τέσ-

2133 3840 2294 3894 σαρσι
2319 3822 2376 3876 δὲ
2403 3821 2494 3875 τὸν
2536 3819 2790 3893 ἀριθμόν.
2829 3819 2986 3872 Οὕτω
3009 3819 3053 3872 δ’
3084 3817 3246 3871 αὑτὸν
3282 3817 3563 3889 χρυσῶσαι
3605 3815 3714 3870 ἀπὸ

2131 3916 2359 3985 ἐδάφους
2389 3913 2494 3978 ἕως
2518 3915 2617 3986 τῆς
2648 3914 2868 3985 ὀροφῆς,
2897 3913 2958 3965 τό
2997 3929 3056 3965 τε
3097 3911 3356 3983 ὀρόφωμα
3400 3910 3626 3980 ποιῆσαι
3650 3908 3714 3960 ὲκ

2133 4007 2505 4079 φατνωμάτων
2545 4006 2780 4080 χρυσῶν,
2811 4006 2874 4058 τὸ
2912 4004 2969 4057 δὲ
3009 4004 3164 4075 δῶμα
3204 4004 3426 4075 ποιῆσαι
3455 4000 3713 4073 χαλκοῦν,

2131 4100 2240 4153 ἀπὸ
2289 4098 2599 4172 κεραμίδων
2650 4097 2887 4169 χαλκῶν,
2941 4097 3139 4166 χαλκὸν
3195 4096 3562 4168 χωνεύσαντα,
3622 4092 3717 4146 καὶ

2130 4191 2318 4245 τοῦτον
2347 4190 2681 4260 καταχέοντα
2699 4190 2746 4242 ι).
2776 4189 3005 4259 Ποιῆσαι
3020 4189 3075 4242 δὲ
3094 4189 3187 4242 δύο
3206 4189 3427 4251 στύλους
3458 4187 3715 4258 χαλκοῦς,

2133 4288 2226 4340 καὶ
2291 4283 2712 4356 καταχρυσῶσαι
2758 4283 2954 4346 αὐτοὺς
3001 4281 3207 4354 χρυσίῳ
3243 4282 3433 4351 ἀδόλῳ,
3467 4281 3717 4352 δακτύλῳ

2132 4376 2192 4428 τὸ
2231 4375 2422 4446 πάχος.
2463 4369 2616 4428 Εἶναι
2663 4373 2721 4427 δὲ
2768 4373 2894 4436 τοὺς
2938 4374 3161 4437 στύλους
3205 4373 3282 4444 τῷ
3320 4372 3432 4443 ναῷ
3467 4373 3719 4444 ἰσομεγέ-

453 4457 614 4512 ﬂatos
665 4473 731 4513 ex
767 4473 902 4514 auro
940 4460 1134 4514 lateres
1176 4460 1486 4516 cubitorum
1534 4463 1808 4532 quinque,
1853 4464 2018 4520 clavis

2137 4467 2270 4531 θεις,
2299 4467 2359 4520 τὸ
2378 4467 2435 4520 δὲ
2473 4465 2673 4530 πλάτος
2699 4465 2882 4536 κύκλῳ
2910 4465 3140 4518 ἕκαστον
3169 4465 3322 4517 κίονα
3343 4465 3534 4535 πηχῶν
3563 4464 3714 4518 δέκα’

456 4549 727 4620 argenteis
748 4561 984 4620 quatuor
1003 4591 1018 4617 ,
1040 4551 1229 4605 talenti
1267 4552 1481 4622 pondo,
1531 4530 1697 4621 atque
1716 4553 1941 4608 uberum
1977 4556 2018 4608 ir

2141 4560 2330 4630 στῆναι
2349 4558 2404 4612 δὲ
2437 4559 2636 4622 αὐτοὺς
2656 4557 2750 4610 τοῦ
2782 4530 2931 4610 οἴκου
2963 4557 3021 4610 ὃν
3058 4557 3231 4628 μὲνὲκ
3261 4530 3468 4620 δεξιῶν,
3497 4555 3629 4609 ὂνδὲ
3661 4557 3720 4623 ἐξ

457 4643 868 4698 similitudinem
893 4644 1173 4701 collocatis
1195 4644 1262 4701 ad
1293 4645 1526 4715 parietes
1552 4644 1806 4718 adigeret.
1839 4645 2038 4717 Sicque

451 4747 489 4784 -a
513 4732 822 4802 pavimento
860 4731 928 4786 ad
977 4747 1257 4788 summum
1306 4747 1482 4803 usque
1523 4742 1723 4789 tectum
1753 4735 1896 4791 aedes
1921 4744 2032 4790 tota

461 4837 596 4876 auro
624 4823 961 4880 collucebat:
1019 4824 1301 4895 ipsiusque
1332 4823 1468 4880 adeo
1500 4823 1773 4895 laquearis
1806 4842 2034 4882 aureum

461 4913 764 4970 tabulatum
785 4955 800 4980 ,
826 4916 1066 4970 exterius
1081 4930 1210 4970 vero
1236 4914 1450 4971 culmen
1484 4930 1686 4971 aereum
1714 4925 1887 4971 totum
1917 4928 2037 4972 erat

459 5005 566 5061 hoc
590 5015 674 5061 est
725 5007 882 5062 aereis
925 5008 1118 5078 tegulis
1151 5007 1275 5063 fuso
1299 5023 1406 5063 aere
1441 5007 1688 5064 conflatis
1718 5009 2030 5064 instratum.

337 5158 344 5172 ι
457 5095 760 5152 Columnas
801 5104 1062 5166 praeterea
1111 5099 1250 5154 duas
1280 5099 1334 5152 in
1366 5100 1566 5169 templo
1605 5100 1826 5163 statuit,
1863 5116 2036 5156 aereas

457 5187 677 5254 quidem
729 5186 886 5252 illas,
932 5188 1026 5242 sed
1059 5203 1193 5242 auro
1222 5189 1520 5258 purissimo
1560 5192 1626 5245 ad
1681 5191 1831 5262 digiti
1876 5197 2034 5248 unius

459 5277 879 5334 crassitudinem
905 5279 1188 5347 inductas,
1218 5296 1249 5334 a
1273 5281 1478 5337 dextris
1507 5298 1670 5337 uuam
1691 5322 1706 5347 ,
1741 5283 1964 5338 alteram
2003 5301 2033 5340 a

461 5369 730 5438 sinistris;
760 5372 949 5426 ambas
979 5381 1158 5427 autem
1187 5372 1456 5441 ejusmodi
1483 5414 1498 5437 ,
1523 5389 1645 5442 quae
1696 5375 2035 5444 longitudine

462 5471 661 5518 tectum
689 5465 866 5534 ipsum
902 5465 1258 5536 attingerent,
1309 5464 1512 5519 ambitu
1550 5465 1764 5522 cubitos
1809 5467 2035 5537 singulae

547 5592 574 5619 ι
613 5581 700 5638 τσ.
740 5581 848 5634 τῶν
887 5583 1046 5639 κατά.
1124 5582 1153 5622 δ
1177 5582 1260 5635 to.
1293 5582 1654 5652 καταχέαντα.

467 5778 499 5829 8
687 5695 797 5748 Kal
829 5697 1131 5764 παρέχειν.
1163 5694 1270 5749 Καί
1302 5696 1500 5752 rectius
1522 5735 1538 5762 ,
1573 5696 1784 5767 opinor,
1835 5713 2035 5768 expuu-

505 5783 529 5811 τι
615 5779 642 5818 ⁸,

505 5779 642 5818 ιιιυΓ.

2137 4649 2454 4720 εὐωνύμων.
2487 4649 2717 4718 Ποιῆσαι
2746 4645 2803 4699 δὲ
2839 4647 2930 4699 καὶ
2957 4645 3178 4716 λυχνίας
3210 4646 3433 4716 χρυσᾶς,
3468 4645 3604 4697 δέκα
3633 4647 3722 4700 τά-

2137 4742 2303 4797 λαντα
2335 4740 2572 4812 ἑκάστην
2615 4739 2779 4810 ὁλκὴν
2831 4737 3090 4805 ἀγούσας,
3141 4737 3442 4806 ὑπόδειγμα
3485 4735 3724 4790 λαϐόντα

2137 4833 2237 4906 τὴν
2295 4833 2407 4886 ὑπὸ
2447 4830 2688 4894 Μωσέως
2731 4832 2788 4883 ὲν
2821 4831 2886 4900 τῇ
2924 4831 3094 4899 σκηνῇ
3129 4827 3221 4881 τοῦ
3275 4827 3576 4898 μαρτυρίου
3630 4845 3722 4880 τε·

2138 4925 2341 4977 θεῖσαν.
2377 4923 2576 4993 Στῆσαι
2605 4921 2647 4974 δ’
2682 4918 2742 4985 ἐξ
2767 4919 3027 4990 ἐκατέρου
3059 4919 3256 4990 μέρους
3275 4917 3368 4970 τοῦ
3397 4917 3591 4987 σηκοῦ,
3627 4922 3726 4983 τάς

2141 5017 2240 5088 μὲν
2272 5018 2336 5068 ὲκ
2362 5013 2570 5081 δεξιῶν,
2596 5012 2694 5076 τὰς
2712 5012 2770 5065 δὲ
2801 5010 2857 5077 ἐξ
2891 5011 3205 5081 εὐωνύμων.
3231 5010 3461 5080 Ποιῆσαι
3483 5010 3532 5062 δ’
3561 5011 3726 5064 αὑτὸν

2137 5107 2232 5159 καὶ
2256 5105 2480 5176 λύχνους
2531 5101 2765 5176 χρυσοῦς
2794 5101 2855 5164 o',
2891 5101 3031 5154 ὥστε
3085 5100 3334 5154 καίεσθαι
3374 5101 3457 5167 ἐφ’
3485 5100 3728 5172 ἑκάστης

2137 5197 2356 5267 λυχνίας
2414 5197 2570 5248 ἑπτά.
2607 5193 2974 5263 Οἰκοδομῆσαι
3013 5193 3070 5244 δὲ
3111 5193 3204 5245 καὶ⁵
3254 5191 3352 5255 τὰς
3402 5190 3582 5254 πύλας
3630 5191 3725 5245 τοῦ

2142 5286 2310 5360 ἱεροῦ,
2365 5287 2459 5340 καὶ
2507 5284 2928 5356 κατακοσμῆσαι
2954 5283 3160 5355 χρυσίῳ
3185 5283 3279 5336 καὶ
3318 5283 3566 5354 ἀργυρίῳ
3587 5300 3598 5313 ’
3632 5285 3727 5337 καὶ

2138 5377 2542 5446 καταστεγάσαι
2597 5375 2920 5446 φατνώμασι
2970 5375 3230 5446 κεδρίνοις
3258 5374 3354 5428 καὶ
3397 5375 3723 5446 κυπαρισσίο

2137 5488 2266 5533 νοις.
2300 5471 2530 5540 Ποιῆσαι
2561 5469 2615 5522 δὲ
2637 5469 2726 5522 καὶ
2757 5469 2896 5522 κατὰ
2928 5469 2988 5522 τὸ
3019 5468 3154 5538 πρὸς
3194 5467 3393 5540 βορρᾶν
3425 5468 3591 5540 μέρος
3629 5466 3724 5521 τοῦ

2210 5697 2320 5766 (89)
2361 5693 2579 5766 Πηχῶν
2625 5695 2742 5766 ἓξ.-
2773 5691 2920 5747 Verti
2975 5691 3198 5766 perinde
3243 5706 3306 5766 ac
3350 5689 3395 5742 si
3453 5694 3723 5766 tegeretur

2137 5761 2327 5838 πηχῶν
2357 5765 2414 5831 ξ’.
2449 5761 2687 5852 Consule
2715 5761 3014 5834 Josephutu
3050 5763 3315 5833 Autiquit.
3354 5776 3448 5816 vm
3472 5801 3488 5828 ,
3522 5761 3578 5817 ὲ.
