3856 6224
223 219 340 276 753
1415 221 1747 281 PREPAR.
1791 226 2060 288 EVANG._
2087 228 2220 286 LIB.
2245 228 2332 284 IX.
3391 237 3498 290 ’Ἥ

217 336 382 409 ἱεροῦ
425 337 609 402 στοάν,
637 337 730 390 καὶ
781 338 1008 399 στύλους
1059 338 1194 410 αὐτῇ
1235 339 1540 410 ὑποστῆσαι
1588 339 1811 411 χαλκοῦς

1925 343 2111 398 decem
2144 346 2446 415 implerem.
2472 346 2650 401 Aurea
2681 346 2842 402 etiam
2870 347 3194 404 candelabra
3241 348 3357 405 ﬁeri
3399 368 3498 408 cu-

225 436 346 501 μη’.
383 429 810 484 Κατασκευάσαι
837 431 894 484 δὲ
948 431 1042 485 καὶ
1074 431 1312 504 λουτῆρα
1359 432 1594 503 χαλκοῦν
1651 433 1811 504 μῆκος

1925 435 2064 490 ravit
2084 477 2098 499 ,
2125 436 2304 506 pondo
2327 437 2549 508 singula.
2573 438 2836 494 talentum
2852 439 3058 507 decem,
3091 455 3212 510 quae
3239 442 3306 496 ad
3330 443 3497 509 illius,

221 520 424 592 πηχῶν
453 527 522 585 κ’,
551 522 646 574 καὶ
674 521 876 584 πλάτος
895 521 1088 594 πηχῶν
1113 523 1182 577 κ’·
1209 523 1270 577 τὸ
1299 524 1356 576 δὲ
1387 523 1518 594 ὕψος
1545 525 1734 594 πηχῶν
1756 525 1811 580 ε’.

1925 529 2071 596 quod
2103 529 2156 582 in
2197 529 2554 584 tabernaculo
2576 530 3207 587 testimoniicollocatum
3248 549 3280 588 a
3314 531 3501 604 Moyse

221 613 465 682 Ποιῆσαι
499 613 557 666 δὲ
591 614 678 666 ἐπ’
704 611 854 682 αὑτῷ
889 613 1158 684 στεφάνην
1205 614 1340 686 πρὸς
1387 614 1487 685 τὴν
1518 613 1672 684 βάσιν
1719 611 1811 678 ἔξω

1926 619 2135 686 fuerat,
2161 622 2439 690 exemplar
2483 623 2769 693 expressit.
2792 621 2930 694 ,Hzec
2972 632 3200 694 utraque
3247 625 3502 682 similiter

223 703 610 776 ὑπερέχουσαν
637 705 814 774 πῆχυν
859 705 954 757 ἕνα
983 705 1118 776 πρὸς
1146 705 1206 759 τὸ
1235 707 1362 769 τοὺς
1402 705 1568 776 ἱερεῖς
1595 703 1720 767 τούς
1759 721 1819 756 τε

220 794 400 856 πόδας
428 793 890 866 προσκλύζεσθαι,
920 799 1016 850 καὶ
1051 797 1148 860 τὰς
1179 799 1365 870 χεῖρας
1392 796 1675 851 νίπτεσθαι
1699 798 1819 849 ἐπι-

220 886 514 950 δαίνοντας
537 903 550 916 ·
600 887 823 958 ποιῆσαι
867 887 923 939 δὲ
957 887 1052 940 καὶ
1091 886 1190 950 τὰς
1220 888 1406 959 βάσεις
1435 887 1529 942 τοῦ
1557 887 1818 960 λουτῆρος

221 979 515 1053 τορευτὰς,
559 979 834 1051 χωνευτάς
879 979 1103 1049 δώδεκα,
1140 982 1236 1035 καὶ
1266 981 1345 1054 τῷ
1383 981 1507 1052 ὕψει
1549 982 1819 1056 ἀνδρομή-

214 1091 347 1138 κεις
367 1091 381 1104 ·
407 1073 501 1127 καὶ
529 1073 722 1143 στῆσαι
752 1072 812 1138 ἐξ
834 1073 1058 1145 ὑστέρω
1092 1074 1291 1147 μέρους
1312 1075 1416 1128 ὑπὸ
1447 1075 1538 1129 τὸν
1555 1075 1814 1147 λουτῆρα,

219 1166 290 1222 ἔκ
330 1163 521 1230 δεξιῶν
569 1167 662 1220 τοῦ
713 1165 1121 1239 θυσιαστηρίου.
1163 1169 1395 1240 Ποιῆσαι
1429 1169 1487 1223 δὲ
1523 1168 1619 1222 καὶ
1661 1168 1817 1238 βάσιν

219 1257 437 1328 χαλκῆν
479 1258 558 1329 τῷ
600 1259 722 1328 ὕψει
768 1259 959 1330 πηχῶν
1011 1261 1178 1325 δυοῖν,
1229 1261 1370 1315 κατά
1421 1261 1512 1315 τὸν
1559 1261 1814 1332 λουτῆρα,

217 1349 294 1404 ἵν’
358 1352 634 1424 ἐφεστήκῃ
699 1355 784 1405 ἐπ’
835 1354 1005 1426 αὐτῆς
1061 1354 1090 1406 ὁ
1141 1353 1428 1426 βασιλεὺς,
1493 1355 1620 1407 ὅταν
1651 1371 1816 1428 προσ-

216 1440 488 1514 εύχηται,
521 1443 673 1508 ὅπως
723 1444 1025 1521 ὀπτάνηται
1067 1444 1148 1517 τῷ
1201 1444 1317 1517 λαῷ
1343 1445 1465 1511 ,τῶν
1521 1445 1811 1501 Ἰουδαίων.

217 1535 590 1607 οίκοδομῆσαι
620 1537 677 1590 δὲ
710 1538 806 1592 καὶ
831 1537 1307 1610 τδθυσιαστήριον
1331 1581 1346 1605 ,
1391 1539 1583 1611 πηχῶν
1617 1539 1694 1593 κε’
1721 1540 1816 1593 ἐπὶ

218 1627 424 1695 πήχεις
452 1623 521 1692 κ’,
543 1627 605 1679 τὺ
634 1627 679 1681 δ’
711 1627 846 1698 ὕψος
879 1627 1070 1700 πηχῶν
1107 1628 1194 1682 ιϐ’.
1226 1629 1457 1700 Ποιῆσαι
1487 1630 1542 1684 δὲ
1585 1632 1680 1684 καὶ
1722 1631 1816 1685 δα-

208 1717 476 1791 ¹κτυλίους
505 1717 598 1772 δύο
618 1719 851 1790 χαλκοῦς
869 1721 1250 1786 ἀλυσιδωτοὺς,
1275 1723 1368 1776 καὶ
1399 1723 1591 1794 στῆσαι
1613 1725 1808 1788 αὐτοὺς
1843 1701 1886 1755 Β

215 1808 313 1862 ἐπὶ
375 1811 785 1882 μηχανημάτων
829 1813 1204 1884 ὑπερεχόντων
1261 1813 1341 1884 τῷ
1370 1812 1497 1884 ὕψει
1548 1815 1639 1868 τὸν
1683 1815 1809 1870 ναὸν

214 1903 418 1975 πήχεις
444 1901 513 1968 κ’,
547 1904 642 1958 καὶ
671 1905 913 1970 σκιάζειν
941 1907 1127 1962 ἐπάνω
1155 1905 1355 1971 παντὸς
1386 1907 1479 1961 τοῦ
1518 1907 1686 1980 ίεροῦο
1715 1908 1809 1963 καὶ

213 1994 642 2066 πῳσκρεμάσαι
671 1995 878 2068 ἑκάστῃ
909 1995 1090 2050 δικτύῖ
1139 1995 1397 2062 κώδωνας
1437 1997 1674 2068 χαλκοῦς
1716 2017 1808 2053 τα-

213 2085 529 2150 λαντιαίους
573 2087 987 2158 τετρακοσίουςο
1035 2089 1128 2142 καὶ
1163 2089 1387 2160 ποιῆσαι
1436 2090 1564 2155 ὅλας
1594 2091 1692 2155 τὰς
1725 2091 1807 2145 δι-

216 2178 410 2243 κτύας,
441 2179 578 2252 πρὸς
600 2181 660 2233 τὸ
683 2181 875 2251 ψοφεῖν
900 2182 1027 2246 τοὺς
1060 2181 1334 2246 κώδωνας,
1373 2183 1466 2237 καὶ
1518 2184 1808 2240 ἀποσοϐεῖν

215 2271 288 2326 τὰ
322 2272 509 2344 ὄρνεα,
543 2274 691 2339 ὅπως
722 2273 796 2345 μὴ
830 2273 1024 2347 καθίζῃ
1050 2275 1142 2328 ἐπὶ
1172 2275 1264 2329 τοῦ
1307 2275 1475 2348 ἱεροῦ,
1517 2278 1654 2349 μηδὲ
1687 2297 1810 2334 νοσ-

221 2361 358 2434 σεύῃ
383 2363 475 2416 ἐπὶ
505 2367 617 2428 τοῖς
641 2363 963 2435 φατνώμασι
996 2364 1104 2418 τῶν
1148 2365 1330 2420 πυλῶν
1354 2367 1449 2422 καὶ
1487 2369 1677 2435 στοῶν,
1713 2371 1807 2423 καὶ

223 2454 428 2526 μολύνῃ
467 2458 577 2520 τοῖς
613 2458 1010 2528 ἀποπατήμασι
1047 2457 1108 2510 τὸ
1166 2459 1330 2530 ἱερόν.
1389 2460 1711 2532 Περιϐαλεῖν
1749 2463 1806 2516 δὲ

221 2548 317 2601 καὶ
350 2547 417 2602 τά
468 2549 810 2621 Ἱεροσόλυμα
831 2551 929 2623 τὴν
958 2549 1114 2604 πόλιν
1143 2552 1368 2623 τείχεσι,
1422 2554 1514 2607 καὶ
1554 2553 1803 2624 πύργοις,

221 2636 320 2690 καὶ
366 2638 614 2710 τάφροις.
676 2643 1040 2714 Οἰκοδομῆσαι
1099 2643 1156 2697 δὲ
1212 2645 1306 2698 καὶ
1337 2643 1581 2714 βασίλεια
1607 2645 1802 2716 ἑαυτῷ.

221 2727 740 2801 Προσαγορευθῆναι
778 2733 836 2787 δὲ
874 2733 1090 2806 πρῶτον
1114 2733 1212 2804 μὲν
1239 2735 1301 2788 τὸ
1330 2734 1628 2806 ἀνάκτορον
1663 2734 1806 2805 ἱερὸν

223 2820 559 2890 Σολομῶνος,
609 2822 836 2895 ὕστερον
867 2825 944 2888 δὲ,
991 2826 1462 2897 παρεφθαρμένως
1508 2827 1605 2898 τὴν
1653 2827 1806 2879 πόλιν

222 2910 335 2965 ἀπὸ
357 2909 450 2963 τοῦ
488 2912 637 2983 ἱεροῦ
682 2913 1034 2985 Ἰερουσαλὴμ
1054 2914 1449 2986 ὀνομασθῆναιο
1483 2915 1587 2969 ὑπὸ
1619 2915 1674 2969 δὲ
1699 2915 1806 2970 τῶν

231 2999 502 3074 Ἑλλήνων
533 3003 870 3075 φερωνύμως
916 3003 1262 3075 Ἱεροσόλυμα
1309 3003 1578 3072 λέγεσθαι.
1612 3005 1806 3058 Συντε-

222 3093 458 3148 λέσαντα
494 3096 552 3148 δὲ
587 3095 648 3149 τὸ
681 3097 823 3169 ἱερὸν
863 3097 958 3150 καὶ
1001 3096 1101 3169 τὴν
1130 3096 1282 3150 πόλιν
1328 3096 1672 3167 τειχίσαντα,
1722 3096 1808 3150 ὲλ-

226 3186 342 3240 θεῖν
367 3188 449 3250 εἰς
469 3185 687 3258 Σηλὼμ,
719 3189 815 3240 καὶ
847 3187 1038 3240 θυσίαν
1095 3186 1175 3258 τῷ
1211 3186 1332 3257 Θεῷ
1368 3189 1449 3250 εἰς
1493 3187 1810 3260 ὁλοκὰρπω-

225 3296 313 3332 σιν
350 3281 740 3349 προσαγαγεῖν,
779 3277 904 3348 βοῦς
932 3278 1157 3349 χιλίους.
1187 3280 1433 3334 Λαϐόντα
1468 3278 1525 3332 δὲ
1552 3279 1648 3351 τὴν
1673 3296 1807 3351 σκη-

220 3374 326 3443 νὴν
359 3374 454 3427 καὶ
485 3373 544 3426 τὸ
581 3373 984 3445 θυσιαστήριον,
1027 3374 1120 3428 καὶ
1145 3373 1216 3428 τά
1255 3373 1424 3444 σκεύη
1446 3414 1462 3439 ,
1503 3373 1540 3427 ἃ
1585 3374 1808 3444 ἐποίησε

226 3465 461 3535 Μωσῆς,
505 3467 584 3528 είς
620 3464 966 3538 Ἱεροσόλυμα
1013 3467 1290 3535 ἐνεγκεῖν,
1353 3466 1449 3520 καὶ
1484 3467 1541 3520 ὲν
1567 3465 1645 3538 τῷ
1676 3465 1810 3537 οἴκῳ

226 3555 423 3610 θεῖναι.
460 3556 571 3610 Kal
613 3557 711 3629 τὴν
766 3557 997 3612 κιϐωτὸν
1026 3558 1083 3611 δὲ
1117 3559 1213 3612 καὶ
1234 3557 1324 3611 τὸν
1353 3556 1536 3629 βωμὸν
1559 3557 1647 3611 τὸν
1674 3575 1809 3629 χρυ-

228 3639 379 3711 σοῦν,
426 3648 520 3700 καὶ
568 3647 666 3720 τὴν
717 3647 970 3720 λυχνίαν,
1009 3649 1103 3703 καὶ
1137 3647 1234 3721 τὴν
1268 3649 1568 3721 τράπεζαν,
1616 3650 1711 3703 καὶ
1742 3648 1812 3702 τὰ

227 3736 364 3792 ἄλλα
421 3738 588 3810 σκεύη
648 3741 766 3793 ἐκεῖ
817 3741 1223 3806 κατατίθεσθαι,
1283 3740 1464 3805 καθὼς
1511 3741 1810 3811 προστάξαι

233 3830 384 3902 αὕτῷ
421 3832 510 3885 τὸν
532 3835 836 3906 προφήτην.
875 3835 1256 3907 Προσαγαγεῖν
1285 3835 1343 3889 δὲ
1374 3835 1450 3906 τῷ
1476 3834 1594 3905 Θεῷ
1621 3834 1811 3888 θυσίαν

234 3923 453 3994 μυρίαν,
487 3923 736 3995 πρόϐατα
767 3925 1020 3996 δισχίλια,
1050 3926 1282 3996 μόσχους
1319 3925 1648 3998 τρισχιλίους
1681 3943 1810 3977 πεν-

231 4016 538 4080 τακοσίους.
593 4016 664 4069 Τὸ
712 4016 768 4069 δὲ
806 4016 1027 4089 σύμπαν
1063 4018 1304 4090 χρυσίον,
1355 4019 1416 4072 τὸ
1445 4021 1523 4080 είς
1548 4019 1674 4081 τοὺς
1719 4019 1812 4074 δύο

238 4107 460 4174 στύλους
510 4111 604 4164 καὶ
651 4111 744 4165 τὸν
773 4111 898 4166 ναὸν
944 4111 1318 4183 καταχρησθὲν
1340 4153 1356 4178 ,
1403 4107 1540 4164 εἶναι
1577 4112 1813 4166 τάλαντα

241 4201 516 4274 μυριάδων
540 4201 637 4268 uE’,
673 4205 752 4267 είς
774 4203 831 4256 δὲ
861 4205 988 4267 τοὺς
1007 4204 1170 4274 ἥλους
1198 4203 1292 4257 καὶ
1324 4203 1422 4274 τὴν
1457 4203 1619 4274 ἄλλην
1652 4221 1813 4261 κατα-

237 4291 438 4363 σκευὴν
467 4293 728 4364 ἀργυρίου
760 4292 996 4347 τάλαντα
1018 4292 1165 4364 χίλια
1208 4293 1455 4347 διακόσια
1495 4309 1814 4364 τριακοντα-

1920 714 2052 766 tedis
2075 729 2142 767 ex
2177 724 2328 783 parte
2351 714 2666 775 constituta.
2691 715 2759 770 ad
2791 716 3068 771 dexteram
3105 715 3249 782 alia,
3291 717 3397 772 alia
3428 717 3499 771 ad

1923 803 2202 858 sinistram
2221 846 2238 870 ,
2261 805 2565 875 additaaque
2584 806 3013 861 auretelucernze
3037 807 3400 877 septuaginta,
3435 817 3497 862 ut

1919 905 2123 965 septem
2193 911 2453 953 accensas
2495 898 2819 954 candelabra
2877 899 3087 971 singula
3139 900 3490 956 sustinerent.

1923 986 2130 1058 Templi
2154 1004 2371 1060 quoque
2401 990 2587 1045 valvas
2620 1005 2755 1046 auro
2777 1000 3108 1062 argentoque
3139 991 3301 1058 texit,
3320 989 3496 1045 forni-

1921 1094 2148 1149 cemque
2185 1079 2418 1150 desuper
2449 1081 2686 1137 cedrinis
2733 1097 2797 1137 ac
2818 1082 3149 1154 cypyessinis
3186 1098 3253 1137 ex
3297 1081 3495 1140 tabulis

1919 1169 2174 1225 sinuavit.
2202 1169 2322 1225 Jam
2368 1172 2434 1226 ad
2475 1169 2952 1243 septentrionalem)
2995 1173 3127 1228 aedis
3159 1180 3368 1242 partem
3408 1173 3496 1227 in-

1918 1272 2130 1334 gentem
2188 1265 2456 1335 porticum
2499 1266 2736 1336 aperuit,
2787 1265 3057 1321 columnis
3095 1266 3250 1321 aereis
3291 1273 3414 1319 octo
3438 1273 3495 1320 et

1918 1357 2277 1427 quadraginta
2342 1355 2640 1412 sull‘ultam.
2723 1357 2958 1413 Labrum
3029 1357 3158 1411 item
3242 1357 3494 1427 adjunxit

1917 1463 2158 1510 aeneum,
2196 1447 2551 1520 longitudinis
2580 1449 2797 1518 quidem
2846 1462 2911 1503 ac
2944 1447 3246 1502 latitudinis
3276 1446 3490 1516 viginti,

1917 1539 2217 1595 altitudinis
2263 1555 2392 1594 vero
2427 1541 2678 1610 quinque
2733 1539 2997 1594 duntaxat
3021 1539 3234 1595 cubitos
3259 1538 3487 1596 habens.

1917 1629 2033 1685 Hoc
2067 1630 2266 1685 limbus
2297 1631 2516 1700 quidam
2543 1631 2780 1686 exterius
2799 1631 2867 1686 ad
2885 1631 3126 1686 cubitum
3156 1646 3326 1686 unum
3350 1632 3489 1684 emi-

1916 1737 2058 1778 nens
2083 1762 2098 1788 ,
2128 1738 2194 1778 ac
2217 1738 2412 1778 versus
2441 1723 2616 1777 basim
2634 1707 3040 1778 circumductus
3066 1723 3361 1787 ambiebat,
3381 1737 3491 1794 quo

1915 1813 2132 1871 facilius
2165 1829 2468 1870 conscenso
2518 1815 2698 1880 labro,
2759 1813 3069 1870 sacerdotes
3114 1815 3312 1884 pedum
3368 1829 3492 1868 ma-

1915 1921 2195 1976 nuumque
2228 1907 2417 1960 sordes
2449 1907 2712 1960 eluerent.
2753 1904 2939 1960 Eidem
2975 1905 3175 1975 gradus
3207 1906 3491 1962 tornatiles

1914 1997 2209 2068 l‘usilesque
2250 1997 2537 2052 duodecim
2559 2037 2574 2062 ,
2599 2013 2722 2053 cum
2749 1998 2898 2068 justa
2929 1998 3168 2054 hominis
3195 1999 3359 2056 unius
3377 2015 3493 2055 ma-

1913 2090 2196 2162 gnitudine
2219 2089 2488 2160 adaequati
2515 2129 2530 2155 ,
2558 2089 2625 2144 ad
2660 2099 2868 2160 partem
2911 2091 3057 2162 illius
3103 2091 3488 2161 posteriorem,

1913 2183 2101 2240 altaris
2124 2197 2252 2239 vero
2275 2183 2552 2238 dexteram
2582 2183 2868 2254 suppositi.
2896 2184 3091 2238 Addita
3131 2184 3354 2254 insuper
3388 2184 3490 2239 ba-

1913 2278 1991 2332 sis
2015 2291 2196 2342 :enea,
2228 2289 2337 2330 non
2365 2275 2553 2346 procul
2579 2291 2608 2329 a
2627 2275 2798 2342 labro,
2823 2277 3108 2331 altitudine
3120 2276 3336 2332 cubitos
3352 2276 3491 2333 duos

1913 2366 2201 2433 obtinens,
2294 2367 2383 2421 cui
2465 2382 2564 2422 rex
2651 2374 2910 2422 oraturus
2979 2367 3288 2432 insisteret,
3379 2381 3491 2437 quo

1913 2456 2127 2511 facilius
2175 2456 2618 2512 acircumstante
2665 2455 2854 2512 Iudaeo
2897 2457 3099 2527 populo
3153 2466 3488 2512 cerneretur.

1911 2546 2072 2620 451
2105 2547 2187 2601 Ad
2215 2547 2331 2602 hazc
2361 2549 2532 2603 altare
2563 2548 2756 2613 erexit,
2803 2549 2964 2618 cujus
3002 2548 3241 2604 ambitus
3276 2548 3492 2604 cubito—

1913 2653 2035 2691 rum
2083 2637 2324 2707 quinque
2360 2645 2414 2692 et
2457 2637 2819 2707 quadraginta
2846 2679 2863 2705 ,
2895 2637 3120 2692 altitude
3173 2651 3301 2693 vero
3351 2638 3491 2694 duo-

1912 2727 2088 2782 decim
2140 2734 2352 2782 tantum
2403 2736 2566 2782 esset.
2615 2725 2930 2790 Postremo,
2985 2729 3219 2784 annulos
3269 2745 3335 2784 ex
3383 2745 3490 2786 aere

1912 2818 2162 2888 geminos
2215 2818 2424 2872 catenis
2470 2818 2766 2888 implicitos
2795 2857 2810 2883 ,
2845 2819 3116 2874 machinis
3159 2820 3486 2890 quibusdam

1912 2924 2078 2977 supra
2107 2908 2292 2978 templi
2334 2905 2610 2979 fastigium
2659 2909 2852 2978 viginti
2900 2909 3101 2965 cubitis
3145 2912 3490 2970 exstantibus

1913 2998 2206 3066 impositis,
2235 3013 2472 3068 quorum
2498 2999 2695 3054 umbra
2723 3001 2777 3054 in
2811 3007 2984 3054 totum
3009 3000 3243 3070 desuper
3271 3003 3488 3059 culmen

1911 3089 2251 3143 incumberet
2275 3107 2289 3144 :
2318 3103 2458 3158 eque
2490 3089 2721 3160 singulis
2747 3091 2949 3145 retibus
2977 3105 3072 3146 seu
3100 3094 3308 3148 catenis
3339 3110 3490 3152 aenea

1911 3179 2301 3244 tintinnabula,
2328 3181 2516 3235 talenti
2540 3182 2742 3251 pondo,
2761 3182 3159 3252 quadringenta
3183 3186 3485 3255 suspendit,

1909 3285 2030 3340 quae
2056 3272 2263 3326 catenis
2292 3273 2586 3328 commotis
2620 3275 2889 3343 impulsa,
2924 3276 3122 3329 tinnitu
3159 3291 3223 3330 ac
3256 3275 3483 3344 strepitu

1909 3362 2159 3418 volucres
2193 3362 2474 3432 abigerent
2501 3401 2516 3426 ,
2567 3379 2636 3418 ne
2665 3363 2750 3418 vel
2800 3363 3102 3421 insiderent
3137 3367 3336 3436 templo
3358 3407 3373 3431 ,
3403 3369 3489 3423 vel

1911 3453 2069 3508 nidos
2119 3453 2175 3507 in
2209 3453 2492 3508 valvarum
2546 3461 2640 3508 aut
2690 3453 3000 3523 porticuum
3053 3456 3310 3512 tabulatis
3355 3473 3490 3513 con-

1911 3552 2203 3608 struerent,
2239 3544 2522 3615 aedemque
2569 3560 2784 3600 sacram
2836 3547 3092 3602 sordibus
3117 3546 3486 3617 inquinarent.

1910 3635 2080 3691 Porro
2115 3637 2288 3706 ipsam
2341 3651 2560 3706 quoque
2602 3635 2990 3708 Hierosolyma).
3031 3639 3221 3693 urbem
3269 3638 3444 3695 muris
3470 3679 3485 3702 ,

1913 3729 2177 3796 turribus,
2210 3729 2486 3799 fossisque
2521 3729 2762 3796 vallavit,
2798 3738 3198 3800 augustamque
3245 3729 3348 3785 slii
3385 3730 3489 3800 ipsi

1912 3821 2116 3891 regiam
2141 3820 2416 3874 excitavit.
2437 3821 2503 3874 At
2532 3819 2768 3889 primum
2790 3821 3009 3890 quidem
3033 3835 3188 3876 sacra
3210 3820 3300 3874 illa
3324 3821 3487 3888 aedes,

1914 3912 2056 3985 ἱερὸν
2081 3911 2412 3982 Σολομῶνος,
2437 3911 2748 3968 Salomonis
2774 3912 3056 3982 templum,
3081 3912 3356 3967 nominata
3373 3920 3488 3979 est;

1913 4005 2108 4060 deinde
2142 4019 2292 4069 vero,
2329 4006 2461 4059 urbs
2489 4005 2604 4075 ipsa
2640 4001 2979 4060 Hierusalem
3000 4045 3016 4071 ,
3051 4013 3307 4074 corrupto
3335 4004 3491 4058 vitia-

1913 4107 2080 4167 toque
2109 4099 2293 4166 templi
2325 4097 2544 4151 nomine
2584 4097 2872 4166 appellata,
2905 4112 3068 4167 quam
3104 4094 3276 4150 Graeci
3305 4107 3488 4166 postea

1916 4188 2346 4260 Hierosolymam
2381 4187 2525 4241 allini
2555 4187 2883 4257 geminoque
2913 4186 3176 4240 vocabulo
3207 4200 3490 4254 nuncupa-

1916 4289 2064 4338 runt.
2095 4280 2211 4335 Rex
2235 4288 2414 4334 autem
2442 4288 2566 4349 post
2599 4279 2860 4346 templum
2893 4277 3240 4343 aediﬁcatum,
3271 4276 3490 4332 urbem-

233 4383 353 4438 δύω
385 4385 586 4455 χαλκοῦ
616 4386 673 4439 δὲ
707 4388 786 4450 είς
814 4386 938 4450 τοὺς
966 4385 1151 4449 κίονας
1179 4385 1272 4439 καὶ
1307 4385 1396 4439 τὸν
1441 4384 1679 4457 λουτῆρα
1716 4387 1810 4439 καὶ

1915 4388 2020 4443 que
2046 4371 2336 4437 munitam,
2369 4367 2648 4423 Selomum
2683 4366 2981 4438 profectus,
3011 4367 3118 4422 Deo
3147 4367 3295 4422 mille
3323 4368 3489 4422 boum

237 4475 334 4546 τὴν
364 4473 524 4528 στοὰν
549 4474 787 4530 τάλαντα
825 4475 994 4547 μύρια
1030 4475 1408 4546 ὀκτακισχίλια
1452 4477 1810 4548 πεντήκοντα..

246 4567 593 4638 ’Δποπέμψαι
622 4567 681 4621 δὲ
712 4568 802 4621 τὸν
840 4568 1129 4638 Σολομῶνα
1162 4568 1258 4626 καὶ
1297 4569 1423 4632 τοὺς
1459 4568 1808 4637 Αἰγυπτίους,

234 4660 328 4715 καὶ
363 4659 490 4723 τοὺς
525 4659 794 4722 Φοίνικας,
831 4658 1095 4722 ἑκάστους
1116 4660 1195 4722 είς
1215 4657 1313 4731 τὴν
1352 4660 1578 4725 ἑαυτῶν,
1599 4659 1812 4729 ἑκάστῳ

238 4749 442 4824 χρυσοῦ
475 4751 691 4816 σίκλους
723 4751 878 4806 δόντα
903 4752 1034 4806 δέκα
1052 4769 1067 4784 ο
1104 4753 1167 4806 τὸ
1196 4753 1255 4806 δὲ
1278 4753 1539 4808 τάλαντον
1563 4749 1702 4806 εἶναι
1732 4753 1814 4806 σί-

239 4845 383 4901 κλον.
421 4845 530 4898 Καὶ
561 4844 640 4916 τῷ
676 4845 774 4916 μὲν
801 4845 1076 4915 Αἰγύπτου
1117 4845 1326 4915 βασιλεῖ
1366 4846 1590 4917 Ούαφρῇ
1631 4845 1811 4900 ἐλαίου

243 4931 516 5003 μετρητὰς
553 4933 798 5005 μυρίους,
827 4932 1285 5002 φοινικοϐαλάνων
1333 4933 1579 5004 ἀρτάϐας
1616 4934 1810 5005 χιλίας,

243 5024 455 5094 μέλιτος
488 5025 546 5078 δὲ
569 5028 764 5096 ἀγγεῖα
792 5026 1006 5090 ἐκατδν,
1036 5026 1127 5081 καὶ
1153 5025 1422 5098 ἀρώματα
1460 5026 1703 5097 πέμψαι*
1737 5026 1815 5097 τῷ

239 5113 294 5166 δὲ
321 5114 556 5184 ὣύρωνι
577 5116 656 5179 είς
683 5115 857 5188 Τῦρον
886 5116 1099 5188 πέμψαι
1131 5117 1223 5169 τὸν
1249 5115 1485 5188 χρυσοῦν
1507 5118 1660 5170 κίονα
1684 5157 1698 5183 ,
1724 5118 1815 5171 τὸν

243 5209 297 5258 ἐν
333 5207 491 5277 Τύρῳ
519 5207 870 5279 ἀνακείμενον
889 5211 947 5262 ἐν
978 5209 1056 5280 τῷ
1094 5207 1224 5281 ἱερῷ
1256 5209 1348 5262 τοῦ
1387 5210 1525 5272 Διός.
1563 5209 1816 5280 Θεόφιλος

242 5297 297 5350 δέ.
323 5315 455 5368 φησι
479 5299 569 5352 τὸν
597 5300 1035 5371 περισσεύσαντα
1058 5301 1255 5372 χρυσὸν
1295 5301 1386 5354 τὸν
1417 5299 1705 5371 Σολομῶνα
1738 5300 1816 5371 τῷ

246 5389 424 5462 Τυρίῳ
457 5390 666 5462 βασιλεί
693 5392 925 5464 «egeat.
966 5392 1068 5446 Τὸν
1096 5393 1172 5458 δὲ,
1207 5394 1390 5447 εἰκόνα
1428 5393 1528 5464 τῆς
1551 5393 1815 5463 θυγατρὸς

247 5481 378 5544 ζῶον
411 5481 750 5553 όλοσώματον
780 5483 1208 5544 κατασκευάσαι,
1243 5482 1336 5536 καὶ
1361 5481 1578 5552 ἔλυτρον
1614 5479 1691 5550 τῷ
1719 5481 1814 5533 άν-

245 5574 447 5644 δριάντι
485 5575 574 5629 τὸν
624 5577 859 5648 χρυσοῦν
906 5577 1059 5632 κίονα
1102 5577 1426 5648 περιθεῖναι.
1478 5575 1708 5644 Ποιῆσαι
1760 5573 1817 5626 δέ

246 5684 404 5738 φησιν
423 5671 449 5723 ὁ
473 5669 786 5742 Εὐπόλεμος
807 5669 900 5725 τὸν
928 5669 1216 5741 Σολομῶνα
1241 5671 1332 5725 καὶ
1363 5667 1596 5734 ἀσπίδας
1609 5671 1814 5740 χρυσᾶς

1919 4464 2302 4518 holocaustum
2343 4459 2542 4515 obtulit
2572 4477 2588 4526 ;
2615 4458 2869 4528 idemque
2898 4459 3267 4528 postmodum,
3320 4467 3374 4512 et
3406 4467 3488 4513 ta-

1914 4555 2291 4616 bernaculum,
2322 4563 2375 4608 et
2405 4568 2580 4620 aram,
2611 4563 2664 4606 et
2689 4550 2957 4622 quidquid
2987 4566 3156 4606 sacra:
3185 4551 3493 4621 supellecti-

1913 4649 1984 4704 lis
1999 4655 2376 4716 comparatum
2397 4660 2428 4702 a
2448 4644 2597 4700 Mose
2613 4642 2810 4708 fuerat,
2831 4659 3036 4709 arcam,
3054 4644 3223 4698 altare
3240 4657 3489 4710 aureum,

1915 4739 2327 4803 candelabrum,
2361 4751 2629 4802 mensam,
2653 4744 2706 4791 et
2733 4734 2999 4806 quidquid
3029 4734 3176 4790 aliud
3207 4732 3329 4798 fuit,
3364 4733 3490 4790 Hie-

1914 4832 2248 4903 rosolymam
2281 4837 2718 4899 comportatum,
2770 4843 2926 4884 sacra
2958 4827 3012 4882 in
3057 4827 3170 4881 aede
3215 4827 3492 4896 propheta:

1909 4925 2069 4996 jussu
2093 4921 2360 4993 reposuit,
2384 4920 2655 4989 simulque
2677 4920 3003 4974 immensum
3029 4917 3138 4973 Deo
3160 4917 3487 4973 sacriﬁcium

1920 5015 2072 5084 fecit,
2107 5015 2304 5070 ovibus
2331 5013 2400 5068 ad
2447 5013 2557 5068 duo
2589 5028 2653 5067 ac
2682 5013 2933 5082 juvencis
2979 5010 3048 5065 ad
3076 5010 3178 5063 tria
3221 5007 3388 5062 millia
3439 5019 3492 5062 et

1916 5110 2213 5181 quingenta
2247 5108 2522 5162 mactatis.
2555 5105 2818 5160 Caeterum
2866 5104 2952 5158 vis
2998 5102 3119 5156 auri
3168 5108 3385 5165 cuncta,
3435 5101 3489 5154 in

1918 5202 2205 5257 columnas
2241 5200 2378 5254 duas
2403 5239 2416 5265 ,
2451 5214 2516 5252 ac
2550 5197 2807 5266 templum
2857 5196 3172 5249 universum
3216 5199 3487 5262 expen$,

1920 5294 2182 5347 talentum
2215 5291 2316 5345 fuit
2365 5291 2690 5361 quadragies
2737 5288 2955 5353 sexies;
3007 5286 3212 5358 argenti
3261 5300 3388 5339 vero
3435 5283 3490 5337 in

1920 5387 2104 5442 clavos
2131 5399 2195 5438 ac
2220 5385 2492 5452 reliquum
2525 5391 2842 5452 apparatum
2863 5421 2878 5445 ,
2906 5381 3263 5434 ducentorum
3300 5392 3364 5432 ac
3393 5376 3491 5430 tri-

1919 5481 2068 5550 ginta
2091 5479 2258 5534 duum
2285 5493 2449 5548 supra
2474 5480 2650 5544 mille;
2675 5478 2798 5532 teris
2823 5475 3076 5543 denique,
3101 5475 3154 5528 in
3183 5487 3488 5536 columnas,

1919 5574 2132 5628 labrum
2162 5583 2214 5627 et
2247 5573 2538 5643 porticum,
2571 5569 2963 5642 quinquaginta
2996 5582 3159 5636 supra
3190 5563 3490 5620 octodecim

1921 5666 2109 5724 millia.
2159 5663 2330 5722 Porro
2383 5662 2666 5735 Egyptios
2718 5677 2780 5718 ac
2823 5660 3150 5726 thnices,
3198 5657 3385 5712 divisis
3433 5655 3490 5710 in
