3856 6224
426 254 534 321 755
1101 258 1373 318 EUSEBII
1403 258 1880 319 CESABIENSIS
1917 261 2067 319 OPP.
2106 262 2290 321 PARS
2323 261 2488 319 ιι.-.
2513 260 3015 320 APOLOGETICA.
3575 268 3689 323 756

431 385 678 460 singulos
708 385 898 444 decem
933 384 1052 440 auri
1090 384 1239 440 siclis
1289 383 1503 453 (siclus
1535 384 1798 439 talentum
1843 392 1960 438 erat

2106 384 2302 455 χιλίας,
2328 378 2405 439 ὧν
2431 386 2674 451 ἑκάστην
2712 384 3082 439 πεντακοσίων
3120 377 3267 439 εἶναι
3281 386 3515 458 χρυσῶν.
3547 388 3692 442 Bub-

422 494 582 535 suam
641 478 699 535 in
752 478 986 550 patriam
1046 476 1305 533 Salomon
1339 477 1570 533 remisit.
1617 475 1698 532 Ad
1744 475 1975 546 Vaphret

2110 493 2200 529 σαι
2227 476 2285 530 δὲ
2318 476 2482 530 αὑτὸν
2506 478 2603 549 ετη
2628 477 2970 548 πεντήκοντα
2998 475 3112 545 δύο,
3139 469 3217 533 ὧν
3231 479 3293 533 tv
3318 479 3511 552 είρήνῃ
3531 478 3691 550 βασι-

423 569 640 644 Egyptl
697 585 876 643 regem
930 570 1036 626 olei
1101 577 1362 625 metretas
1415 569 1483 624 ad
1542 569 1729 624 decem
1785 568 1953 624 millia

2105 565 2294 621 λεῦσαι
2326 566 2420 638 ἔτη
2464 574 2537 640 μ’.
2571 586 2595 622 t

420 662 756 736 dactylorum
783 660 1224 734 Egyptiacarum
1278 664 1498 720 artabas
1549 664 1738 730 mille,
1822 663 1999 718 mellis
2033 676 2162 716 vasa
2214 669 2428 718 centum
2486 677 2609 718 cum
2658 662 3040 731 aromatibus;
3107 662 3175 718 ad
3223 661 3490 721 Suronem
3553 681 3691 724 vero

420 760 730 817 columnam
756 775 980 815 auream
1029 757 1233 834 Tyrum
1276 760 1447 826 misit,
1510 773 1673 832 quam
1722 758 1839 830 ipse
1891 757 2041 813 Jovis
2079 756 2133 811 in
2185 758 2384 829 templo
2446 760 2809 815 consecravit.
2857 757 3019 830 ᾆδε
3102 758 3266 813 Addit
3311 757 3687 831 Theophilus,

421 855 685 927 quidquid
736 855 1006 927 reliquum
1074 870 1141 910 ex
1201 871 1338 911 auro
1382 855 1579 923 luerat,
1616 853 1781 924 Tyrio
1824 855 1935 923 regi
2018 866 2050 906 a
2090 849 2382 909 Salomone
2413 854 2642 910 missum
2694 869 2816 911 esse
2851 872 2865 909 :
2902 853 3055 907 iltum
3103 867 3237 909 vero
3283 853 3409 911 tilia:
3451 856 3688 913 simula-

419 962 576 1002 crum
601 948 870 1019 integrum
899 963 967 1004 ex
997 963 1064 1004 eo
1112 949 1455 1017 conﬂavisse,
1503 949 1793 1019 ipsumque
1847 959 2012 1000 aurea
2050 943 2305 1000 columna
2340 947 2499 1015 quasi
2544 947 2703 1003 theca
2750 956 2806 1003 et
2850 945 3136 1001 involucro
3201 948 3438 1013 quodam
3506 947 3690 1005 inclu-

422 1041 581 1099 sisse.
629 1041 956 1114 Eupolemus
1008 1054 1188 1099 autem
1235 1059 1431 1100 aureos
1474 1051 1735 1115 praeterea
1779 1041 1997 1112 clypeos
2033 1037 2183 1095 mille
2211 1054 2243 1095 a
2295 1039 2588 1098 Salomone
2636 1043 2954 1100 elaboratos
2983 1043 3116 1097 'esse
3165 1043 3346 1109 tradit,
3414 1044 3689 1116 quingen-

421 1148 602 1194 torum
664 1138 909 1211 singulos
968 1154 1311 1206 aureorum;
1375 1139 1737 1209 eumdemque
1791 1134 1995 1190 vixisse
2031 1149 2205 1190 annos
2236 1138 2630 1209 quinquaginta
2696 1140 2856 1206 duos,
2908 1154 2977 1200 ex
3009 1139 3209 1210 quibus
3256 1147 3395 1196 totos
3432 1148 3487 1196 et
3550 1154 3688 1196 con-

417 1233 651 1292 tinentes
676 1234 1041 1307 quadraginta
1067 1251 1280 1291 summa
1312 1236 1364 1290 in
1392 1251 1525 1305 pace
1554 1231 1878 1305 regnaverit.
1919 1248 1940 1283 ι

977 1331 1206 1389 CAPUT
1239 1331 1461 1391 XXXV.

474 1443 553 1500 De
578 1444 972 1518 Hierosolyma,
999 1462 1065 1501 ea:
1094 1445 1427 1518 Timochare,
1457 1444 1760 1518 uthabetur
1784 1442 1962 1498 eodem

863 1517 1002 1572 libro
1024 1518 1087 1571 de
1117 1518 1267 1573 rebus
1289 1516 1551 1571 Antiochi.

408 1674 413 1677 .
488 1626 844 1686 Timochares
891 1630 947 1685 in
973 1645 1155 1684 rerum
1179 1630 1248 1685 ab
1292 1628 1560 1685 Antiocho
1590 1636 1862 1699 gestarum
1885 1626 2000 1681 his-

2618 1322 3023 1379 ΚΕΦΑΛΑῙΟΝ
3054 1319 3173 1375 ΛΕ’.

2107 1435 2489 1517 Τιμοχάρους,
2514 1438 2648 1517 περὶ
2674 1438 2784 1507 τῆς
2801 1437 3229 1517 ξΙερουσαλὴμ,
3258 1434 3377 1517 dm)
3403 1433 3521 1490 τῶν
3544 1433 3683 1503 περὶ

2428 1510 2726 1577 Ἀντιόχου
2754 1509 2864 1579 τῆς
2890 1512 3081 1579 αὐτης
3107 1509 3356 1578 γραφῆς.

2168 1621 2488 1695 Τιμοχάρης
2547 1622 2605 1677 δέ
2644 1641 2811 1695 φησιν
2852 1626 2910 1678 tv
2949 1626 3065 1687 τοῖς
3112 1623 3247 1693 περὶ
3287 1592 3561 1692 ’Δντιόχου
3609 1618 3683 1674 τὰ

418 1720 589 1787 toria,
614 1718 1006 1793 Hierosolyma
1035 1720 1297 1775 ambitum
1316 1717 1675 1790 quadraginta
1700 1717 1975 1773 stadiorun

2111 1714 2458 1787 Ἱεροσόλυμα
2493 1716 2592 1789 τὴν
2617 1717 2717 1789 μὲν
2736 1719 3067 1790 περίμετρον
3116 1717 3263 1789 ἔχειν
3306 1714 3555 1777 σταδίους
3588 1720 3678 1786 μ’·

414 1825 538 1869 esse
593 1811 790 1881 docet;
841 1812 1199 1881 eamdemque
1246 1818 1560 1881 expugnatu
1594 1807 1994 1879 perdiliicilem,

413 1904 615 1975 quippe
648 1919 771 1974 qua:
813 1903 1104 1975 praeruptis
1152 1902 1392 1972 undique
1440 1900 1608 1957 fossis
1654 1899 1997 1968 vallibusque

412 1996 686 2065 cingatur.
726 1996 807 2050 Ad
840 1996 956 2051 haec
976 2033 993 2060 ,
1026 1994 1218 2049 urbem
1251 1995 1562 2050 universam
1594 1993 1750 2063 aquis
1777 1991 1950 2062 perlui
1977 2030 1995 2058 ,

412 2104 650 2159 quarum
676 2086 896 2144 deﬂuxu
925 2087 1073 2142 horti
1105 2086 1311 2157 passim
1341 2102 1535 2143 omnes
1559 2086 1855 2157 irrigentur
1886 2102 1901 2148 ;
1929 2098 1996 2138 ac

416 2179 633 2247 tametsi
683 2180 810 2236 totis
857 2172 1217 2250 quadraginta
1267 2179 1337 2234 ah
1372 2179 1508 2234 urbe
1540 2177 1734 2235 stadiis
1777 2191 1992 2232 summa

416 2288 573 2341 aqua:
598 2272 828 2342 penuria
851 2272 1150 2340 laboretur,
1180 2271 1307 2327 inde
1334 2280 1539 2337 tamen,
1566 2272 1784 2344 riguum
1811 2270 1991 2329 denuo

412 2365 588 2420 solum
607 2379 891 2436 apparere.

954 2455 1185 2511 CAPUT
1216 2454 1458 2513 XXXVI.

748 2568 823 2624 De
848 2571 1049 2638 eadem,
1080 2587 1146 2626 ea:
1185 2588 1418 2627 mensore
1444 2569 1634 2641 Syriae.

476 2678 745 2737 Praeterea
779 2681 827 2738 is
856 2682 949 2754 qui
995 2681 1207 2756 Syriam
1246 2692 1417 2741 totam
1446 2699 1672 2741 mensus
1704 2693 1806 2751 est,
1840 2682 1983 2740 libro

405 2770 588 2844 primo
622 2773 706 2828 sui
736 2774 918 2844 operis
938 2815 956 2842 ,
983 2772 1419 2849 Hierosolymam
1453 2776 1509 2830 in
1541 2774 1713 2830 arduo
1745 2774 1982 2845 quodam

411 2878 715 2935 asperoque
740 2864 875 2936 iugo
909 2865 1271 2936 sitamfuisse
1298 2866 1485 2931 tradit,
1514 2874 1832 2936 partemque
1862 2880 1984 2919 mu-

405 2971 591 3013 rorum
621 2958 864 3029 aliquam
892 2959 1062 3029 polito
1094 2974 1159 3014 ex
1189 2959 1397 3030 lapide,
1430 2959 1731 3013 maximam
1758 2973 1887 3013 vero
1914 2973 1978 3013 ex

2097 1801 2236 1860 είναι
2260 1806 2305 1860 δ’
2338 1807 2508 1879 αὐτὴν
2535 1808 2861 1875 δυσάλωτον,
2898 1809 3161 1863 πάντοθεν
3194 1805 3478 1878 ἀποὸρὦι
3520 1823 3684 1877 περι-

2094 1898 2417 1971 κλειομένην
2444 1900 2734 1973 φάραγξιν.
2762 1901 2931 1972 Ὅλην
2957 1902 3015 1955 δὲ
3052 1902 3151 1973 τὴν
3188 1901 3347 1955 πόλιν
3390 1898 3546 1952 ὕδασι
3575 1914 3684 1951 κα-

2092 1991 2432 2063 ταρρεῖσθαι,
2468 1991 2608 2046 ὥστε
2644 1994 2738 2047 καὶ
2762 1994 2888 2059 τοὺς
2913 1996 3123 2065 κήπους
3149 1994 3214 2048 ὲκ
3242 1993 3363 2046 τῶνκ
3378 1990 3684 2061 ἀπορρεόν-

2091 2098 2200 2136 των
2231 2082 2437 2137 ὑδάτων
2457 2085 2521 2139 ὲκ
2556 2085 2654 2157 τῆς
2677 2086 2883 2150 πόλεως
2906 2086 3163 2158 ἄρδεσθαι
3182 2103 3195 2116 ·
3230 2084 3328 2158 τὴν
3364 2083 3425 2138 δὲ
3469 2081 3681 2152 μεταξῦ

2093 2175 2202 2230 ἀπὸ
2237 2175 2334 2246 τῆς
2365 2177 2572 2241 πόλεως
2593 2179 2720 2250 ἄχρι
2755 2181 3161 2251 τεσσαράκοντα
3190 2178 3417 2232 σταδίων
3445 2175 3683 2231 ἄνυδρον

2093 2264 2261 2323 εἶναι’
2287 2267 2397 2323 ἀπὸ
2420 2267 2476 2325 δὲ
2494 2270 2603 2324 τῶν
2639 2268 2692 2343 μ’
2720 2270 2946 2325 σταδίων
2986 2270 3150 2325 πάλιν
3175 2269 3440 2340 κάθυδρον
3488 2266 3679 2338 ιῖπάρ-

2089 2380 2227 2435 χειν.
2592 2453 2988 2509 ΚΕΦΛΔΑῘΟΝ
3020 2452 3160 2521 Aq’.

2120 2564 2233 2621 Τοῦ
2258 2564 2367 2635 τῆς
2391 2569 2613 2636 Συρίας
2643 2565 3097 2637 σχοινομέτρου,
3126 2564 3258 2635 περὶ
3282 2562 3393 2632 τῆς
3421 2560 3640 2632 αὐτῆς.

2195 2676 2255 2731 '0
2290 2678 2347 2731 δὲ
2378 2679 2475 2750 τῆς
2513 2678 2714 2750 Συρίας
2756 2677 3143 2750 σχοινομέτρης
3192 2675 3428 2749 γράψας,
3481 2675 3542 2727 tv
3597 2676 3671 2746 τῇ

2086 2767 2281 2842 πρώτῃ
2330 2770 2465 2840 φησὶ
2517 2770 2729 2824 κεῖσθαι
2774 2770 3123 2840 Ἱεροσόλυμα
3163 2767 3258 2822 ἐπὶ
3297 2764 3574 2838 μετεώρου
3605 2783 3672 2819 τε

2085 2860 2180 2913 καὶ
2206 2861 2452 2931 τραχέως
2477 2860 2646 2915 τόπου
2666 2878 2681 2892 ·
2712 2860 3093 2933 ᾠκοδομῆσθαι
3132 2859 3191 2913 δέ
3223 2875 3346 2912 τινα
3391 2859 3488 2930 μὲν
3520 2858 3666 2929 μέρη

2082 2950 2179 3015 τοῦ
2201 2951 2437 3021 τείχους,
2468 2951 2579 3005 ἀπὸ
2601 2951 2751 3005 λίθου
2776 2949 2986 3016 ξεστοῦ,
3020 2949 3089 3004 τὰ
3105 2950 3164 3003 δὲ
3191 2948 3412 3004 πλείονα
3435 2947 3543 3002 ἀπὸ
3565 2949 3670 3018 χά-

404 3048 558 3104 silice
591 3049 942 3105 constitisse:
993 3049 1234 3120 itemque
1283 3050 1434 3106 urbis
1485 3049 1748 3104 ambitum
1806 3050 1975 3105 stadia

2095 3042 2234 3106 λικος
2259 3059 2273 3072 ·
2310 3043 2405 3096 καὶ
2426 3042 2571 3114 ἔχειν
2606 3043 2705 3115 τὴν
2731 3043 3065 3116 περίμετρον
3086 3042 3185 3114 τὴν
3232 3041 3385 3096 πόλιν
3429 3040 3669 3095 σταδίων

404 3147 610 3209 septem
633 3153 697 3195 ac
716 3139 911 3211 viginti
955 3140 1202 3197 obtinere
1226 3159 1240 3195 :
1273 3140 1339 3195 ad
1362 3148 1666 3195 extremum
1692 3141 1881 3196 eodem
1915 3156 1975 3196 ex

2095 3132 2168 3198 κζ’
2186 3151 2199 3163 ·
2235 3134 2501 3205 ὑπάρχειν
2532 3134 2590 3188 δὲ
2622 3136 2718 3189 καὶ
2746 3135 2928 3207 πηγὴν
2953 3137 3011 3188 tv
3039 3132 3115 3205 τῷ
3141 3133 3349 3204 χωρίῳ,
3392 3132 3537 3205 ὕδωρ
3561 3131 3667 3188 δα-

404 3229 527 3286 loco
542 3230 744 3286 fontem
778 3245 974 3302 magna
993 3247 1147 3303 aquae
1164 3233 1215 3287 vi
1235 3232 1619 3288 scaturientem
1635 3233 1917 3289 exsistere.

932 3341 1165 3399 CAPUT
1188 3343 1454 3420 xxxv".

445 3434 526 3490 De
552 3451 704 3506 aquis
727 3435 857 3507 ipsis
880 3452 997 3506 qua
1022 3446 1145 3492 sunt
1179 3436 1580 3508 Hierosolymis,
1609 3454 1674 3493 ea:
1698 3437 1942 3494 Philone.

471 3546 733 3619 Ejusdem
747 3548 1120 3620 :scaturiginis
1145 3549 1303 3606 Philo
1341 3550 1506 3607 etiam
1537 3552 1787 3608 meminit
1812 3552 1867 3608 in
1887 3552 1977 3621 iis,

402 3655 544 3712 quos
569 3642 634 3697 de
653 3640 1024 3712 Hierosolyma
1049 3640 1213 3713 553
1239 3642 1585 3714 conscripsit,
1611 3645 1784 3710 libris,
1811 3661 1978 3716 quam

404 3733 584 3788 hieme
608 3746 886 3802 arescere,
916 3748 982 3789 ac
1028 3749 1250 3789 rursum
1284 3743 1473 3791 aestate
1502 3735 1736 3792 ubertim
1786 3735 1976 3804 ﬂuere,

400 3822 542 3879 libro
572 3824 749 3895 primo
779 3824 925 3879 hunc
951 3823 1008 3879 in
1042 3824 1263 3880 modum
1290 3826 1509 3891 cecinit,

387 3932 636 4005 :Desuper
660 3933 896 3990 allabens
924 3950 1058 3989 nova
1089 3943 1199 4010 tum
1228 3937 1493 4010 miracula
1521 3938 1650 4010 vidi.

942 4022 1047 4072 qua
1086 4005 1202 4073 fons
1225 4006 1517 4060 uberrimus
1544 4008 1714 4061 undas

396 4074 606 4145 Egerit,
636 4084 793 4146 atque
821 4076 969 4130 sinus
997 4075 1179 4145 implet
1210 4076 1500 4147 ductusque
1524 4078 1841 4147 profundos,

396 4175 452 4222 et
479 4181 602 4237 qua:
660 4175 965 4237 sequuntur
995 4181 1010 4219 :
1043 4168 1245 4238 quibus
1286 4168 1354 4225 de
1385 4168 1536 4225 ﬂuxu
1569 4170 1688 4241 ejus
1736 4171 1974 4241 pleniore

396 4257 698 4329 subiungit,

395 4368 611 4444 ticilicet
631 4386 697 4444 ea:
722 4371 833 4425 alto
865 4372 1144 4429 decurrens
1171 4374 1359 4430 vertice
1388 4376 1592 4444 ﬂuxus,

394 4439 468 4511 Et
496 4441 692 4511 pluviis
719 4458 950 4497 crescens
984 4444 1209 4511 nivibus,
1232 4445 1329 4499 sub
1364 4439 1596 4500 turribus
1627 4445 1754 4501 altis

410 4509 662 4584 Volvitur,
692 4522 739 4565 et
760 4513 899 4567 sicco
927 4509 1235 4584 languentia
1256 4515 1464 4584 pulvere
1483 4518 1687 4569 circum

391 4582 535 4635 Arva
567 4581 771 4653 rigans,
799 4584 983 4637 viridis
1007 4581 1268 4640 miracula
1295 4587 1481 4646 pandit
1509 4587 1759 4654 amictus,

391 4704 446 4749 et
479 4693 711 4765 reliqua.
768 4693 1025 4766 Idemque
1072 4710 1269 4750 rursus
1298 4694 1367 4752 de
1414 4696 1617 4751 summi
1668 4695 1968 4755 sacerdotis

390 4796 507 4841 tum
537 4784 684 4842 fonte
731 4795 847 4842 tum
882 4802 1037 4859 aqua:
1061 4787 1226 4844 ductu
1252 4805 1268 4842 :

390 4981 583 5111 gnua:
610 4984 826 5040 humum
859 4986 1103 5057 lymphas
1125 4988 1323 5043 multus
1352 4989 1575 5046 sublime
1591 4992 1794 5047 canalis

439 5072 546 5111 aeri
577 5097 591 5111 .

439 5072 591 5127 gem.

385 5169 455 5225 Et
500 5178 699 5229 caetera
731 5187 854 5243 quae
901 5170 1080 5228 fusius
1115 5171 1210 5229 ille
1240 5174 1606 5245 persequitur.
1643 5173 1847 5234 Verum
1888 5192 1958 5235 ex

382 5262 695 5321 Alexandro
721 5263 1063 5335 Polyhistore
1090 5265 1374 5322 hactenus.

900 5375 1131 5432 CAPUT
1163 5376 1451 5433 XXXVIII.

826 5466 906 5522 De
926 5468 1132 5536 iisdem,
1159 5486 1225 5524 ea:
1249 5471 1496 5525 Aristwo.

826 5514 904 5522 _-
926 5514 1055 5523 η---
1078 5514 1132 5536 η,
1159 5514 1223 5524 ν..
1249 5514 1496 5525 .-..,...-.

339 5514 347 5576 Ι
454 5555 717 5613 Aristaeus
768 5567 973 5627 autem,
1013 5561 1067 5615 in
1102 5576 1204 5627 eo,
1239 5576 1401 5630 quem
1449 5562 1517 5618 de
1548 5560 1787 5621 Iudaica
1818 5563 1953 5636 legis

2082 3223 2236 3294 ψιλὲς
2269 3225 2705 3292 ἀναϐλύζουσαν.

2593 3338 2994 3394 ΚΕΦᾹΛΑΙΟΝ
3025 3337 3151 3395 AZ'.

2157 3434 2443 3499 Φίλωνος,
2480 3432 2615 3501 περὶ
2635 3430 2755 3486 τῶν
2778 3432 2849 3486 ὲν
2882 3433 3313 3504 Ἰεροσολύμοις
3333 3428 3589 3486 ὑδάτων.

2148 3545 2285 3617 Φησὶ
2314 3545 2373 3599 δὲ
2396 3546 2426 3598 ὁ
2448 3544 2621 3599 Φίλων
2647 3545 2705 3597 ὲν
2732 3547 2844 3608 τοῖς
2882 3545 3014 3613 περὶ
3059 3546 3491 3615 Ἰεροσολύμων
3523 3544 3666 3617 χρὴ-

2077 3655 2177 3709 νην
2205 3634 2372 3692 εῖναν
2398 3634 2602 3706 ταύτην
2634 3635 2691 3689 δὲ
2716 3636 2772 3690 tv
2801 3635 2900 3706 μὲν
2918 3634 2996 3707 τῷ
3016 3635 3244 3706 χειμῶνι
3275 3636 3340 3708 Er;
3352 3635 3661 3704 ραίνεσθαι.

2080 3730 2139 3783 tv
2165 3728 2223 3782 δὲ
2261 3727 2339 3799 τῷ
2369 3727 2519 3801 θέρει
2548 3724 2926 3799 πληροῦσθαι.
2980 3726 3145 3795 Λέγει
3178 3726 3235 3781 δὲ
3258 3728 3316 3780 tv
3361 3729 3432 3799 τῇ
3463 3724 3669 3801 πρώτῃ

2074 3821 2247 3886 οὕτως
2262 3839 2278 3853 ο

2074 3938 2416 4006 Νηχόμενος
2447 3936 2500 3989 δ’
2537 3936 2833 4006 ἐφύπερθε
2853 3936 2917 3989 τὸ
2945 3936 3398 4005 θαμϐηέστατον
3427 3933 3586 4006 ἇτιλο

2078 4003 2411 4075 Δέρκηθρον
2441 4003 2791 4074 σὺν’ἀοιδᾷ,
2816 4003 3235 4076 μεγισέούχοιο
3257 4003 3525 4071 λοετροῖς

2087 4077 2396 4146 Ῥεὐματος
2415 4077 2751 4146 ἐμπίπλησι
2777 4077 2980 4141 ,βαθὺν
2996 4079 3146 4145 ῥόον
3175 4076 3546 4140 ἐξανιείσης·

2075 4168 2169 4220 καὶ
2202 4166 2271 4221 τὰ
2302 4167 2428 4238 ἑξῆς
2447 4185 2459 4198 ·
2488 4163 2567 4233 οἷς
2597 4167 2760 4222 πάλιν
2786 4169 3017 4236 ὑποϐὰς,
3038 4170 3165 4241 περὶ
3190 4168 3288 4239 τῆς
3321 4165 3664 4239 πληρώσεως

2075 4258 2315 4329 ἐπιλέγει
2330 4276 2347 4292 ο

2086 4371 2293 4445 Ῥεῦμα
2315 4372 2425 4442 γὰρ
2446 4373 2845 4443 ὑψιφάεννον,
2872 4375 2942 4429 ἐν
2971 4377 3189 4444 ὐετίοις
3219 4374 3554 4445 νιφετοῒσιν

1999 4428 2047 4485 Ῑ)
2084 4428 2356 4518 Ἰέμὲνοῇ,
2383 4428 2743 4518 ἓτολῶᾗῃθὲςξ,
2762 4428 3318 4518 θόρξίνοῗςνίθθ)

2072 4511 2433 4586 Στρωφᾶζαι,
2461 4511 2560 4586 καὶ
2584 4513 2737 4583 frma
2758 4511 2914 4586 πέδῳ
2942 4511 3319 4586 κέκόνίμένα,
3350 4511 3585 4586 κρήνης

2075 4581 2353 4653 Τηλεφαῆ
2378 4581 2693 4638 δείκνυσιν·
2723 4584 3021 4653 ὑπέρτατα
3058 4581 3281 4657 θάίιόεα
3299 4581 3486 4654 λαῶιλ,

2078 4691 2172 4746 καὶ
2204 4694 2274 4748 τὰ
2297 4692 2507 4758 τούτοις
2551 4695 2841 4750 ἀκόλουθα.
2873 4693 3005 4752 Εἶτα
3040 4698 3202 4752 πάλιν
3240 4701 3368 4772 περὶ
3404 4698 3507 4768 τῆς
3552 4700 3655 4755 tot?

2067 4784 2366 4859 ἀρχιερέως
2396 4786 2606 4858 κρήνης
2651 4787 2745 4841 καί
2786 4791 2887 4860 τῆς
2934 4790 3341 4860 ὰποχετεύσεως
3395 4789 3655 4859 διέξεισιν

2063 4877 2237 4943 οὕτως
2254 4894 2271 4910 ·

2060 4958 2236 5115 ἐς
2251 4989 2304 5043 δ’
2331 4989 2424 5060 ἄρ’
2451 4990 2781 5046 έκπτύουσι
2816 4990 2917 5046 διὰ
2937 4992 3156 5062 χθονὸς
3190 4993 3541 5064 ὑδροχόοισι

2198 5076 2363 5115 πνεο.

2198 5076 2363 5130 ηνες.

2061 5172 2172 5225 Καὶ
2202 5173 2302 5226 ὅσα
2325 5171 2461 5227 ἄλλα
2478 5174 2690 5241 τούτοις
2711 5175 2925 5257 ἕπεται.
2943 5176 3197 5233 Τοσαῦτα
3227 5179 3327 5249 μὲν
3357 5176 3425 5250 δὴ
3448 5177 3523 5233 τὰ
3538 5180 3655 5236 ἀπὸ

2059 5262 2169 5317 τῶν
2206 5262 2554 5338 Ἀλεξάνδρου
2592 5266 2685 5321 τοῦ
2732 5266 3112 5340 Πολυΐστορος.

2570 5379 2971 5434 ΚΕΦΑΔΑΙΟΝ
2998 5380 3129 5434 ΑΠ’.

2393 5469 2745 5537 Ἀρισταίου,
2772 5473 2906 5541 περὶ
2940 5471 3060 5527 τῶν
3081 5473 3301 5529 αὐτῶν.

2122 5562 2259 5634 Περὶ
2302 5559 2361 5615 δὲ
2395 5560 2503 5616 τῶν
2541 5563 2601 5620 tv
2657 5566 2725 5638 τῇ
2794 5563 3147 5638 Ἰερουσαλὴμ
3202 5565 3411 5623 ὑδάτων
3464 5569 3559 5625 καὶ
3613 5570 3647 5625 ὀ

454 5694 569 5766 (90)
622 5698 928 5769 Ὀρεινοῖς,
972 5711 1078 5758 etc.
1125 5701 1286 5761 Forte
1325 5704 1607 5773 legendum
1642 5705 1777 5761 ὑπαὶ
1815 5706 1975 5780 πύργι

2122 5703 2366 5779 ὀρεινοῖς.
