3856 6224
275 134 400 193 Ἲ57

1438 135 1764 194 ΡΒᾹῦΡΔΒ.
1804 139 2056 196 EVANG.
2094 141 2220 197 LIB.
2262 142 2350 198 IX.

3447 145 3548 201 758

297 258 610 331 Ἀρισταῖος
639 256 696 309 ὲν
718 254 796 326 τῷ
820 257 1083 327 γραφέντι
1109 255 1261 328 αὐτῷ
1280 254 1474 330 βιϐλίῳ
1505 261 1633 331 περὶ
1655 261 1752 330 τῆς
1779 263 1871 333 ἐρ-

1981 263 2416 332 interpretatione
2441 261 2787 332 conscripsit,
2820 260 2887 317 de
2916 261 3074 332 aquis
3099 261 3206 316 illis
3233 261 3548 335 Hierosoly‘

289 349 522 422 μηνείας
551 347 646 401 τοῦ
669 349 778 402 τῶν
817 349 1086 403 Ἰουδαίων
1114 350 1280 421 νόμου
1309 349 1482 404 ταῦτα
1505 353 1728 421 ἱστορεῖ·
1754 370 1771 403 ι
1815 354 1876 406 Ὁ

283 440 344 494 δὲ
380 435 529 503 οἶκος
582 438 882 492 ἀποϐλέπει
917 439 1054 510 πρὸς
1104 439 1206 510 ήῶ,
1255 439 1325 494 τὰ
1381 440 1424 493 δ’
1462 441 1684 495 ὀπίσθια
1711 444 1874 496 αὑτοῦ

287 530 431 603 πρὸς
459 531 718 602 ἑσπέραν.
746 529 818 582 Τὸ
849 531 904 584 δὲ
943 532 1052 584 πᾶν
1082 531 1279 600 ἔδαφος
1318 531 1677 603 λιθόστρωτον
1744 533 1877 588 καθ-

286 623 514 695 έστηκε,
559 624 652 675 καὶ
673 622 913 694 κλίματα
958 623 1097 695 πρὸς
1146 625 1272 687 τοὺς
1299 623 1640 694 καθήκοντας
1678 626 1878 690 τόπους

285 713 404 785 ἔχει
432 715 534 784 τῆς
568 713 675 766 τῶν
701 713 908 766 ὑδάτων
941 714 1204 784 ἐπιρροῆς
1231 713 1439 777 ἕνεκεν,
1471 716 1503 786 ἢ
1548 715 1754 784 γίνεται
1789 716 1875 769 διὰ

283 805 390 877 τὴν
440 804 638 876 σμῆξιν
668 804 779 856 τῶν
808 805 914 858 ἀπὸ
937 804 1044 858 τῶν
1096 803 1296 858 θυσιῶν
1346 806 1624 876 αἱμάτων
1684 806 1876 862 πολλαὶ

284 900 400 971 γάρ
435 898 691 970 μυριάδες
713 897 925 969 κτηνῶν
942 898 1305 968 προσάγονται
1331 899 1474 952 κατὰ
1502 899 1600 963 τάς
1619 900 1726 954 τῶν
1757 902 1876 972 ἐορ-

282 994 400 1047 τῶν
437 993 671 1064 ἡμέρας.
704 992 934 1055 ’Ύδατος
960 991 1016 1044 δὲ
1055 991 1407 1055 ἀνέκλειπτός
1434 992 1550 1045 ἐστι
1594 992 1871 1057 σύστασις,

286 1087 369 1150 ὡς
394 1086 462 1140 ἂν
496 1085 589 1139 καὶ
613 1085 796 1155 πηγῆς
817 1083 1018 1137 ἔσωθεν
1061 1083 1398 1156 πολυρῤύτου
1441 1083 1686 1153 φυσικῶς
1721 1085 1877 1155 ἐπιρ-

288 1176 544 1248 ρεούσης,
578 1177 732 1230 ἔτιδὲ
765 1175 1086 1246 θαυμασίων
1114 1177 1207 1230 καὶ
1238 1175 1546 1247 ἀδιηγήτων
1569 1177 1874 1248 ύποδοχέων

287 1269 648 1341 ὑπαρχόντων
677 1268 780 1321 ὑπὸ
803 1269 928 1338 γῆν,
958 1267 1140 1331 καθὼς
1170 1268 1483 1338 ὲπέφαινον,
1537 1269 1698 1322 πέντε
1745 1285 1873 1323 στα-

285 1361 419 1414 δίων
449 1359 711 1414 κυκλόθεν
741 1359 842 1429 τῆς
871 1359 1013 1412 κατὰ
1045 1360 1104 1412 τὸ
1156 1359 1299 1430 ἱερὸν
1330 1359 1656 1428 καταϐολῆς,
1692 1361 1785 1414 καὶ
1813 1362 1876 1414 ἐκ

285 1450 804 1523 τούτων’σύριγγας
853 1450 1190 1524 ἀναρίθμους
1251 1451 1372 1504 καθ’
1418 1451 1647 1505 ἕκαστον
1711 1451 1875 1523 μέρος

287 1544 514 1608 ἑαυταῖς
560 1544 943 1598 συναπτόντων
992 1544 1101 1596 τῶν
1156 1544 1461 1615 ῥευμάτων.
1523 1544 1635 1597 Καὶ
1697 1543 1873 1598 ταῦτα

1979 355 2181 410 mitana
2213 356 2347 410 urbe
2396 355 2690 411 ﬂuentibus
2727 356 2802 409 ita
2856 366 3084 408 narrat:
3143 372 3161 406 ι
3219 352 3501 424 Templum
3527 399 3543 424 ,

1979 449 2175 518 inquit,
2208 465 2236 503 a
2272 448 2451 502 fronte
2481 458 2660 503 ortum
2690 488 2706 514 ,
2749 463 3007 504 occasum
3041 463 3071 502 a
3119 456 3271 518 tergo
3317 457 3542 516 spectat.

1980 539 2168 592 Solum
2216 539 2336 607 ejus
2388 539 2702 594 universum
2753 539 2931 608 lapide
2975 545 3202 593 stratum
3231 578 3246 605 ,
3297 538 3548 604 idemque

1977 629 2141 683 certis
2171 638 2225 683 et
2252 631 2572 698 opportunis
2606 631 2660 684 in
2704 631 2839 686 locis
2882 631 3161 698 declivius,
3194 648 3303 704 quo
3331 633 3548 691 facilius

1977 736 2133 790 aquae
2162 722 2478 787 decurrant,
2515 723 2716 791 quibus
2748 724 2816 778 ad
2850 723 3269 794 abstergendum
3299 727 3549 781 victima-

1977 828 2100 866 rum
2149 814 2466 883 sanguinem
2518 816 2886 883 pavimentum
2937 817 3111 886 prolui
3157 831 3379 871 necesse
3422 825 3545 880 est,

1975 902 2119 971 quod
2151 903 2318 956 multa
2354 918 2612 972 pecorum
2642 904 2810 958 millia
2833 905 3027 962 diebus
3063 905 3214 962 festis
3261 906 3548 960 immolen-

1977 1001 2084 1045 tur.
2125 994 2204 1046 'Ac
2243 993 2499 1062 perennis
2545 994 2763 1063 quidem
2815 1004 3100 1065 propterea
3147 1005 3231 1051 est
3280 1011 3546 1064 aquarum

1975 1081 2245 1150 ejusmodi
2281 1082 2361 1136 vis
2395 1092 2556 1152 atque
2587 1083 2866 1151 collectio,
2896 1084 3041 1153 quod
3072 1100 3195 1138 cum
3225 1100 3292 1139 ex
3325 1085 3548 1141 interio—

1975 1173 2128 1227 ribus
2164 1173 2265 1227 soli
2302 1173 2607 1230 visceribus
2633 1217 2648 1241 ,
2680 1174 2802 1230 fons
2850 1175 3068 1244 quidam
3116 1176 3447 1241 uberrimus,
3483 1191 3547 1231 ac

1976 1265 2242 1334 plurimas
2270 1275 2451 1322 sectus
2479 1268 2533 1321 in
2577 1282 2760 1334 venas,
2791 1284 2855 1323 eo
2885 1269 3005 1322 loco
3031 1269 3216 1323 nativo
3259 1283 3421 1324 cursu
3457 1268 3545 1321 in-

1980 1356 2152 1424 ﬂuat;
2191 1369 2305 1412 tum
2334 1374 2464 1412 vero
2509 1360 2784 1415 mirabiles
2815 1370 3074 1430 praeterea
3118 1360 3255 1427 tubi,
3290 1360 3548 1428 omnique

1977 1452 2227 1506 oratione
2273 1453 2508 1522 majores
2551 1454 2652 1508 sub
2701 1465 2897 1508 terram
2948 1453 3210 1508 elaborati
3256 1453 3396 1519 sint,
3428 1452 3543 1521 qui,

1976 1551 2242 1612 quantum
2265 1559 2330 1598 ex
2360 1545 2480 1600 visu
2510 1546 2780 1616 conjicere
2807 1547 2950 1613 licet,
2975 1546 3214 1616 quinque
3243 1544 3545 1600 stadiorum

285 1635 469 1690 πάντα
497 1635 946 1707 μεμολυϐδῶσθαι
979 1635 1098 1688 κατ’
1131 1635 1358 1704 ἐδάφους
1388 1636 1481 1688 καὶ
1511 1635 1619 1688 τῶν
1641 1637 1834 1706 τοίχων
1853 1653 1866 1667 ·

1981 1635 2124 1690 circa
2161 1637 2342 1706 templi
2374 1637 2573 1692 molem
2605 1655 2797 1710 gyrum
2843 1639 3096 1702 eﬂiciant,
3125 1653 3190 1693 ex
3223 1636 3422 1707 quibus
3461 1636 3544 1688 in-

281 1728 386 1781 ἐπὶ
430 1728 489 1781 δὲ
526 1727 733 1781 τούτων
787 1723 1048 1796 κεχύσθαι
1108 1726 1245 1780 πολὺ
1300 1726 1502 1798 πλῆθος
1555 1726 1869 1793 κονιάσεως,

286 1815 528 1886 ἐνεργῶς
551 1815 932 1888 γεγενημένων
959 1815 1231 1869 ἁπάντων.
1271 1835 1289 1868 ›

288 1925 374 1973 tes
412 1925 724 1988 egerantur.
757 1917 933 1988 Atque
965 1917 1082 1972 hare
1117 1915 1326 1982 omnia,
1361 1915 1558 1986 partim
1626 1915 1693 1970 ad
1739 1916 2128 1987 pavimentum,
2178 1919 2375 1988 partim
2425 1918 2491 1973 ad
2554 1919 2700 1988 ipsos
2745 1933 2961 1987 quoque
3028 1917 3260 1986 parietes
3290 1953 3305 1978 ,

1979 1727 2345 1782 numerabiles
2379 1727 2544 1801 454
2574 1730 2763 1785 ﬁstulae
2806 1731 2873 1784 ad
2906 1731 3074 1784 latera
3106 1726 3321 1798 singula
3344 1725 3545 1795 produ-

1980 1826 2197 1887 cantur,
2225 1822 2427 1890 quibus
2454 1837 2608 1892 aqua:
2634 1823 2888 1877 omnibus
2917 1838 2981 1877 ex
3009 1821 3253 1891 partibus
3273 1817 3543 1873 conﬂuen-

3380 1925 3543 1981 opere

279 2008 627 2079 plumbario,
663 2008 842 2066 infusa
886 2009 1123 2080 desuper
1177 2008 1232 2061 vi
1291 2024 1488 2080 magna
1542 2010 1727 2077 calcis,
1795 2009 2183 2079 adbatrescere,
2251 2013 2494 2083 adeoque
2517 2013 2779 2083 singulari
2809 2022 2862 2067 et
2889 2019 3144 2067 accurata
3170 2007 3404 2080 quadam
3425 2011 3542 2060 arte

286 2115 544 2162 constare
572 2105 782 2162 scribit.
816 2125 836 2158 ι

805 2197 1200 2252 ΚΕΦΑΛΑΙΟΝ
1227 2197 1349 2254 ΔΘ’.

395 2309 779 2380 Εὐπολέμου,
801 2310 934 2378 περὶ
980 2310 1254 2380 Ἰερεμίου
1291 2311 1398 2365 τοῦ
1425 2309 1754 2378 προφήτου.

371 2425 494 2478 Ἐπὶ
517 2426 770 2490 τούτοις,⁷
804 2425 898 2479 καὶ
940 2425 1040 2496 τῆς
1095 2425 1358 2496 Ἱερεμίου
1395 2427 1730 2498 προφητείας
1773 2426 1866 2479 τοῦ

284 2517 649 2590 Πολυΐστορος
678 2518 896 2590 μνήμην
923 2517 1315 2588 πεποιημένου,
1362 2519 1514 2589 ἡμᾶς
1558 2519 1871 2589 ἀποσιωπῆ-

290 2627 381 2663 σαι
413 2609 619 2681 ταύτην
649 2611 866 2674 πάντων
899 2611 965 2663 ἂν
1007 2610 1090 2680 εἴη
1124 2609 1604 2681 παραλογώτατον.
1653 2610 1872 2664 Κείσθω

286 2701 467 2756 τοίνυν
503 2704 602 2756 καὶ
631 2703 796 2773 αὕτη·
839 2720 858 2754 ι
885 2697 1020 2756 Εἶτα
1057 2703 1334 2773 Ἰωακείμ.
1373 2702 1696 2756 Ἐπὶτούτου
1739 2719 1876 2774 προ-

287 2793 557 2866 φητεῦσαι
602 2796 870 2867 Ἰερεμίαν
895 2795 988 2848 τὸν
1013 2797 1318 2866 προφήτην.
1368 2794 1570 2850 Τοῦτον
1590 2835 1605 2860 ,
1644 2796 1748 2849 ὑπὸ
1779 2795 1872 2849 τοῦ

286 2887 426 2942 Θεοῦ
463 2889 859 2954 ἀποσταλέντα,
910 2888 1237 2943 καταλαϐεῖν
1275 2889 1402 2952 τοὺς
1458 2889 1741 2952 Ἰουδαίους
1781 2888 1875 2942 θυ-

289 2980 587 3046 σιάζοντας-
611 2980 814 3052 εἰδώλῳ
841 2980 1045 3051 χρυσῷ,
1080 2974 1125 3049 ᾧ
1154 2976 1294 3035 εἶναι
1335 2981 1506 3054 ὄνομα
1539 2981 1704 3036 Βάαλ.
1740 2981 1877 3036 Τοῦ-

287 3093 382 3129 τον
410 3075 465 3128 δὲ
498 3076 678 3139 αὐτοῖς
725 3075 822 3146 τὴν
859 3077 1162 3146 μέλλουσαν
1197 3078 1426 3148 ἀτυχίαν
1469 3076 1730 3148 δηλῶσαι.
1770 3076 1874 3130 Τὸν

286 3167 347 3222 δὲ
383 3169 639 3239 Ἰωακεὶμ
676 3168 853 3233 ζῶντα
900 3169 1062 3223 αὐτὸν
1099 3169 1454 3224 ἐπιϐαλέσθαι
1495 3169 1872 3223 κατακαῦσαιο

287 3259 383 3312 τὸν
406 3259 463 3314 δὲ
495 3260 661 3329 φάναι
703 3262 817 3323 τοῖς
861 3261 1036 3327 ξύλοις
1078 3260 1289 3324 τούτοις
1342 3260 1703 3324 Βαϐυλωνίοις
1746 3261 1872 3328 ὀψο-

291 3352 562 3422 ποιήσειν,
597 3351 691 3405 καὶ
716 3352 946 3423 σκάψειν
978 3353 1079 3416 τάς
1106 3352 1200 3405 τοῦ
1231 3352 1482 3422 Τίγριδος
1523 3353 1616 3406 καὶ
1650 3352 1872 3423 Εὐφρά-

290 3459 387 3496 του
412 3441 683 3515 διώρυχας
704 3443 1259 3515 αἰχμαλωτισθέντας.
1292 3445 1395 3496 Τὸν
1421 3443 1477 3496 δὲ
1499 3443 1605 3498 τῶν
1625 3445 1701 3496 Βσ
1711 3443 1876 3497 ϐυλωρ

293 3535 424 3594 νίων
449 3535 676 3606 βασιλέα
726 3535 1036 3589 ἀκούσαντα
1067 3535 1538 3607 Ναϐουχοδονόσορ
1563 3536 1632 3588 τὰ
1653 3536 1756 3596 ὑπὸ
1780 3533 1872 3590 τοῦ

283 3628 565 3700 ,Ἰερεμίου
603 3627 1099 3699 προμαντευθέντα,
1135 3627 1532 3699 παρακαλέσαι,
1548 3626 1875 3696 Ἀστιϐάρην

288 3719 382 3774 τὸν
411 3720 613 3791 Μήδων
635 3719 852 3790 βασιλέα
879 3719 1264 3790 συστρατεύειν
1286 3718 1453 3789 αὐτῷ.
1481 3718 1874 3789 Παραλαϐόντά

292 3803 350 3858 δὲ
375 3803 750 3866 Βαϐυλωνίους
772 3804 865 3856 καὶ
893 3802 1132 3872 Μήδους,
1163 3803 1257 3855 καὶ
1291 3801 1665 3870 συναγαγόντα
1693 3799 1874 3864 πεζῶν

299 3898 396 3967 μὲν
417 3895 811 3957 ὀκτωκαίδεκα,
849 3894 1059 3947 ἱππέων
1085 3895 1146 3952 δὲ,
1193 3895 1460 3966 μυριάδας
1495 3893 1737 3961 δώδεκαλ,
1781 3894 1874 3947 καὶ

297 3987 477 4053 πεζῶν
516 3987 738 4059 ἅρματα
791 3985 982 4058 μύρια,
1020 3986 1234 4057 πρῶτον
1263 3988 1361 4057 μὲν
1406 3985 1504 4056 τὴν
1547 3985 1874 4056 Σαμαρεῖτιν

295 4079 800 4153 καταστρέψασθαι,
829 4080 925 4133 καὶ
950 4078 1262 4143 Γαλιλαίαν,
1292 4080 1384 4132 καὶ
1406 4077 1756 4142 Σκυθόπολιν,
1781 4079 1874 4130 καὶ

295 4175 421 4238 τοὺς
451 4176 509 4227 ὲν
540 4176 606 4245 τῇ
634 4173 924 4227 Γαλαατίδι
951 4171 1234 4233 οἰκοῦντας
1266 4169 1578 4233 ’Ῑουδαίουςο
1632 4164 1788 4233 αὖθις
1815 4168 1872 4222 δὲ

295 4263 366 4329 τὰ
409 4263 752 4336 Ἱεροσόλυμα
780 4265 1139 4336 παραλαϐεῖν,
1164 4262 1258 4315 καὶ
1280 4261 1680 4315 τὸν..Ἰουδαίων
1720 4259 1872 4330 βασι-

2499 2194 2728 2251 CAPUT
2778 2194 3016 2248 XXXIX.

2239 2311 2314 2366 De
2337 2308 2569 2366 Ieremia
2594 2311 2866 2381 propheta,
2890 2326 2953 2364 ex
2981 2309 3286 2380 Eupolemo.

2045 2425 2114 2477 At
2143 2422 2312 2489 enim,
2335 2437 2460 2480 cum
2483 2423 2735 2487 laudatus
2766 2437 2929 2491 supra
2964 2420 3271 2493 Polyhistor
3297 2419 3543 2477 Jeremia:

1976 2530 2194 2586 quoque
2225 2513 2522 2584 prophetiae
2561 2513 2891 2575 meminerit,
2928 2512 3323 2578 ineptissimum
3353 2513 3542 2582 utique

1975 2604 2138 2669 foret,
2173 2605 2316 2658 hanc
2347 2618 2376 2656 a
2425 2603 2584 2658 nobis
2618 2603 2833 2658 silentio
2879 2602 3160 2672 praeteriri.
3207 2601 3338 2655 Eam
3382 2602 3544 2674 igitur

1977 2698 2083 2752 hoc
2107 2697 2270 2750 etiam
2298 2695 2418 2749 loco
2446 2703 2774 2750 attexamus.
2813 2712 2832 2746 ι
2870 2693 3006 2748 Tum
3055 2693 3418 2758 Joachimum,
3459 2694 3542 2748 in-

1976 2785 2112 2854 quit,
2141 2798 2367 2853 regnum
2398 2783 2703 2854 capessisse
2730 2824 2745 2849 ,
2781 2783 2938 2854 cujus
2985 2793 3230 2853 tempore
3284 2781 3544 2838 Jeremias

1975 2875 2237 2946 pr0pheta
2267 2875 2498 2937 oracula.
2521 2889 2618 2929 sua
2646 2873 2895 2929 ediderit.
2925 2873 3153 2944 Quippe,
3191 2874 3334 2928 hunc
3370 2889 3400 2927 a
3432 2872 3543 2928 Deo

1978 2969 2231 3032 missum,
2259 2967 2498 3032 Iudaeos,
2530 2965 2742 3020 interim
2772 2966 2900 3020 dum
2930 2967 3074 3020 idolo
3102 2965 3315 3020 cuidam
3342 2980 3540 3029 aureo,

1980 3057 2195 3114 Baalem
2229 3059 2518 3121 vocabant,
2567 3056 2897 3111 sacriﬁcium
2931 3055 3192 3122 facerent,
3240 3055 3541 3125 deprehen-

1977 3151 2144 3216 disse,
2170 3151 2365 3221 quibus
2390 3149 2787 3219 impendentem
2821 3147 3184 3203 calamitatem
3212 3146 3538 3217 praedixerit.

1977 3246 2056 3300 Ac
2088 3244 2429 3299 Joachimum
2466 3242 2708 3313 quidem,
2749 3241 2930 3294 vivum
2960 3240 3108 3294 illum
3155 3254 3219 3294 ac
3247 3239 3540 3308 spirantem

1975 3352 2220 3401 cremare
2243 3336 2517 3391 voluisse:
2542 3343 2597 3389 at
2619 3341 2806 3388 contra
2828 3332 3177 3387 denuntiasse
3199 3331 3540 3400 prophetam,

1975 3428 2079 3481 hoc
2106 3441 2202 3481 eos
2237 3425 2511 3495 lignorum
2551 3439 2746 3494 genere
2779 3423 3090 3494 Babyloniis
3121 3422 3350 3476 obsonia
3385 3436 3545 3475 cura—

1974 3528 2149 3583 turos,
2178 3526 2233 3572 et
2264 3517 2481 3572 canales
2505 3517 2572 3570 ad
2595 3514 2917 3570 derivandas
2947 3513 3125 3585 Tigris
3156 3522 3210 3567 et
3252 3511 3543 3581 Euphratis

1975 3612 2151 3667 undas
2182 3609 2428 3665 fossuros
2479 3622 2630 3674 esse,
2663 3615 3018 3677 posteaquam
3052 3620 3240 3660 eorum
3267 3605 3319 3658 in
3348 3619 3542 3658 manus

1977 3719 2040 3759 ac
2071 3711 2394 3774 potestatem
2422 3703 2718 3758 venissent.
2772 3697 2958 3768 Itaque
2985 3695 3537 3777 Nabucodonosorem

1976 3797 2395 3868 Babyloniorum
2427 3809 2630 3863 regem,
2663 3793 2758 3848 ubi
2783 3808 2928 3855 rem,
2960 3789 3234 3861 quomodo
3279 3789 3346 3842 ab
3395 3786 3544 3842 Jere—

1976 3888 2085 3942 mia
2110 3887 2472 3958 praenuntiata
2516 3883 2719 3947 fuerat,
2749 3882 3078 3947 rescivisset,
3112 3878 3398 3934 Astibaren
3432 3875 3544 3930 Me-

1974 3981 2424 4050 dorumgregem,
2469 3977 2549 4032 uti
2580 3975 2743 4046 hujus
2801 3971 3162 4044 expeditionis
3210 3970 3393 4024 socius
3421 3981 3544 4022 esse

1971 4069 2152 4134 vellet,
2198 4070 2556 4135 obsecrasse;
2586 4067 2986 4136 conjunctoque
3020 4063 3437 4134 Babyloniorum
3477 4076 3541 4116 ac

1973 4160 2255 4216 Medorum
2304 4161 2542 4216 exercitu
2570 4200 2586 4224 ,
2638 4159 2732 4229 qui
2787 4165 2984 4228 praeter
3037 4156 3222 4210 decem
3278 4169 3541 4209 curruum

1973 4254 2142 4309 millia
2164 4295 2180 4320 ,
2228 4253 2468 4322 peditum
2501 4251 2777 4320 octoginta
2810 4265 2974 4319 supra
3007 4257 3220 4304 centum
3249 4287 3264 4311 ,
3298 4248 3551 4316 equitum

298 4353 393 4416 λέα
435 4356 689 4426 Ἰωακεὶμ
717 4354 1033 4429 ιζωγρῆσαι.
1080 4354 1189 4408 Τὸν
1225 4353 1296 4413 δὲ.
1330 4351 1530 4423 χρυσὸν
1567 4351 1660 4405 τὸν
1694 4353 1752 4404 ὲν
1792 4350 1870 4421 τῷ

1981 4361 2102 4401 vero
2131 4354 2350 4401 centum
2380 4359 2445 4400 ac
2469 4343 2658 4416 viginti
2694 4342 2934 4425 millibus
2967 4349 3268 4403 constaret,
3304 4339 3540 4408 primum

299 4446 450 4518 ιερῷ,
485 4448 580 4501 καὶ
600 4447 860 4519 ἄργυρον,
888 4449 984 4502 καὶ
1009 4445 1206 4518 χαλκὸν
1227 4443 1543 4509 ἐκλέξαντα,
1597 4444 1678 4505 είς
1701 4441 1876 4495 Βαϐυ-

297 4538 444 4602 λῶνα
470 4539 784 4592 ἀποστεῖλαι
811 4539 978 4610 χωρὶς
1000 4538 1099 4607 τῆς
1123 4535 1356 4589 κιϐωτοῦ
1385 4535 1479 4588 καὶ
1511 4533 1621 4589 τῶν
1647 4535 1705 4587 ὲν
1735 4533 1872 4604 αὐτῇ

300 4631 544 4686 πλακῶν.
574 4631 790 4702 Ταύτην
818 4631 876 4684 δὲ
902 4631 996 4684 τὸν
1035 4628 1302 4702 Ἰερεμίαν
1333 4629 1645 4697 κατασχεῖν.
1671 4646 1691 4680 ι

1971 4439 2212 4510 quidem,
2242 4437 2545 4503 Samariam
2575 4479 2590 4502 ,
2621 4419 2918 4500 Galilaeam,
2947 4432 3338 4504 Scythopolim,
3361 4437 3413 4484 et
3441 4427 3540 4482 Ju-

1972 4533 2118 4586 daaos
2163 4529 2497 4596 Galaatidem
2547 4528 2849 4583 incolentes
2897 4525 3198 4580 delevisse:
3231 4538 3358 4580 mox
3411 4536 3540 4575 vero

1972 4623 2145 4704 ipsam
2174 4637 2391 4698 quoque
2413 4620 2865 4691 Hierosolymam,
2888 4616 3336 4689 Joachimumque
3359 4628 3538 4681 regem

299 4723 482 4776 vivum
543 4721 778 4792 cepisse,
831 4731 884 4776 et
912 4721 1177 4791 quidquid
1217 4720 1273 4773 in
1301 4719 1502 4789 templo
1531 4717 1673 4781 auri,
1719 4716 1926 4787 argenti
1964 4717 2195 4785 aerisque
2226 4715 2348 4783 fuit,
2381 4716 2684 4771 detractum
2731 4711 3058 4782 Babylonem
3089 4708 3323 4774 misisse,
3349 4716 3542 4781 praeter

300 4833 507 4884 arcam,
531 4825 585 4873 et
614 4818 855 4874 inclusas
881 4817 935 4871 in
967 4831 1031 4871 ea
1058 4815 1309 4870 tabulas:
1355 4815 1497 4870 hanc
1522 4814 1667 4870 enim
1697 4827 1863 4884 penes
1899 4811 2188 4880 Jeremiam
2223 4810 2571 4868 remansisse.
2595 4831 2613 4864 ι

823 4906 1221 4961 ΚΕΦΑΛΑΙΟΝ
1266 4903 1358 4960 Μ’.

297 5019 628 5092 Βηρωσσυᾷ
644 5016 799 5092 (91),
831 5018 965 5092 περ)
1022 5015 1135 5092 τῆς
1204 5015 1526 5092 Ἰουδαίων-
1569 5018 1868 5092 dig/gadet-

367 5090 526 5154 σίας,
550 5086 663 5155 τῆς
687 5087 806 5144 ὑπὸ
830 5087 1390 5156 Ναϐουχοδονόσορο
1434 5086 1531 5156 καὶ
1573 5087 1704 5153 περὶ
1749 5087 1870 5140 τῶν

361 5157 673 5222 ,ϐασιλέων
695 5158 806 5226 τῆς
841 5157 1198 5221 Βαϐυλῶνος
1234 5156 1354 5210 ἀπὸ
1403 5155 1506 5210 τσῦ
1559 5158 1868 5210 Ναϐοπαλ-

364 5229 637 5364 έήωάρου
664 5228 843 5298 μέχρι.
868 5228 1018 5296 πρὸς
1045 5228 1152 5281 τὸν
1183 5227 1405 5294 Κῦρον·
1437 5226 1556 5281 ἀπὸ
1592 5226 1712 5278 τῶν
1751 5227 1863 5280 Ἰω-

450 5313 589 5352 που.

450 5313 589 5352 που.

373 5409 401 5440 ι
423 5390 645 5453 Τούτοις
676 5387 1005 5457 ἐπισυνάψαι
1032 5388 1327 5458 ἀναγκαῖον
1350 5388 1445 5446 καὶ
1492 5387 1558 5440 τὰ
1598 5387 1726 5458 περὶ
1767 5387 1866 5458 τῆς

2563 4897 2793 4954 CAPUT
2843 4896 2954 4950 XL.

1965 5015 2226 5090 555E;
2238 5016 2456 5090 Beroso,
2475 5027 2622 5090 quem
2636 5009 2894 5090 Iosephus
2917 5007 3126 5090 laudat,
3151 5006 3213 5058 de
3228 5003 3541 5090 λέέάςεοτιιέη

2034 5075 2338 5156 ἷιῆηἰυίιαιε
2367 5075 2462 5156 s_u_b
2479 5075 3001 5156 Nabuchodonosore
3023 5093 3038 5138 ,'
3069 5075 3537 5156 deque‘Babylonis

2035 5143 2261 5228 regibus,
2310 5171 2342 5207 a
2378 5151 2837 5222 Nabopallasaro,
2893 5162 3053 5216 usque
3092 5145 3160 5197 ad
3201 5145 3418 5214 Cyrum.
3455 5143 3537 5195 lix

2035 5227 2280 5297 Josepho.

2047 5402 2064 5433 ι
2103 5381 2196 5438 His
2225 5396 2408 5453 porro,
2439 5379 2748 5437 Iudaeorum
2804 5377 2966 5430 etiam
2999 5375 3360 5444 captivitatem
3400 5379 3537 5425 atte-

367 5507 478 5576 (91)
517 5509 866 5576 Βηρωσσοῦ.
908 5507 1181 5562 Eximium
1226 5508 1491 5578 planeque
1522 5523 1745 5566 aureum
1779 5517 1863 5565 est
1900 5506 2004 5563 hoc
2055 5503 2271 5561 Berossi
2296 5503 2692 5573 fragmentum,
2743 5497 2887 5568 quod
2928 5494 3191 5566 Joscphus
3244 5493 3336 5548 lib.
3391 5511 3426 5548 ι.
3484 5492 3533 5544 in

301 5580 569 5650 Apicum,
593 5593 715 5651 pag.
744 5578 880 5656 tu“
911 5587 975 5635 et
999 5578 1162 5644 1045;
1195 5578 1555 5637 conservavit.
