3856 6224
158 210 244 266 761

1298 215 1621 273 ΡΒᾹΞΡΑΒ.
1659 217 1895 274 EYANG‘
1952 220 2080 275 ΗΒ.
2127 220 2223 277 lx.

3286 217 3394 274 76!

156 329 318 398 γραφῇ
349 326 481 399 περῖ
526 327 620 381 τοῦ
665 327 1133 404 Ναϐουχοδονοσορ
1154 329 1344 384 ταῦτα’
1377 350 1395 382 ι
1426 329 1711 399 Μεγασθέ-

1818 335 1966 389 rebus
1995 336 2247 406 scripsit,
2280 334 2541 396 historia.
2577 333 2646 389 de
2676 330 3217 388 Nabuchodonosore
3275 332 3393 387 haec

151 435 241 490 νης
264 418 364 491 (92)
392 419 449 472 δέ
470 436 624 491 φησι,
654 419 1159 495 Ναϐουχοδρ6σορον
1210 422 1526 496 Ἡρακλέως
1559 423 1713 477 ἀλκι-

100 582 105 586 _
152 511 379 585 μώτερον
408 515 691 582 γεγονότα,
719 513 811 566 ἐπί
837 531 897 566 τε
925 515 1130 586 Λιϐύην
1155 516 1249 569 καὶ
1289 514 1529 587 Ἰϐηρίην
1555 531 1714 586 στρα-

150 605 341 661 τεῦσαι.
390 605 609 668 Ταύτας
661 605 719 659 δὲ
762 608 1200 677 χειρωσάμενον,
1255 606 1569 678 ἀποδασμὸν
1609 606 1708 660 αὑ-

149 699 273 753 τέων
297 701 372 763 εἰς
402 697 471 752 τά
502 697 654 763 δεξιὰ
689 698 785 752 τοῦ
819 699 1021 754 Πόντου
1056 699 1382 754 κατοικίσαι.
1421 699 1575 753 Μετὰ
1629 697 1716 765 δὲ,

148 787 345 858 λέγεται
376 789 511 862 πρδς
531 789 832 853 Χαλδαίων,
861 790 958 854 ὡς.
988 789 1194 854 ἀναϐὰς
1221 791 1313 843 ἐπὶ
1338 789 1403 843 τὰ
1436 788 1707 861 βασιλήῖα,

151 881 489 953 κατασχεθείη
537 881 674 952 θεῷ·
717 882 806 934 ὅτε
857 880 967 953 ᾠδῇ
1021 879 1170 953 (95),
1233 880 1608 951 φθεγξάμενος
1652 879 1711 934 δὲ

149 969 316 1028 εἶπεν*
373 967 544 1038 Οὗτος
600 975 713 1043 ἐγὼ
760 974 1288 1047 Ναϐουχοδρόσορος,
1350 967 1395 1027 ὦ
1456 972 1711 1026 Βαϐυλῶ-

145 1083 258 1129 νιοι,
305 1065 402 1138 τὴν
456 1065 750 1137 μέλλουσαν
793 1066 922 1137 ὑμῖν
985 1066 1341 1138 προαγγέλλω
1400 1067 1708 1139 συμφορὴν,

156 1160 239 1230 τὴν
283 1160 310 1214 ὃ
359 1175 419 1212 τε
473 1159 644 1229 Βῆλος
689 1159 823 1230 ἐμὸς
877 1160 1140 1232 πρόγονος
1166 1201 1182 1226 ,
1248 1160 1282 1230 ἦ
1333 1177 1393 1213 τε
1460 1160 1712 1230 βασίλεια

151 1250 330 1320 Βῆλτις
418 1249 723 1322 ἀποτρέψαι
807 1250 1021 1319 Μοίρας
1102 1252 1285 1303 πεῖσαι
1369 1250 1710 1304 ἀσθενοῦσιν.

149 1342 293 1409 Ἥξει
329 1342 547 1415 Πέρσης
591 1341 836 1412 ⁴ἡμίονος,
891 1344 1062 1395 τοῖσιν
1124 1340 1437 1411 ὑμετέροισι
1494 1341 1713 1412 δαίμοσι

147 1433 440 1507 χρεώμενος
472 1435 859 1505 συμμάχοισιν·
900 1431 1093 1499 ἐπάξει
1159 1433 1215 1486 δὲ
1261 1432 1606 1504 δουλοσύνην.
1638 1426 1714 1488 Ob

143 1525 202 1596 δὴ
228 1524 488 1588 συναίτιος
548 1524 699 1578 ἔσται
747 1524 956 1596 Μήδης,
1004 1524 1066 1577 τὸ
1129 1522 1412 1595 Ἀσσύριον
1466 1521 1711 1594 αὔχημα.

151 1611 234 1666 Ὧι
260 1613 364 1667 εἴθε
402 1631 515 1684 μιν,
540 1614 777 1684 πρόσθεν
816 1611 849 1684 ἦ
880 1611 1062 1665 δοῦναι
1117 1612 1244 1676 τοὺς
1283 1613 1568 1685 πολιήτας,
1601 1612 1714 1666 Χά-

141 1705 313 1779 ρυϐὅίν
355 1724 478 1760 τινα
528 1705 563 1778 ἢ
621 1706 895 1760 θάλασσαν
956 1703 1376 1778 εἰσδεξαμένην,
1450 1703 1712 1759 ἀϊστῶσαι

140 1799 441 1872 πρόρριζον·
470 1801 504 1871 ἦ
537 1817 629 1871 μιν
661 1799 828 1863 ἄλλας
873 1798 1028 1863 ὁδοὺς
1083 1800 1395 1871 στραφέντα
1450 1798 1711 1870 φέρεσθαι

135 1889 222 1945 διὰ
250 1890 344 1960 τῆς
372 1892 470 1962 ὲρή
481 1910 602 1962 μου,
636 1892 726 1945 ἵνα
756 1889 881 1946 οὔτε
913 1893 1103 1956 ἄστεα,
1136 1892 1260 1946 οὔτε
1295 1891 1463 1955 πάτος
1503 1889 1714 1964 ἀνθρώ-

138 1998 269 2045 πων,
295 1982 457 2054 θῆρες
485 1982 542 2036 δὲ
573 1982 741 2055 νομὸν
766 1982 968 2055 έχουσι,
1000 1982 1094 2036 καί
1142 1981 1353 2055 ὄρνιθες
1395 1981 1708 2048 πλάζονται,

136 2076 191 2129 ἓν
211 2093 267 2130 τε
296 2076 527 2149 πέτρῃσι
558 2077 652 2130 καὶ
700 2076 1005 2149 χαράδρῃσι
1043 2074 1237 2147 μοῦνον
1280 2074 1577 2147 ἀλώμενον·
1610 2074 1713 2147 ἐμέ

137 2185 191 2224 τε
220 2169 342 2240 πρὶν
366 2171 446 2231 εἰς
481 2168 601 2221 νόον
626 2167 885 2239 βαλέσθαι
932 2167 1126 2231 ταῦτα,
1185 2166 1371 2231 τέλεος
1430 2164 1711 2238 ἀμείνονος

133 2260 382 2333 κυρῆσαι,
444 2259 505 2313 Ὀ
556 2258 654 2331 μὲν
699 2257 961 2323 θεσπίσας
1003 2258 1342 2333 παραχρῆμα
1368 2258 1651 2329 ἠφάνιστο
1682 2259 1712 2311 ό

129 2350 189 2406 δέ
210 2332 406 2416 οἱπαῐς
437 2349 940 2422 Εὐῖλμαλούρουχος
969 2332 1271 2403 ἐϐασίλευε.
1309 2350 1413 2403 Τὸν
1441 2350 1484 2403 δ’
1521 2351 1549 2403 ὁ
1605 2366 1711 2421 κη·-

126 2441 316 2512 δεστης
350 2434 678 2505 ἀποκτείνας
718 2440 1153 2512 Νηριγλισάρης,
1199 2440 1353 2494 λεῖπε
1403 2440 1570 2494 παῖδα
1599 2442 1710 2494 Λα-

127 2532 553 2605 ϐασσοάρασκον.
582 2530 784 2585 Τούτου
818 2531 875 2585 δὲ
932 2532 1294 2597 ἀποθανόντος
1341 2533 1500 2604 βιαίῳ
1535 2533 1709 2605 μόρῳ,

124 2624 520 2695 Ναϐαννίδοχον
545 2624 894 2678 ἀποδεικνῦσι
919 2623 1142 2695 βασιλέα
1175 2622 1309 2695 (94),
1363 2623 1712 2697 προσήκοντά

120 2719 175 2773 oi
195 2717 364 2771 οὐδέν.
388 2716 554 2789 Τῷδὲ
584 2716 786 2790 Κῦρος,
822 2716 957 2772 ἐλὼν
1020 2715 1334 2780 Βαϐυλῶνα,
1383 2716 1711 2787 Καρμανίης

122 2809 423 2882 ἡγεμονίην
453 2809 766 2881 δωρέεται.»
784 2810 895 2863 Καὶ
916 2810 1045 2882 περὶ
1074 2807 1167 2862 τοῦ
1186 2808 1367 2862 κτίσαι
1399 2808 1456 2861 δὲ
1486 2808 1576 2861 τὸν
1607 2808 1714 2861 Να-

120 2900 509 2974 ϐουχοδονόσορ
538 2901 635 2973 τὴν
665 2900 961 2954 Βαϐυλῶνα
1017 2902 1047 2955 ὁ
1095 2900 1259 2964 αὐτὸς
1289 2899 1461 2952 ταῦτα
1487 2898 1707 2971 γράφει⁶

126 3013 148 3045 ο
175 2995 409 3062 Λέγεται
427 2994 538 3064 (95)
558 2993 614 3047 δὲ
645 2994 821 3047 πάντα
840 2994 937 3064 μὲν
964 2992 1023 3059 ἐξ
1042 2992 1218 3064 ἀρχῆς
1250 2990 1396 3063 ὓδωρ
1425 2987 1587 3057 εἶναι,
1612 2990 1710 3045 θά-

118 3087 333 3139 λασσαν
354 3085 708 3157 καλεομένην·
744 3086 914 3157 Βἧλον
943 3085 1001 3138 δέ
1034 3101 1172 3152 σφεα
1203 3082 1316 3154 (96)
1344 3081 1570 3147 παῦσαι,
1605 3080 1713 3154 χώ-

122 3194 227 3251 ρην
254 3176 470 3246 ἑκάστῳ
495 3176 884 3247 ἀπονείμαντα,
933 3174 1028 3229 καὶ
1087 3172 1383 3227 Βαϐυλῶνα
1410 3171 1581 3243 τείχει
1614 3190 1714 3225 πε-

122 3267 388 3337 ριϐαλεῖνο
442 3266 521 3338 τῷ
547 3266 725 3338 χρόνῳ
754 3266 811 3319 δὲ
866 3265 944 3337 τῷ
991 3264 1290 3337 ἱκνευμένῳ
1329 3264 1713 3335 ἀφανισθῆναι.

119 3360 374 3430 τειχίσαι
423 3359 482 3412 δὲ
535 3354 693 3423 αὖθις
736 3357 1266 3430 Ναϐουχοδονόσορον
1306 3357 1367 3409 τὸ
1405 3355 1569 3427 μέχρι
1612 3355 1715 3426 τῆς

118 3447 474 3505 Μακεδονίων
527 3447 703 3519 ἀρχῆς
727 3447 1008 3518 διαμεῖναν
1067 3447 1155 3501 ὲὸν
1174 3445 1567 3519 χαλκόπυλον.»
1604 3447 1716 3501 Καὶ

122 3540 248 3613 μεθ’
270 3540 435 3613 ἔτερα
466 3540 730 3609 ὲπιλέγειο
762 3559 781 3592 t
821 3539 1351 3612 Ναϐουχοδονόσορος
1391 3539 1450 3592 δὲ
1476 3538 1715 3606 διαδεξά-

121 3650 290 3706 μενος
314 3634 415 3706 τὴν
474 3633 670 3707 ἀρχὴν,
722 3632 1018 3688 Βαϐυλῶνα
1079 3632 1178 3704 μὲν
1237 3632 1471 3703 ἐτείχισε
1503 3632 1716 3703 τριπλῴ

117 3726 402 3798 περιϐόλῳ
435 3729 493 3780 ἐν
543 3725 933 3781 πεντεκαίδεκα
987 3725 1242 3797 ἡμέρῃσι,
1283 3724 1377 3778 τόν
1401 3741 1461 3777 τε
1507 3725 1715 3796 Ἀρμα-

117 3820 301 3890 κάλην
357 3817 602 3890 ποταμὸν
650 3818 936 3889 ἐξήγαγεν,
990 3818 1147 3871 ἐόντα
1187 3817 1356 3889 κέρας
1394 3812 1713 3888 Εὐφρήτεω,

114 3913 215 3967 τόν
245 3928 307 3965 τε
349 3911 705 3984 Ἀκράκανον.
774 3910 949 3984 ’Υπὲρ
988 3910 1043 3963 δὲ
1070 3910 1173 3981 τῆς
1205 3909 1571 3982 Σιππαρηνῶν
1618 3910 1715 3964 πό-

113 4005 257 4069 λιος,
281 4002 488 4058 λάκκον
539 4002 874 4075 ὀρυξάμενος
930 4003 1260 4074 περίμετρον
1293 4003 1391 4073 μὲν
1447 4004 1719 4076 τεσσαρά-

112 4114 292 4152 κοντα
323 4096 749 4168 παρασαγγέων,
779 4095 942 4167 βάθος
990 4095 1034 4148 δ’
1059 4094 1324 4168 ὀργυιέων
1375 4095 1568 4156 εἴκοσι,
1611 4095 1714 4149 πύ-

108 4189 217 4253 λας
238 4186 534 4259 ἐπέστησε,
555 4186 655 4250 τὰς
670 4187 978 4257 ἀνοίγοντες
1009 4186 1271 4259 ἄρδεσκον
1305 4186 1365 4240 τὸ
1396 4186 1594 4241 πεδίον·
1623 4204 1717 4241 κα-

104 4280 307 4334 λέουσι
326 4280 371 4333 δ’
399 4279 569 4344 αὑτὰς
617 4277 1110 4350 Ἐχετογνώμονας.
1166 4278 1502 4349 Ἐπετείχισε
1534 4279 1590 4333 δὲ
1620 4280 1714 4333 καὶ

1747 1678 1786 1737 Β

1812 436 2069 496 praeterea
2092 427 2267 497 reperi
2301 444 2316 484 :
2347 445 2366 478 ι
2408 426 2811 497 Megasthenrs,
2845 422 3046 493 inquit,
3077 430 3275 478 auctor
3307 432 3391 477 est

1813 517 2366 574 Nabut-hndrosorum
2417 515 2634 572 Herculi
2690 516 2794 584 ipsi
2842 513 3161 569 fortitudine
3222 521 3395 583 atque

1815 611 2013 666 animis
2036 611 2376 681 praestitisse,
2408 618 2575 679 atque
2609 609 2661 663 iu
2690 607 2915 679 Libyam
2947 615 3000 662 et
3028 606 3257 661 lberiam
3290 607 3395 661 im-

1812 712 1940 775 petu
1981 702 2147 768 facto,
2175 702 2462 765 utriusque
2482 699 2597 772 jam
2628 700 2849 754 domitae
2883 697 3130 752 colonias
3161 696 3211 750 iu
3261 696 3395 752 dex-

1814 806 1951 850 tram
1995 795 2154 850 Ponti
2202 795 2417 866 plagam
2470 793 2808 862 deportasse.
2860 790 3072 857 Quibus
3117 788 3389 858 peractis.

1813 886 2052 943 Chaldaei
2081 886 2282 951 ferunt,
2311 900 2436 940 eum
2467 898 2769 939 conscenso
2788 883 2993 954 palatio
3023 882 3284 936 divinitus
3306 897 3394 938 re—

1814 987 1974 1048 pente
1999 977 2260 1039 aﬂiatum,
2297 978 2445 1047 quod
2486 976 2738 1047 sequitur
2760 975 3042 1029 oraculum
3085 973 3343 1029 eﬂ‘udisse
3370 986 3390 1024 .'

1813 1068 1906 1125 Ille
1929 1086 2031 1141 ego
2056 1068 2605 1135 Nabuchodrosorus,
2633 1082 2666 1120 ο
2700 1066 3001 1138 Babylonii,
3019 1065 3391 1119 imminentem

1812 1163 1970 1218 vobis
2028 1162 2395 1217 calamitatem
2457 1160 2807 1231 praenuntio,
2861 1172 3024 1228 quam
3075 1153 3264 1211 Parcis
3311 1154 3392 1210 uti

1814 1261 2194 1318 averruncent,
2229 1268 2330 1307 nec
2381 1251 2545 1307 Belus
2590 1250 2807 1321 generis
2833 1249 3005 1305 nostri
3044 1257 3257 1315 auctor,
3294 1263 3395 1303 nee

1813 1344 2000 1409 regina
2023 1341 2548 1423 Beltispersuadere
2565 1358 2808 1413 unquam
2835 1349 3111 1412 poterunt.
3136 1339 3399 1396 Persicus

1814 1430 1977 1502 457
1999 1431 2177 1485 veniet
2207 1434 2411 1499 mulus,
2442 1432 2535 1502 qui
2569 1433 2879 1486 daemonum
2922 1439 3232 1485 vestrorum
3260 1444 3401 1486 usus

1815 1523 2044 1587 auxilio,
2100 1523 2300 1578 durum
2356 1525 2665 1580 cervicibus
2689 1524 3097 1593 vestrisjugum
3131 1523 3393 1592 imponet.

1815 1613 1992 1682 Atque
2023 1615 2186 1683 hujus
2211 1615 2383 1670 cladis
2414 1625 2606 1671 auctor
2625 1616 2791 1671 etiam
2815 1614 3238 1687 Medusquidam
3269 1614 3399 1680 erit,

1818 1720 1929 1773 quo
1952 1716 2076 1761 ante
2096 1707 2306 1776 Assyrii
2335 1722 2661 1778 magnopere
2691 1708 3082 1779 gloriabantur.
3110 1707 3155 1762 Ο
3186 1707 3401 1762 utinam

1818 1799 1955 1868 ipse,
1989 1800 2305 1870 priusquam
2338 1802 2485 1856 cives
2508 1803 2588 1856 ita.
2608 1817 2761 1857 meos
2819 1801 3103 1870 proderet,
3136 1798 3403 1855 autCha-

1820 1891 1975 1963 ryhdi
2027 1893 2289 1963 quadam,
2328 1903 2425 1947 aut
2455 1892 2723 1963 profundo
2751 1893 2944 1963 pelago
2974 1894 3202 1947 haustus
3233 1901 3405 1963 atque

1818 1987 2108 2054 absorptus
2137 1994 2357 2055 periret,
2380 1995 2473 2040 aut
2499 1986 2635 2040 alias
2659 1986 2941 2054 abreptus,
2975 1985 3153 2039 invias
3178 1999 3276 2054 per
3300 2000 3398 2041 so-

1819 2079 2076 2134 litudines
2102 2094 2225 2134 erro
2253 2090 2543 2146 vagaretur
2568 2119 2585 2144 ,
2618 2079 2710 2132 ubi
2755 2078 2961 2133 nullius
3016 2093 3194 2147 neque
3242 2078 3403 2135 urbis

1816 2185 1994 2240 neque
2029 2169 2268 2225 hominis
2300 2170 2593 2239 vestigium
2621 2178 2881 2238 appareat
2908 2209 2923 2230 .
2957 2168 3049 2223 sed
3084 2167 3212 2223 fera:
3266 2167 3405 2222 dun-

1817 2272 1969 2318 taxat
2016 2263 2184 2317 libere
2209 2271 2505 2332 pascantur
2548 2259 2911 2330 volucresque
2969 2260 3401 2326 circumvolent,

1816 2356 2063 2426 adeoque
2095 2355 2244 2411 solus
2294 2355 2503 2409 medios
2556 2354 2697 2409 inter
2737 2353 2993 2424 scopulos
3020 2370 3084 2408 ac
3113 2354 3405 2424 voragines

1813 2451 2137 2521 iactaretur.
2194 2447 2323 2502 Mihi
2368 2464 2590 2518 quoque
2622 2488 2638 2511 ,
2688 2449 3010 2518 priusquam
3049 2448 3166 2503 haec
3195 2448 3245 2502 ei
3286 2459 3404 2503 tam

1817 2541 2025 2597 nefaria
2059 2556 2212 2595 mens
2260 2541 2456 2612 injecta
2488 2541 2579 2602 sit,
2613 2538 2916 2594 feliciorem
2956 2540 3161 2596 exitum
3214 2541 3404 2597 sortiri

1816 2634 1994 2689 liceat.
2026 2630 2153 2687 Haec
2179 2630 2396 2695 effatus,
2430 2631 2714 2684 hominum
2747 2645 2815 2685 ex
2841 2630 3016 2685 oculis
3042 2637 3258 2699 repente
3276 2628 3408 2685 sub-

1822 2731 1966 2785 latus
2020 2726 2262 2780 evanuit.
2295 2725 2475 2793 Atque
2493 2720 3211 2782 Evilmaluruchumtilium.
3245 2721 3399 2787 regni

1815 2818 2036 2891 quidem
2069 2817 2260 2873 habuit
2288 2831 2699 2873 successorem:
2733 2814 2826 2870 sed
2858 2828 2923 2868 eo
2964 2811 3307 2882 postmodum
3359 2825 3397 2864 a

1816 2926 1876 2967 se
1902 2911 2248 2980 iuterempto,
2276 2906 2637 2979 Neriglisares
2660 2906 2871 2961 sororis
2903 2904 3023 2973 ejus
3056 2904 3175 2967 vir,
3226 2902 3403 2957 tilium

1818 3002 2036 3071 reliquit
2067 2999 2593 3056 Labassoarascum.
2629 2994 2750 3064 Quo
2792 2997 2957 3050 etiam
2996 2993 3230 3048 violenta
3268 3005 3402 3047 nece

1816 3095 2053 3157 sublato,
2107 3088 2599 3148 Nabannidocbum
2658 3088 2808 3142 nulla
2870 3101 2991 3142 cum
3041 3098 3108 3139 eo
3140 3083 3401 3139 afﬁnitate

1815 3186 2195 3256 conjunctum,
2237 3197 2418 3254 regem
2444 3188 2655 3245 creant,
2692 3180 2781 3235 cui
2813 3178 2990 3251 Cyrus
3019 3183 3203 3247 postea
3234 3173 3403 3246 Baby.

1816 3276 1941 3331 Ione
1970 3276 2194 3346 potitus,
2239 3271 2546 3329 Carmaniae
2598 3268 2961 3341 principatum
3002 3266 3148 3319 ultro
3174 3276 3401 3318 conces-

1816 3369 1908 3425 sit.
1938 3387 1958 3421 ι
1982 3366 2123 3423 Idem
2150 3380 2311 3436 porro
2334 3364 2612 3420 conditam
2632 3358 3209 3414 al‘ahuchodonosore
3233 3354 3403 3423 Baby-

1816 3459 1996 3514 lonem
2032 3457 2204 3512 fuisse
2237 3456 2310 3511 ita
2331 3462 2519 3510 narrat
2548 3469 2598 3505 ε(
2630 3452 2858 3516 Ferunt,
2894 3451 3097 3520 inquit,
3127 3449 3250 3503 loca
3281 3449 3398 3502 haec

1817 3550 2003 3605 omnia
2022 3549 2136 3620 jam
2163 3548 2287 3603 inde
2335 3546 2404 3601 ab
2434 3546 2589 3601 initio
2647 3544 2808 3614 aquis
2841 3542 3037 3596 obruta
3084 3538 3253 3594 fuisse
3283 3555 3403 3593 ma-

1816 3642 2003 3711 risque
2052 3639 2275 3695 nomine
2328 3637 2639 3708 appellata:
2686 3649 2878 3688 verum
2914 3637 2933 3656 ‘
2964 3646 3121 3687 suam
3170 3630 3405 3701 singulis

1818 3732 2095 3802 regionem
2129 3729 2320 3785 Belum
2348 3728 2660 3798 assignasse
2681 3766 2698 3792 ,
2724 3722 3169 3795 Babylonemque
3203 3722 3401 3777 maeni-

1815 3825 1920 3880 bus
1949 3823 2188 3879 cinxisse
2217 3864 2233 3888 ,
2282 3837 2347 3877 ac
2374 3820 2634 3888 deinceps
2694 3815 3010 3872 mortalium
3059 3814 3236 3870 oculis
3282 3827 3409 3867 ere-

1816 3930 1968 3989 ptum
1996 3931 2121 3971 esse
2147 3933 2162 3969 :
2195 3922 2384 3984 postea
2417 3926 2548 3967 vero
2574 3918 2790 3980 septum
2820 3907 2974 3973 illud,
3003 3906 3180 3960 valvis
3198 3904 3400 3958 distiu-

1817 4019 1964 4066 ctum
2000 4008 2176 4072 aereis,
2209 4022 2239 4061 a
2268 4002 2817 4060 Nabuchodonosoro
2838 4008 3182 4056 exstructum
3205 3996 3407 4062 fuisse,

1817 4098 1965 4170 quod
1994 4098 2061 4153 ad
2093 4095 2453 4151 Macedonum
2483 4092 2775 4164 imperium
2806 4105 2982 4160 usque
3008 4088 3242 4146 steterit.
3281 4088 3398 4142 »Λα

1816 4206 2011 4247 rursus
2039 4189 2318 4245 nonnullis
2343 4186 2644 4256 interjectis
2670 4225 2685 4250 ,
2723 4204 2742 4238 ι
2778 4182 3354 4239 Nabuchodonosorus
3378 4220 3409 4247 ..

1817 4281 2016 4351 inquit,
2048 4295 2217 4352 regno
2260 4279 2487 4349 potitus,
2528 4274 2865 4346 Babylonem
2913 4273 3055 4328 intra
3087 4272 3408 4343 quindecim

103 4373 219 4444 τῆς
262 4372 536 4444 Ἐρυθρῆς
556 4370 838 4443 ¹θαλάσσης
865 4372 963 4441 τὴν
989 4371 1292 4435 ὲπίκλυσιν,
1325 4374 1419 4427 καὶ
1440 4373 1711 4444 Τερηδόνα

1818 4375 2031 4430 dierum
2063 4374 2301 4445 spatium
2331 4370 2532 4442 triplici
2569 4383 2731 4424 muro
2776 4366 2973 4433 cinxit,
3012 4375 3177 4437 atque
3197 4367 3407 4422 Arma-

104 4462 278 4518 πόλιν
310 4462 523 4515 ἔκτισεν
549 4462 689 4515 κατά
721 4462 820 4525 τὰς
864 4461 1110 4533 Ἀράϐων
1146 4462 1412 4526 εἰσϐολάς
1443 4463 1513 4517 τά
1534 4480 1593 4516 τε
1618 4461 1713 4533 βα-

105 4556 313 4627 σιλήῖα
368 4553 606 4626 δένδροις
649 4554 892 4625 ἤσκησε,
948 4556 1291 4624 κρεμαστοὺς
1348 4554 1713 4626 παραδείσους

100 4647 421 4718 ὀνομάσας.
453 4665 473 4699 ›
508 4647 618 4699 Καὶ
649 4645 820 4699 ταῦτα
867 4644 924 4698 δέ
957 4663 1046 4716 μοι
1093 4645 1200 4699 ἀπὸ
1250 4647 1352 4716 τῆς
1378 4645 1711 4719 δηλωθείσης

99 4728 333 4793 κείσθω
356 4736 596 4807 γραφῆς,
636 4736 726 4788 διά
750 4736 811 4788 τὸ
845 4734 1104 4808 φέρεσθαι
1169 4738 1226 4789 ὲν
1254 4739 1321 4808 τῇ
1364 4736 1460 4790 τοῦ
1516 4738 1712 4808 Δανιὴλ

98 4827 459 4901 προφητείᾳ,
489 4826 563 4891 ὡς
592 4827 698 4899 ἄρα
730 4827 1198 4898 Ναϐουχοδονόσορ
1229 4830 1285 4881 ὲν
1324 4827 1405 4899 τῷ
1451 4828 1565 4899 ναῷ
1612 4829 1713 4899 τῆς

96 4919 404 4992 βασιλείας
422 4917 609 4980 αὑτοῦ,
642 4917 721 4989 τῷ
747 4921 803 4971 ὲν
832 4919 1144 4984 Βαϐυλῶνι,
1194 4920 1531 4993 περιπατῶν,
1568 4922 1712 4991 μέγα

93 5013 425 5084 φρονήσας,
452 5010 857 5082 ἀπηυθαδίσατο
875 5011 1061 5066 εἰπών’
1095 5029 1116 5063 ι
1154 5011 1266 5083 Οὐχ
1293 5011 1429 5084 αὕτη
1455 5013 1572 5066 ἐστὶ
1602 5013 1708 5066 Βα-

175 5168 309 5241 (92)
354 5169 762 5241 Μεγασθένης.
808 5167 1196 5241 Fragmentum
1243 5167 1542 5241 Berosiano
1572 5183 1710 5225 con-

83 5237 567 5312 iunctissimum.
593 5237 783 5293 Exstat
825 5237 970 5308 apud
997 5238 1223 5310 Ioseph.
1251 5240 1441 5295 eodem
1477 5241 1571 5295 lib.
1606 5256 1621 5294 t
1651 5242 1710 5294 in

89 5309 323 5380 Apion.
355 5309 477 5380 ejus
502 5309 683 5380 aliqua
717 5312 942 5364 mentio.

172 5381 307 5463 $95)
332 5379 492 5463 ιζοτε
515 5377 663 5463 ᾠδῇ.
715 5379 1096 5463 qunjiciebam
1123 5379 1301 5463 erebi}
1334 5378 1709 5463 φθεγξάμενος

85 5448 291 5504 εἶδεν.
330 5448 477 5504 Malo
523 5459 706 5505 tamen
743 5448 880 5521 ὅτεῳ
907 5450 971 5522 δή
993 5490 1007 5514 ,
1042 5460 1103 5506 ut
1134 5448 1330 5522 legitur
1350 5448 1500 5521 apud
1536 5448 1710 5506 Scali-

125 5535 335 5574 erum.

83 5538 335 5656 88:33.
364 5587 771 5663 ᾉποδεικνῦᾳι
808 5589 1097 5663 ﬂuentem
1138 5589 1451 5663 Legendum
1487 5591 1705 5646 ἀποδει-

82 5664 347 5712 κνύουσι
378 5658 555 5730 βασιλ.
581 5674 688 5716 non
712 5659 1080 5728 ἀποδεικνῦσι,
1100 5670 1158 5716 ut
1182 5658 1418 5734 ilipt'iori
1447 5663 1701 5719 editione.

1819 4469 1972 4523 calen
2007 4467 2460 4534 Aeracanumque
2513 4463 2733 4525 ﬂuvios,
2780 4463 2850 4516 ab
2898 4458 3176 4531 Euphrate
3225 4469 3408 4526 ortos,

1819 4561 1926 4615 alio
1959 4558 2242 4614 derivavit.
2271 4556 2411 4611 Tum
2437 4554 2868 4626 Sipparenorum
2898 4553 3053 4609 urbis
3085 4553 3137 4606 in
3169 4552 3407 4623 gratiam

1818 4651 2071 4721 paludem
2102 4648 2273 4715 fodit,
2306 4648 2468 4718 cujus
2504 4646 2747 4701 ambitus
2778 4659 3112 4716 parasangas
3163 4643 3403 4714 quadra-

1819 4744 1990 4814 ginta,
2016 4741 2246 4796 altitudo
2275 4754 2406 4795 vero
2448 4739 2604 4793 ulnas
2631 4736 2829 4809 viginti
2862 4737 3154 4791 obtineret.
3208 4733 3405 4788 Eidem

1818 4835 2057 4889 claustra
2091 4832 2374 4903 imposuit,
2413 4829 2927 4901 Echetognomona's
2957 4836 3174 4892 vocant,
3200 4826 3404 4892 quibus

1820 4924 2102 4995 patefactis
2133 4938 2324 4992 agrum
2354 4922 2430 4975 illi
2452 4937 2615 4977 suum
2645 4921 2953 4992 irrigareut.
2981 4918 3144 4973 Maris
3183 4932 3401 4987 quoque

1819 5016 1989 5071 Rubri
2018 5016 2327 5071 eluvionem
2362 5015 2594 5086 objectis
2626 5014 2885 5084 repressit
2917 5012 3188 5077 obicibus,
3213 5025 3278 5064 ac
3297 5007 3402 5065 Te-

1817 5172 1928 5229 Nec
1952 5172 2097 5228 enim
2120 5169 2610 5226 Nahaunidoclium
2647 5173 2810 5226 istum
2834 5167 3038 5223 creavit
3063 5164 3394 5235 Neriglissa-

1815 5259 1929 5304 ras.
1960 5244 2052 5313 qui
2079 5251 2357 5313 superstes
2383 5256 2491 5313 non
2521 5252 2639 5296 erat
2672 5242 2815 5313 ;sed
2847 5237 3147 5313 Babglonii.

1889 5305 2000 5385 (95)
2040 5305 2295 5385 Λέγεται,
2327 5309 2416 5365 δέ.
2459 5305 2754 5385 Seque‘n'tia
2784 5305 3222 5385 u_n_ius:Euscbii,
3251 5305 3397 5376 quod

1815 5379 1991 5441 sciant
2008 5424 2023 5449 ,
2052 5379 2349 5452 diligentiae
2374 5379 2755 5452 acceptajerri
2790 5380 3005 5452 debent.

1886 5446 2017 5513 (Mil
2038 5446 2244 5519 Βῆλον
2271 5450 2340 5505 δέ
2368 5446 2548 5520 σφεα.
2596 5450 2757 5506 Forte
2801 5448 2969 5520 Βῆλον
3007 5446 3079 5520 δέ
3101 5460 3397 5520 σφεας-του

1815 5513 2205 5594 κατακλυσμοῦ
2252 5523 2386 5594 (aut
2413 5513 2667 5579 'altet‘itts
2715 5513 2925 5591 simili)
2970 5513 3213 5581 παῦσαι,
3262 5513 3397 5570 hanc

1814 5597 2104 5651 eluvionem
2139 5593 2463 5663 repressisse.
