3856 6224
421 326 424 331 -
435 291 546 348 7'63

1045 288 1315 347 EUSEBII
1359 288 1842 347 CESARIENSIS
1878 291 2026 347 ΟΡΡ.
2071 291 2248 347 PARS
2291 292 2352 347 ll‘.
2399 323 2468 333 —
2516 289 3034 358 APOLOGETICA.,

3587 293 3698 349 τοι
3731 374 3738 382 ,

438 414 701 469 redonem
754 411 943 465 urbem
996 411 1257 465 adversus
1286 411 1527 465 Arabum
1572 412 1903 483 irruptiones
1931 430 2025 467 ex-

2140 412 2304 466 Βυλὼν
2338 415 2370 484 ἡ
2418 414 2649 486 μεγάλη,
2678 415 2745 486 ἣν
2775 415 2886 484 ἐγὼ
2923 414 3244 487 ᾠκοδόμησα
3273 416 3352 478 εἰς
3378 408 3524 468 οἷκον
3548 413 3735 483 βασι-ί

438 504 650 568 citavit,
675 503 1045 575 palatiumque
1069 517 1230 556 suum
1257 501 1550 558 arboribus
1595 504 1824 559 consitis
1855 511 2014 574 (pcn-

441 596 572 652 siles
630 596 818 650 hortos
856 593 1129 662 vocabat),
1163 593 1471 649 exornavit.
1513 613 1532 645 ι
1589 597 1767 666 Atque
1810 597 1923 651 haec
1952 613 2019 651 ex

441 687 702 759 Abydeno
728 686 932 741 referre
952 687 1297 757 potissimum
1325 703 1392 742 eo
1417 688 1607 754 libuit,
1644 687 1789 758 quod
1814 688 1866 741 in
1903 689 2020 757 ipsa

443 776 684 834 Danielis
724 777 1029 848 prophetia,
1070 777 1598 842 Nabuchodonosor,
1630 794 1754 832 cum
1784 778 1836 832 in
1870 779 2023 848 regni

2125 506 2274 570 λείας
2298 508 2356 560 ἐν
2387 507 2463 577 τῷ
2485 508 2674 578 κράτει
2697 509 2794 578 τῆς
2824 508 3004 578 ἰσχύος
3042 525 3143 578 μου
3197 509 3277 572 εἶς
3308 507 3468 578 τιμὴν
3495 505 3592 576 τῆς
3617 487 3728 590 δὸἦ

2134 595 2229 667 ξης
2269 615 2400 666 μους
2431 599 2517 652 ὅτε
2552 599 2702 662 ὄντος
2735 599 2813 652 ἔτι
2843 599 2936 652 τοῦ
2971 598 3127 667 λόγου
3171 600 3262 652 ἐπὶ
3300 600 3564 669 στόματος
3598 593 3722 657 αὖε.

2131 689 2246 750 τοῦ,
2262 710 2279 742 ι
2299 692 2365 744 τά
2381 692 2477 758 τῆς
2505 692 2863 762 μετελθούσης
2884 693 3264 762 καταστροφῆς
3286 693 3430 762 αύτῷ
3450 695 3664 760 γέγονε.
3680 691 3726 762 ι

2128 779 2314 832 Ταῦτα
2364 780 2461 851 μὲν
2488 777 2580 833 οὖν
2606 783 2735 850 ἡμῖν
2760 781 3049 852 αὐτάρκως
3076 780 3202 850 περὶ
3233 778 3418 830 τῶνδε.
3705 751 3730 814 ί

437 872 532 927 sui.
561 872 761 941 templo
810 871 1083 943 Babylone
1136 871 1358 927 condito
1412 871 1795 937 inambularet,
1830 871 1930 926 has
1963 871 2017 924 in
2056 885 2218 925 voces
2267 874 2588 929 temeritatis
2612 882 2665 928 et
2711 874 3036 943 arrogantia:
3089 873 3276 942 plenas
3341 871 3584 942 erupisse
3625 870 3704 927 le-

443 975 602 1034 gatur
626 966 694 1028 ”,
731 983 749 1016 ι
777 963 966 1020 Nonne
995 967 1109 1020 haec
1139 975 1222 1020 est
1251 965 1492 1037 Babylon
1527 981 1746 1035 magna,
1784 981 1950 1036 quam
1979 979 2080 1032 ego
2117 966 2379 1021 :ediﬁcavi
2413 968 2466 1022 in
2501 968 2723 1024 domum
2753 968 2924 1037 regni,
2962 968 3014 1020 in
3057 966 3223 1039 458
3266 967 3457 1022 robore
3487 965 3708 1020 fortitu-

437 1055 586 1110 dinis
612 1070 746 1110 mea:
787 1066 841 1110 et
871 1057 923 1109 in
947 1056 1114 1125 gloria
1147 1057 1360 1112 decoris
1391 1056 1519 1112 mei.
1551 1055 1800 1127 Cumque
1847 1070 2027 1111 sermo
2066 1057 2244 1114 adhuc
2285 1069 2428 1114 esset
2456 1060 2508 1114 in
2544 1075 2638 1115 ore
2677 1061 2817 1129 ejus,
2846 1077 2865 1110 ι
2923 1060 3153 1114 ultorem
3197 1059 3348 1115 illum
3403 1072 3436 1114 e
3477 1058 3708 1127 vestigio

442 1151 582 1204 tanti
618 1149 796 1206 fastus
821 1150 1028 1205 exitum
1068 1151 1254 1205 subiit.
1281 1169 1298 1202 ι

1005 1242 1238 1298 CAPUT
1295 1241 1456 1296 XLII.

449 1352 523 1412 De
550 1355 616 1410 iis
655 1355 746 1426 qui
777 1353 1024 1426 Iudaica:
1058 1355 1226 1425 gentis
1257 1356 1626 1426 meminerunt,
1658 1369 1722 1408 ea:
1752 1355 1887 1412 libro
1921 1351 2020 1410 Jo-

751 1426 915 1494 sepln',
941 1425 1016 1480 De
1046 1426 1361 1495 antiquitate
1387 1425 1722 1479 Judworum.

513 1603 641 1661 Haec
673 1605 839 1676 igitur
863 1613 1149 1660 auctorum
1186 1605 1403 1660 illorum
1439 1604 1751 1659 testimonia
1780 1612 2022 1659 nostram

444 1697 500 1752 in
532 1713 646 1752 rem
682 1697 980 1767 protulisse
1012 1695 1266 1752 suiliciat.
1314 1695 1705 1766 Superioribus
1745 1697 2024 1761 omnibus,

443 1788 665 1858 Josephi
692 1796 902 1842 tantum
925 1803 988 1842 ex
1009 1787 1040 1840 J
1057 1788 1369 1841 udaicarum
1389 1787 1782 1856 Antiquitatum
1804 1787 2025 1842 historia

444 1879 610 1934 verba
633 1878 1057 1949 subjungamus,
1086 1879 1179 1933 ubi
1223 1879 1458 1935 laudatis
1491 1879 1829 1934 inﬁnitarum
1861 1895 2029 1950 prOpe

445 1971 777 2042 scriptorum
807 1971 964 2035 locis,
1000 1970 1168 2041 idque
1203 1971 1427 2026 totidem
1456 1973 1676 2042 syllabis
1699 2016 1713 2039 ,
1746 1973 1811 2027 ad
1844 1982 2027 2028 extre-

446 2079 596 2116 mum
627 2063 700 2116 ita
727 2063 1075 2117 concluditzc
1114 2061 1408 2118 Enimvero
1463 2066 1599 2122 satis
1643 2065 2028 2134 erunt,inquit,

444 2154 513 2208 ad
559 2154 714 2208 iidem
747 2155 912 2224 hujus
939 2155 1280 2225 antiquitatis
1321 2154 1627 2211 faciendam
1658 2198 1673 2222 ,
1725 2156 1984 2228 Syrorum
2013 2199 2028 2222 ,

443 2243 824 2300 Chaldaeorum
881 2263 945 2302 ac
1007 2246 1638 2304 thnicumhistoriaa:
1701 2250 1901 2320 quibus
1952 2257 2032 2303 tot

443 2337 950 2393 etiamoGrazcorum
977 2341 1362 2394 auctoritatem
1402 2341 1758 2405 attexuimus,
1782 2356 1906 2394 cum
1934 2341 2030 2393 ad-

443 2431 573 2485 dere
621 2439 882 2501 praeterea
927 2432 1172 2486 licuisset
1217 2431 1606 2502 Theophilum,
1657 2431 2006 2487 Theodorum

445 2521 746 2587 Mnaseam,
771 2522 1217 2593 Aristophanem,
1235 2521 1654 2593 Hermogenem,
1680 2523 2030 2585 Evemerum,

443 2616 768 2681 Comonem,
815 2630 880 2670 ac
923 2613 1307 2685 Zopyrionem,
1359 2614 1610 2683 aliosque
1672 2613 1814 2668 forte
1866 2629 2031 2684 quam

444 2709 712 2779 plurimos
745 2722 883 2773 ;nec
914 2707 1059 2761 enim
1095 2722 1288 2762 omnes
1311 2707 1488 2762 evolvi
1519 2707 1714 2773 libros,
1737 2709 2030 2778 quirerum

447 2808 760 2854 nostrarum
793 2813 861 2853 ex
892 2797 1143 2868 professo
1193 2798 1584 2853 meminerunt.
1614 2798 1679 2852 Et
1716 2815 2030 2869 quanquam

445 2907 634 2946 eorum
665 2891 851 2954 etiam,
888 2907 1029 2960 quos
1051 2889 1378 2944 nominatim
1418 2891 1733 2954 citavimus,
1761 2892 2026 2962 plerique,
2057 2919 2099 2976 α

444 2983 590 3053 quod
615 2983 822 3036 litteras
851 2991 1070 3036 nostras
1097 2981 1322 3036 minime
1351 2983 1695 3053 attigerint,a
1721 2984 2027 3054 rerumjam

445 3073 572 3129 inde
603 3072 671 3127 ab
693 3071 850 3126 initio
881 3082 1158 3142 gestarum
1195 3072 1426 3127 veritate
1455 3073 1785 3129 aberrarunt
1818 3093 1833 3139 ;
1874 3092 2031 3130 com-

449 3170 605 3224 muni
654 3179 836 3226 tamen
907 3183 1178 3224 consensu
1245 3180 1439 3221 omnes
1491 3165 1669 3220 eidem
1718 3167 2032 3237 antiquitati

451 3261 734 3332 suﬂ'ragati
767 3269 916 3323 sunt,
961 3259 1110 3329 quod
1135 3272 1305 3312 unum
1331 3255 1436 3310 hoc
1474 3256 1596 3311 loco
1625 3257 1758 3310 mihi
1791 3259 2037 3328 proposi-

453 3362 568 3407 tum
600 3352 797 3407 fuerat.
825 3351 902 3405 Ex
932 3352 1134 3421 quibus
1185 3364 1319 3403 sane
1353 3347 1664 3403 Demetrius
1710 3347 2031 3417 Phalereus,

451 3444 607 3498 Philo
639 3443 940 3512 antiquior,
975 3452 1030 3499 et
1054 3443 1408 3514 Eupolemus,
1443 3457 1471 3495 a
1507 3455 1637 3494 vero
1675 3438 1896 3511 propius
1937 3440 2034 3495 ab-

453 3540 697 3603 fuerunt,
749 3536 950 3606 quibus
1003 3537 1165 3590 etiam
1205 3536 1250 3590 si
1293 3536 1424 3606 quid
1454 3541 1784 3605 peccarunt,
1810 3532 2028 3586 veniam

455 3631 558 3685 hoc
585 3629 806 3684 nomine
833 3629 964 3683 dare
990 3644 1207 3698 mquum
1243 3629 1432 3697 utique
1461 3627 1552 3693 sit,
1579 3626 1725 3694 quod
1770 3625 2032 3678 librorum

451 3729 768 3778 nostrorum
798 3736 1021 3776 sensum
1052 3720 1236 3774 minus
1280 3730 1536 3774 accurate
1579 3733 1774 3787 capere
1803 3726 1858 3771 et
1886 3731 2040 3771 asse-

452 3816 546 3887 qui
574 3813 872 3885 potuerint.
908 3832 926 3864 ι
959 3812 1239 3868 Hactenus
1274 3811 1564 3881 Josepltus.
1601 3810 1699 3864 Cui
1742 3823 1873 3864 vero
1906 3823 2040 3862 con-

453 3908 686 3976 scriptos
717 3907 786 3960 ab
809 3921 873 3960 eo
902 3904 976 3958 De
1009 3904 1323 3959 Judworum
1353 3903 1688 3974 Antiquitate
1741 3901 1912 3956 libros
1941 3916 2038 3955 vo-

454 3997 632 4051 lutare
677 3996 966 4067 placuerit,
993 3995 1046 4073 is
1079 3996 1226 4066 apud
1271 4012 1397 4050 eum
1445 3995 1550 4048 alia
1581 3994 1840 4063 pleraque
1884 3990 2040 4045 testi-

457 4086 644 4140 monia
691 4085 950 4156 reperiat,
985 4102 1202 4142 summa
1256 4102 1380 4140 cum
1419 4086 1507 4149 iis,
1538 4099 1660 4154 quae
1709 4083 1888 4138 adhuc
1920 4082 2041 4136 lau-

455 4178 729 4247 davimus,
772 4178 1135 4235 consensione
1187 4179 1504 4249 conjuncta.
1556 4175 1905 4244 Quanquam,
1961 4175 2042 4228 in-

2638 1237 3027 1294 ΚΕΦΑΛΑΙΟΝ
3081 1238 3213 1292 MB'.

2145 1346 2463 1412 Ἰωσήπου.
2513 1347 2643 1415 περὶ
2690 1346 2808 1407 τῶν
2837 1348 3387 1417 μνημονευσάντων
3421 1347 3530 1403 τοῦ
3567 1350 3714 1404 Ἰου-

2205 1417 2391 1469 δαίων
2420 1417 2657 1484 ἔθνους,
2686 1417 2805 1472 ἀπὸ
2854 1419 2960 1472 τοῦ
3001 1417 3053 1472 α’
3088 1418 3190 1486 τῆς
3265 1418 3566 1474 Ἰουδαίων
3597 1420 3722 1490 Ἀρ-

2202 1491 2532 1556 χαιότητος.

2201 1601 2516 1671 Προκείσθω
2544 1601 2599 1654 δὲ
2628 1601 2720 1654 ἐπὶ
2744 1602 2880 1654 πᾶσι
2905 1602 2998 1656 καὶ
3024 1601 3092 1655 τά
3137 1601 3245 1655 ἀπὸ
3270 1601 3367 1672 τῆς
3410 1599 3722 1656 Ἰουδαίων

2141 1695 2564 1763 Ἀρχαιὸτητος
2602 1694 2887 1764 Ἰωσήπου,
2930 1692 3058 1746 ἔνθα
3093 1693 3300 1765 μυρίων
3353 1693 3720 1766 συγγραφέων

2131 1785 2408 1850 αύτολεξεὶ
2438 1785 2702 1857 παραθεὶς
2753 1785 2956 1855 φωνὰς,
3007 1784 3180 1839 ταῦτα
3237 1784 3495 1853 ἐπιλέγει·
3533 1804 3552 1836 ι
3594 1785 3720 1856 Ἀρ-

2133 1879 2291 1931 κοῦσι
2323 1878 2366 1931 δ’
2401 1867 2558 1950 ὅμως⁸
2582 1878 2662 1941 εἰς
2686 1879 2784 1949 τὴν
2816 1877 3091 1943 ἀπόδειξιν
3125 1878 3220 1948 τῆς
3253 1878 3634 1949 ἀρχαιότητος,
3662 1878 3725 1932 αἰ

2131 1990 2190 2025 τε
2217 1971 2403 2043 Σύρων
2433 1971 2528 2024 καὶ
2581 1970 2882 2034 Χαλδαίων,
2942 1971 3038 2024 καὶ
3080 1970 3339 2024 Φοινίκων
3378 1956 3718 2038 ἀναγραφαί·

2133 2064 2268 2135 πρδς
2298 2064 2536 2126 ἐκείναις
2586 2081 2646 2116 τε
2708 2063 2951 2116 τοσοῦτοι
3007 2061 3116 2116 τῶν
3159 2062 3425 2134 Ἐλλήνων
3474 2077 3728 2133 συγγραο

2133 2161 2272 2227 φεῖς·
2307 2157 2386 2210 ἔτι
2417 2157 2473 2210 δὲ
2510 2156 2646 2229 πρὸς
2675 2159 2788 2220 τοῖς
2818 2155 3127 2228 εἰρημένοις
3155 2155 3431 2225 Θεόφιλος,
3460 2155 3557 2208 καὶ
3585 2153 3724 2208 Θεό-

2132 2251 2304 2313 δοτος,
2337 2251 2432 2303 καλ⁸
2454 2249 2730 2312 Μνασέας,
2775 2247 2870 2301 καὶ
2928 2248 3340 2318 Ἀριστοφάνης,
3375 2248 3468 2300 καὶ
3518 2248 3725 2317 Ἐρμο·

2135 2342 2318 2411 γένης,
2347 2341 2630 2412 Εύήμερός
2658 2357 2717 2392 τε
2765 2340 2859 2393 καὶ
2888 2339 3120 2410 Κόμων,
3145 2343 3238 2395 καὶ
3265 2339 3588 2409 Ζωπυρίων,
3625 2341 3728 2396 καὶ

2134 2435 2318 2488 πολλοί
2348 2451 2490 2497 τινες
2515 2435 2654 2502 τάχα
2680 2432 2846 2488 ἄλλοι·
2879 2433 2940 2485 ού
2972 2433 3077 2503 γὰρ
3106 2431 3280 2501 ἔγωγε
3320 2435 3482 2486 πᾶσιν
3510 2433 3729 2494 ὲντετύέ

2133 2548 2276 2600 χηκα
2303 2532 2414 2591 τοῖς
2445 2526 2690 2598 βιϐλίοις,
2719 2526 2780 2578 ού
2807 2525 3100 2598 παρέργως
3145 2525 3300 2596 ἡμῶν
3335 2543 3731 2596 μεμνημονευ-

2135 2623 2305 2676 κόσιν.
2331 2622 2394 2673 Οἱ
2423 2620 2606 2673 πολλοὶ
2651 2619 2707 2671 δὲ
2735 2618 2841 2671 τῶν
2868 2617 3172 2688 εἰρημένων
3213 2615 3422 2685 ἀνδρῶν
3466 2617 3568 2687 τῆς
3624 2619 3730 2688 μὲν

2135 2711 2390 2782 ἀληθείας
2433 2709 2541 2762 τῶν
2585 2709 2642 2775 ἐξ
2676 2709 2848 2779 ἀρχῆς
2902 2708 3242 2778 πραγμάτων
3289 2706 3610 2777 διήμαρτον,
3641 2708 3730 2760 ὅτι

2138 2804 2213 2876 μὴ
2241 2806 2361 2867 ταῖς
2392 2803 2563 2874 ἱεραῖς
2594 2801 2751 2872 ἡμῶν
2783 2799 2985 2870 βίϐλοις
3015 2801 3283 2870 ἐνέτυχον·
3315 2799 3510 2862 κοινῶς
3538 2799 3732 2870 μέντοι

2136 2899 2261 2968 περὶ
2316 2896 2416 2965 τῆς
2473 2895 2832 2965 ἀρχαιότητος
2889 2893 3129 2956 ἅπαντες
3208 2894 3730 2964 μεμαρτυρήκασιν,

2134 2989 2274 3060 ὑπὲρ
2301 2983 2360 3042 οὗ
2385 2987 2548 3040 τανῦν
2600 2986 2777 3055 λέγειν
2813 2985 3147 3056 προεθέμην.
3213 2985 3270 3038 Ὀ
3323 2984 3504 3055 μέντοι
3549 2984 3732 3055 Φαλη-

2139 3080 2263 3150 ρεὺς
2293 3080 2624 3150 Δημήτριος,
2652 3078 2746 3130 καὶ
2777 3075 2949 3129 Φίλων
2980 3078 3009 3130 ὁ
3056 3075 3448 3148 πρεσϐύτερος,
3485 3075 3579 3128 καὶ
3615 3075 3730 3127 Εὑ-

2134 3167 2367 3238 πόλεμος
2395 3169 2454 3220 ού
2484 3167 2617 3221 πολὺ
2649 3166 2750 3236 τῆς
2796 3166 3052 3238 ἀληθείας
3111 3167 3428 3237 διήμαρτον·
3480 3161 3561 3229 οἷς
3600 3183 3736 3235 συγ-

2133 3259 2423 3330 γινώσκειν
2471 3259 2640 3323 ἆξιοψ
2696 3261 2758 3312 ού
2805 3259 2913 3329 γάρ
2965 3259 3091 3328 ὲνῆν
3144 3259 3328 3319 αὐτοῖς
3372 3256 3509 3328 μετά
3539 3257 3733 3326 πάσης

2135 3351 2418 3422 ἀκριϐείας
2449 3353 2558 3414 τοῖς
2586 3350 2872 3422 ήμετέροις
2897 3349 3190 3421 γράμμασι
3234 3347 3724 3420 παρακολουθεῖν.)

2135 3444 2317 3498 Ταῦτα
2350 3443 2442 3496 καὶ
2469 3444 2498 3495 ό
2542 3441 2824 3512 Ἰώσηπος.
2855 3442 2999 3511 Ὅτῳ
3027 3441 3085 3493 δὲ
3119 3440 3269 3509 φίλον
3311 3442 3422 3503 τοῖς
3448 3440 3576 3511 περὶ
3625 3442 3730 3509 τῆς

2148 3534 2444 3588 Ἰουδαίων
2475 3534 2892 3602 Ἀρχαιότητος
2918 3531 3096 3600 λόγοις
3131 3533 3370 3601 ἐντυχεῖν
3386 3529 3479 3583 τοῦ
3506 3530 3730 3601 dvﬁpog,

2136 3625 2397 3688 πλείστας
2447 3624 2512 3678 ἂν
2545 3625 2691 3696 εὖροι
2728 3623 3053 3694 συμφώνους
3075 3627 3194 3686 ταῖς
3222 3622 3557 3684 ὲκτεθείσαις
3586 3638 3733 3692 μαρ-

2135 3717 2348 3788 τυρίας.
2380 3717 2490 3768 Καὶ
2515 3716 2682 3780 πολὺς
2722 3717 2778 3769 δὲ
2817 3717 2974 3780 ἄλλος
3028 3714 3322 3787 μαρτύρων
3381 3717 3510 3784 ἡμῖν
3566 3714 3732 3785 ὄχλος

2136 3808 2384 3862 παλαιῶν
2413 3826 2472 3861 τε
2503 3810 2594 3862 καὶ
2649 3809 2783 3863 νέων
2817 3812 3052 3879 ἐπιρρεῖ,
3087 3808 3194 3861 τῶν
3235 3808 3426 3878 ὁμοίαν
3471 3809 3584 3870 τοῖς
3638 3824 3734 3860 τεο

2137 3901 2274 3954 θεῖσι
2305 3901 2487 3972 ψῆφον
2523 3901 3091 3974 ἐπισφραγιζομένων,
3124 3895 3198 3955 ὧν
3229 3901 3326 3965 τὰς
3381 3899 3587 3970 φωνὰς,
3641 3900 3734 3952 λό-

2137 4010 2235 4062 γου
2268 3995 2660 4064 προνοούμενοι
2684 3994 3173 4066 συμμετρίας,τοῖς
3203 3993 3522 4064 φιλομαθέσι
3538 3992 3738 4063 ζητεῖν

2136 4102 2196 4137 τε
2233 4086 2326 4137 καὶ
2359 4085 2643 4158 διερευνᾷν
2692 4087 3103 4156 ἀπολείψαντες,
3156 4088 3249 4140 ἐπὶ
3275 4086 3374 4157 τὴν
3433 4085 3736 4139 λείπουσαν

2139 4178 2292 4230 αὐτοὶ
2328 4179 2747 4250 μεταϐησόμεθα
2769 4179 3123 4250 ἐπαγγελίαν.

455 4277 671 4337 gentem
733 4269 1000 4340 ejusmodi
1052 4273 1317 4337 testium,
1381 4281 1492 4326 tam
1556 4278 1802 4324 veterum
1867 4283 2034 4338 quam
2087 4271 2454 4326 recentiorum
2509 4275 2773 4342 copiam,
2833 4275 2900 4328 ad
2976 4288 3199 4328 manum
3279 4272 3548 4327 habemus
3624 4273 3738 4343 ipsi

458 4375 696 4430 quoque,
726 4363 822 4432 qui
847 4361 913 4416 ad
941 4376 1157 4429 eorum,
1193 4380 1335 4434 quos
1397 4372 1523 4418 ante
1582 4360 1964 4432 produximus,
2041 4365 2446 4429 auctoritatem,
2492 4367 2770 4422 calculum
2831 4367 3128 4439 adjungant
3178 4382 3358 4422 suum.
3394 4365 3624 4430 Verum,
3661 4382 3756 4424 ne.

457 4452 681 4507 modum
709 4454 973 4510 excedere.
1017 4456 1325 4523 videamur,
1376 4471 1473 4514 eos
1499 4455 1722 4529 quidem
1771 4454 2034 4513 studiosis
2087 4439 2474 4517 'excuttendos
2523 4459 2958 4534 scrutandosque
3011 4461 3402 4528 relinquemus,
3466 4459 3740 4531 deinceps

457 4553 836 4617 argumentum
871 4557 1235 4617 pertexcmus.

531 4664 580 4698 ’°
621 4663 756 4722 Dan.
799 4683 872 4733 tv,
911 4667 1002 4723 27.
