3856 6224
431 287 534 341 ’ῖκτ

1097 287 1368 343 ECSEBII
1398 285 1878 343 CJESARIENSIS
1901 286 2053 342 OPP.
2087 283 2220 338 PAR
2243 281 2282 337 S
2313 283 2377 338 ll.
2407 313 2464 326 -
2489 280 2991 338 ‘Al'OLOGETlCA.

3577 282 3674 337 768

431 407 542 460 vim
585 407 875 475 infinitam,
900 425 967 464 ex
1000 407 1258 463 Barbaris
1281 409 1468 464 eximii
1517 409 1688 462 nostri
1743 417 1987 478 praestan

2110 404 2310 474 στήσω.
2351 403 2560 473 Ὠσπερ
2592 397 2684 455 οὖν
2707 401 2806 471 τὴν
2839 400 3100 454 πλειόνων
3137 398 3274 454 θεῶν
3319 399 3495 466 δόξαν,
3528 398 3592 452 τά
3619 418 3676 454 τε

427 507 621 568 tesque
645 498 816 555 Graeci
847 500 1067 555 aliunde
1093 501 1184 554 alii
1240 501 1600 571 corrogarint,
1640 500 1865 570 jamjam
1907 501 2006 556 abs

427 605 519 646 me
567 591 1052 648 demonstrabitur.
1090 592 1384 658 Praeterea,
1419 594 1883 664 quemadmodum
1935 594 2003 648 il-

425 681 536 738 lam
570 684 638 738 de
675 684 925 754 pluribus
961 685 1068 740 diis
1106 686 1416 755 Opinionem
1439 726 1453 749 ,
1493 686 1878 756 mysteriorum
1915 700 2006 740 sa-

425 790 757 845 crorumque
783 777 942 843 ritus,
967 776 1246 842 historias,
1279 787 1443 848 atque
1467 778 1745 832 fabulosas
1773 777 2002 832 deorum

426 870 795 936 narrationes,
826 886 1128 941 earumque
1161 871 1227 926 ad
1266 873 1571 926 naturalem
1603 874 1896 942 quamdam
1924 871 2004 926 al-

425 959 683 1028 legoriam
715 961 1105 1026 traductiones,
1140 971 1193 1016 et
1225 963 1489 1032 quidquid
1521 980 1585 1017 ex
1619 963 2003 1033 superstitioso

425 1060 615 1101 errore
643 1060 914 1118 superest,
944 1053 1164 1108 eosdem
1202 1069 1231 1106 a
1255 1052 1505 1107 barbaris
1541 1063 1820 1108 mutuatos
1855 1069 2000 1120 essee,

423 1139 805 1206 superioribus
836 1142 991 1199 libris
1021 1143 1407 1214 probavimus;
1446 1159 1568 1199 cum
1595 1145 2002 1202 vetustissimos

423 1229 548 1285 illos
594 1231 836 1299 Graacos,
865 1245 1102 1291 semotas
1142 1237 1392 1306 regiones
1430 1237 1712 1293 laboribus
1744 1237 2002 1293 maximis

421 1319 750 1390 oberrando,
777 1341 841 1380 ex
863 1327 1204 1382 emendicata
1245 1327 1645 1390 doctrinarum,
1673 1329 1873 1398 quibus
1900 1329 2001 1384 flo-

420 1413 614 1468 rebant
631 1414 870 1484 barbari,
889 1417 1025 1488 stipe
1038 1434 1194 1473 suam
1219 1421 1363 1474 illam
1387 1419 1710 1491 theologiam
1733 1421 2001 1477 conflasse

417 1503 898 1573 deprehendimus.
947 1507 1038 1564 Sic
1090 1525 1434 1581 quaecunque
1484 1513 1568 1566 vel
1619 1511 1686 1566 ad
1723 1513 1887 1568 unius
1934 1528 2000 1568 ac

416 1597 617 1650 summi
646 1613 827 1652 rerum
859 1601 1101 1656 omnium
1131 1603 1496 1658 moderatoris
1522 1602 1617 1658 Dei
1655 1604 1996 1675 religionem,

416 1690 499 1743 vel
533 1688 598 1743 ad
624 1689 742 1759 ejus
762 1690 1026 1746 doctrinae
1054 1705 1284 1761 partem,
1327 1709 1450 1764 qua:
1478 1695 1544 1750 ad
1579 1695 1748 1749 animi
1785 1697 1993 1751 utilita-

2112 497 2384 567 μυστήρια
2417 494 2510 546 καὶ
2533 493 2632 556 τάς
2654 492 2895 558 τελετάς,
2928 492 3024 546 καὶ
3046 491 3268 565 προσέτι
3303 493 3401 556 τὰς
3427 493 3675 564 ἱστορίας,

2106 590 2200 642 καὶ
2224 588 2323 652 τάς
2361 586 2595 658 μυθικὰς
2620 587 2747 658 περὶ
2769 585 2907 639 θεῶν
2938 586 3236 657 διηγήσεις,
3273 585 3381 637 τῶν
3407 601 3464 636 τε
3501 583 3676 654 μύθων

2105 681 2204 746 τὰς
2228 679 2704 753 ἀλληγορουμένας
2765 680 3130 750 φυσιολογίας,
3190 678 3286 731 καὶ
3335 677 3432 746 τὴν
3492 677 3675 747 λοιπὴν

2103 769 2474 839 δεισιδαίμονα
2507 769 2734 839 πλάνην,
2771 769 2920 838 παρά
2974 769 3264 840 βαρϐάρων
3311 768 3558 838 εἰλῆφθαι
3584 770 3675 822 αύ-

2103 864 2235 926 τοῖς,
2266 861 2478 931 φθάσας
2511 862 2538 913 ὁ
2566 861 2721 930 λόγος
2753 861 3038 932 ἐδήλωσεν·
3079 861 3314 930 ὁπηνίκα
3334 863 3459 923 τοὺς
3488 861 3675 914 παλαι⁸

2101 955 2297 1017 τάτους
2329 953 2618 1022 Ἕλληνας,
2644 955 2744 1024 γῆν
2791 952 2989 1023 πολλὴν
3035 951 3398 1023 πλανηθέντας
3428 953 3527 1005 οὐκ
3555 951 3676 1005 ἀτα-

2103 1044 2391 1116 λαιπώρως
2427 1045 2545 1115 μὲν,
2602 1044 2660 1108 ἐξ
2715 1045 2907 1116 ἐράνου
2952 1044 3008 1097 δὲ
3051 1044 3160 1097 τῶν
3205 1044 3351 1114 παρὰ
3386 1043 3676 1114 βαρϐάροις

2107 1134 2462 1206 μαθημάτων,
2515 1135 2610 1203 τὴν
2661 1135 2864 1187 οίκείαν
2934 1135 3338 1206 ὑποστήσασθαι
3403 1134 3676 1203 θεολογίαν

2103 1225 2486 1296 ὲφωράσαμεν.
2523 1223 2709 1288 υῦτως
2733 1226 2813 1277 ὅτι
2840 1224 2908 1278 τά
2931 1225 3056 1296 περὶ
3084 1224 3362 1287 εὐσεϐείας
3414 1224 3530 1288 ἐνὸς
3579 1223 3680 1277 τοῦ

2102 1316 2231 1388 περὶ¹
2265 1316 2480 1370 πάντων
2502 1315 2658 1374 Θεοῦ,
2685 1315 2756 1369 τά
2786 1333 2846 1368 τε
2877 1315 3004 1386 περὶ
3050 1316 3156 1368 τῶν
3216 1315 3450 1385 μάλιστα
3484 1312 3674 1384 ζητου-

2105 1409 2280 1480 μένων
2307 1409 2386 1470 είς
2408 1407 2588 1478 ψυχῆς
2608 1408 2873 1476 ὠφέλειαν
2922 1408 3228 1478 δογμάτων,
3255 1407 3288 1460 ἃ
3314 1408 3377 1479 δὴ
3423 1409 3517 1460 καὶ
3551 1425 3674 1460 συν-

2100 1499 2438 1553 εκτικώτατα
2486 1497 2680 1566 γένοιτ’
2708 1499 2774 1552 ἂν
2829 1499 2936 1552 τῶν
2959 1499 3016 1552 ὲν
3047 1498 3332 1568 φιλοσοφίᾳ
3362 1497 3552 1564 λόγων,
3575 1498 3674 1550 οὐκ

2099 1594 2318 1650 ἂλλοθεν
2347 1591 2456 1649 εἶεν
2484 1596 2550 1649 ἂν
2577 1595 2611 1666 ἢ
2648 1592 2795 1666 παρὰ
2839 1594 3017 1664 μόνων
3053 1590 3316 1661 Ἐϐραίων
3349 1592 3674 1661 πεπορισμέι

2098 1705 2201 1750 νοι,
2231 1687 2330 1739 ούκ
2365 1688 2442 1751 είς
2477 1685 2690 1758 μακράν
2726 1683 3199 1755 ἀποδειχθήσεται.
3221 1683 3291 1735 Ἦ
3316 1683 3363 1735 εί
3396 1682 3468 1752 μὴ
3496 1681 3671 1746 τοῦτο,

415 1789 524 1834 tem
557 1783 795 1837 maxime
823 1794 1141 1853 comparata
1174 1794 1282 1849 est,
1313 1801 1437 1855 qua
1462 1788 1683 1855 quidem
1717 1789 1987 1858 praecipua

2098 1781 2476 1852 συνενεχθῆναι
2500 1781 2556 1834 δὲ
2586 1780 2717 1850 φαίη
2746 1795 2829 1841 τις
2866 1777 3083 1840 αὐτοὺς,
3131 1777 3387 1844 φυσικαῖς
3422 1775 3674 1845 ύποκινη-

356 1919 357 1922 η
414 1884 543 1926 sunt
571 1883 734 1943 atque
759 1877 1042 1944 potissima
1077 1878 1243 1932 totius
1265 1878 1627 1948 phiIOSOpbia:
1656 1881 1854 1950 capita,
1882 1897 1989 1936 non

413 1963 632 2018 aliunde
695 1969 863 2034 ipsos,
897 1983 1062 2036 quam
1097 1984 1161 2022 ex
1193 1971 1325 2023 solis
1354 1969 1706 2025 Hebraeorum
1749 1971 1992 2030 footibus

320 2110 324 2114 ς
415 2055 667 2111 hausisse
700 2059 860 2125 paulo
883 2069 1004 2128 post
1037 2061 1414 2118 ostendemus.
1449 2061 1608 2135 481
1646 2063 1701 2118 ld
1747 2065 1894 2134 quod
1945 2065 1990 2120 si

410 2147 503 2201 cui
557 2147 740 2201 minus
792 2151 1140 2217 probaretur,
1173 2154 1318 2220 quod
1364 2170 1458 2209 eos
1491 2156 1546 2208 in
1588 2155 1749 2208 istam
1777 2158 1991 2225 Opinio-

413 2253 544 2290 num
581 2239 991 2296 similitudinem
1028 2243 1214 2299 inditis
1245 2260 1273 2298 a
1310 2255 1504 2300 natura
1555 2245 1867 2301 notionibus
1897 2249 1990 2303 de-

410 2331 608 2388 ductos
639 2349 761 2388 esse
785 2334 1102 2391 defenderet
1138 2356 1150 2392 :
1190 2338 1240 2391 id
1272 2340 1450 2408 ipsum
1486 2355 1516 2393 a
1559 2340 1718 2394 nobis
1752 2341 1988 2396 maxime

409 2423 591 2491 fuerit,
621 2429 766 2498 quod
801 2445 862 2482 ea
891 2445 1013 2499 quae
1042 2446 1148 2485 non
1185 2430 1424 2488 llebrreis
1454 2442 1664 2488 tantum
1694 2435 1763 2489 ab
1808 2435 1988 2488 bomi~

413 2519 597 2583 nibus,
627 2521 898 2592 theologia
925 2523 1321 2594 prophetiaque
1351 2525 1697 2590 clarissimis,
1735 2543 1801 2582 ex
1837 2529 1985 2582 omni

409 2617 558 2664 retro
594 2613 856 2666 memoria
888 2614 1082 2668 tradita
1115 2625 1263 2678 sunt,
1290 2631 1478 2670 verum
1506 2633 1536 2670 a
1564 2617 1767 2673 Graecis
1797 2619 1983 2684 etiam,

404 2701 451 2755 si
480 2702 660 2757 minus
690 2704 970 2768 omnibus,
998 2717 1054 2760 at
1089 2708 1366 2774 nonnullis
1391 2709 1634 2776 quidem,
1657 2710 1832 2778 iisque
1873 2720 1984 2766 tota

407 2793 612 2859 passim
649 2791 855 2849 Graecia
904 2795 1302 2861 celeberrimis,
1337 2797 1585 2867 adeoque
1631 2800 1984 2870 philosopho-

406 2899 526 2937 rum
581 2886 826 2953 ipsorum
879 2887 1348 2957 disputationibus
1398 2885 1687 2958 diligenter
1716 2906 1979 2960 expensa,

403 2974 646 3028 aemulari
701 2977 1073 3031 statuerimus.
1127 2977 1393 3046 Equidem
1451 2995 1657 3049 paucos
1711 2981 1979 3050 ejusmodi

403 3065 578 3165 fuisse
605 3066 1026 3165 intelligofnam
1059 3085 1180 3137 qua:
1210 3070 1494 3138 praeclara,
1521 3069 1737 3135 eadem,
1768 3081 1824 3124 ut
1859 3072 1973 3124 vul-
2007 3109 2048 3165 ο

408 3171 478 3227 go
525 3155 719 3221 fertur,
767 3156 1005 3212 difﬁcilia
1037 3161 1220 3226 sunt);
1255 3167 1310 3213 at
1357 3174 1454 3214 eos
1493 3169 1672 3214 tamen
1720 3161 1814 3230 qui
1849 3165 1978 3216 reli-

399 3261 542 3318 quos
577 3246 720 3300 inter
747 3246 1106 3317 philosophos
1142 3249 1347 3316 primas
1384 3247 1544 3304 facile
1577 3259 1888 3319 tenuerunt,
1920 3261 1979 3307 ut

401 3339 643 3394 nominis
701 3339 785 3393 sui
833 3340 1081 3394 claritate
1131 3354 1456 3397 cancrorum
1504 3345 1750 3398 omnium
1775 3343 1977 3400 famam

399 3430 768 3485 obscurarint.
804 3428 991 3500 Neque
1025 3445 1156 3484 vero
1189 3431 1388 3485 mirum
1418 3432 1590 3487 videri
1619 3432 1798 3497 debet,
1831 3433 1976 3502 quod

399 3523 746 3579 Hebraeorum
787 3523 1085 3580 sententias
1129 3524 1444 3602 investigari
1477 3542 1504 3580 a
1538 3526 1763 3590 Grzecis,
1789 3535 1843 3580 et
1874 3541 1973 3580 cu-

395 3615 601 3670 riosius
643 3614 915 3684 explorari
962 3614 1208 3684 potuisse
1237 3614 1488 3670 dicamus
1519 3633 1530 3668 :
1563 3631 1687 3668 cum
1732 3616 1973 3684 reliquas

396 3703 500 3773 ipsi
533 3703 815 3758 doctrinas
854 3719 921 3758 ex
953 3701 1359 3774 Egyptiorum,
1384 3704 1766 3758 Chaldaeorum
1788 3743 1805 3767 ,
1837 3705 1974 3759 alia-

396 3810 628 3864 rumque
646 3795 885 3866 gentium
913 3795 1276 3850 barbararum
1305 3796 1497 3865 spoliis
1527 3813 1634 3850 non
1659 3797 1820 3852 modo
1841 3813 1972 3852 con-

395 3886 667 3945 flaverint.
695 3887 788 3941 sed
817 3888 1115 3942 etiamnum
1136 3887 1438 3942 ambitiosa:
1455 3904 1647 3943 omnes
1671 3890 1971 3944 aemulatio-

392 3977 479 4032 nis
501 3977 577 4032 rei
607 3984 916 4041 teneantur,
949 3977 1078 4031 dum
1108 3977 1334 4032 alterius
1363 3978 1501 4032 alter
1526 3979 1822 4048 plagiarius
1848 3996 1971 4036 esse

391 4083 502 4122 non
545 4075 785 4122 veretur.
833 4066 947 4122 lmo
982 4069 1282 4138 quemlibet
1315 4068 1519 4138 passim
1551 4069 1739 4124 videas
1759 4070 1970 4125 vicino-

396 4175 521 4213 rum
572 4175 799 4215 suorum
825 4159 988 4214 verba
1023 4161 1187 4215 simul
1222 4169 1386 4230 atque
1418 4160 1736 4225 sententias,
1774 4175 1969 4230 cpera-

2095 1870 2285 1936 θέντας
2324 1873 2573 1935 ἐννοίαις
2617 1871 2710 1924 καὶ
2753 1869 2916 1923 τοῢτο
2943 1869 3078 1939 πρὸς
3124 1867 3281 1939 ἡμῶν
3313 1866 3377 1921 ἂν
3400 1867 3508 1940 εἴη.
3538 1867 3584 1918 εί
3605 1865 3674 1921 τὰ

2097 1965 2169 2036 μὴ
2207 1965 2386 2035 μόνοις
2421 1963 2693 2035 Ἑϐραίοις
2721 1962 2924 2018 ἄνωθεν
2963 1959 3023 2026 ἐξ
3052 1960 3244 2024 αἰῶνος
3273 1960 3378 2013 ὑπὸ
3406 1958 3674 2026 θεολόγων

2094 2055 2387 2130 προφητῶν
2421 2055 2627 2126 ἀνδρῶν
2657 2053 3084 2127 παραδεδομένα,
3119 2053 3252 2107 ἀλλὰ
3291 2050 3360 2105 τά
3389 2051 3483 2104 καί
3509 2067 3674 2117 τισιν,

2091 2151 2140 2201 εί
2171 2148 2265 2201 καὶ
2297 2146 2372 2219 μὴ
2407 2148 2592 2208 πᾶσιν,
2626 2147 2808 2209 αύτοῖς
2864 2144 2922 2198 δέ
2969 2161 3032 2213 γε
3065 2135 3139 2196 ὧν
3173 2143 3315 2213 μέγα
3353 2141 3508 2205 κλέος
3549 2141 3676 2195 καθ’

2100 2240 2348 2301 Ἐλλάδα,
2386 2240 2478 2293 καὶ
2507 2237 2807 2310 φιλοσόφων
2838 2237 3142 2308 διατριϐαῖς
3181 2235 3544 2306 ἐξητασμένα,
3571 2234 3671 2302 ζη-

2089 2331 2215 2386 λοῦν
2241 2331 2622 2403 προειλόμεθα.
2647 2329 2882 2392 Τούτους
2911 2328 2956 2382 δ’
2986 2329 3050 2382 ἂν
3089 2327 3270 2399 εὖροις
3318 2325 3536 2398 ἀριθμῷ
3571 2325 3670 2395 μὲν

2089 2424 2249 2488 ὄντας
2301 2424 2540 2495 ληπτοὺς
2575 2422 2684 2492 (ὅτι
2717 2421 2811 2474 καὶ
2862 2420 3039 2476 πάντα
3082 2419 3294 2490 χαλεπά
3339 2435 3502 2487 φασιν
3532 2413 3672 2470 εἶναι

2087 2515 2156 2568 τὰ
2184 2516 2367 2585 καλά),
2415 2516 2474 2568 οὐ
2510 2514 2613 2586 μὴν
2635 2513 2771 2566 ἀλλά
2809 2512 3098 2584 πρωτείοις
3146 2510 3257 2564 τῶν
3279 2509 3404 2580 παρ’
3441 2509 3678 2579 Ἕλλησι

2088 2607 2390 2678 φιλοσόφων
2413 2605 2832 2678 τετιμημένους,
2886 2603 2962 2667 ὡς
2984 2603 3072 2657 διά
3097 2603 3194 2674 τὴν
3233 2601 3432 2672 πολλὴν
3458 2601 3671 2654 εὐδοκί-

2089 2720 2253 2773 μησιν
2287 2703 2353 2772 τῇ
2385 2701 2511 2774 δόξῃ
2559 2698 2686 2762 τοὺς
2717 2697 2936 2769 ὁμοίους
2968 2696 3283 2752 καλύπτειν.
3321 2697 3396 2749 Οὐ
3449 2697 3555 2767 χρὴ
3613 2698 3672 2750 δὲ

2086 2790 2404 2864 θαυμάζειν,
2439 2792 2487 2844 εί
2519 2791 2612 2843 καὶ
2638 2789 2707 2842 τά
2757 2789 2888 2859 παρ’
2926 2789 3198 2860 Ἑϐραίοις
3229 2788 3476 2857 δόγματα
3509 2789 3672 2843 δυνα-

2083 2884 2176 2937 τὸν
2220 2879 2358 2936 εἶναί
2388 2899 2566 2953 φαμεν
2621 2880 3030 2952 ὲσκευωρῆσθαι
3059 2881 3261 2944 αὐτοῖς,
3285 2881 3373 2933 ὅτε
3399 2881 3472 2952 μὴ
3506 2882 3670 2952 μόνον

2081 2973 2148 3027 τά
2180 2973 2338 3028 λοιπά
2385 2973 2492 3027 τῶν
2556 2971 2914 3043 μαθημάτων,
2975 2973 3310 3040 Αἰγυπτίους
3363 2975 3460 3026 καὶ
3524 2975 3671 3027 Χαλ-

2082 3065 2284 3128 δαίους,
2307 3065 2376 3118 τά
2405 3082 2464 3117 τε
2487 3063 2620 3118 ἄλλα
2653 3063 2761 3116 τῶν
2821 3062 3108 3135 βαρϐάρων
3153 3063 3344 3126 ὲθνῶν,
3391 3065 3671 3117 συνίσταν-

2082 3173 2172 3209 ται
2205 3156 2666 3227 ἁποσυλήσαντες,
2704 3155 2820 3208 ἀλλ’
2847 3155 3016 3208 είσέτι
3068 3156 3160 3207 καί
3211 3155 3308 3208 νῦν
3348 3157 3668 3210 ἁλίσκονται

2081 3252 2179 3321 τῆς
2210 3249 2358 3318 σφῶν
2396 3249 2573 3303 αὐτῶν
2630 3253 2688 3304 ὲν
2732 3249 3126 3321 συγγράμμασι
3168 3249 3495 3320 φιλοτιμίας,
3528 3252 3671 3304 ἀπο-

2081 3341 2396 3413 στεροῦντες
2455 3341 2736 3412 ἀλλήλους.
2763 3340 2873 3404 Τάς
2919 3340 3047 3409 γοῦν
3096 3341 3202 3393 τῶν
3255 3341 3424 3404 πέλας
3464 3344 3494 3394 ὁ
3529 3345 3669 3395 καθ-

2079 3434 2162 3494 εὶς
2192 3431 2304 3502 (97)
2362 3429 2543 3484 αὐτῶν
2593 3431 2767 3495 λέξεις
2807 3430 2943 3501 ὁμοῦ
2976 3431 3068 3483 καὶ
3117 3431 3374 3494 διανοίας,
3409 3432 3503 3484 καὶ
3532 3431 3666 3495 ὅλας

2079 3523 2250 3591 λόγων
2275 3522 2554 3587 συντάξεις
2601 3521 2933 3592 ὑποκλέψας,
2967 3522 3045 3584 ὡς
3090 3522 3175 3575 ἐπ’
3204 3525 3425 3586 οἰκείοις
3475 3523 3668 3587 πόνοις

2080 3612 2425 3684 ὲσεμνύνατο.
2459 3613 2609 3684 Μηδὲ
2628 3611 2814 3665 τοῦτον
2838 3613 2882 3665 δ’
2917 3611 3192 3682 ὑπολάϐῃς
3227 3611 3358 3682 ὲμὺν
3384 3607 3521 3664 εἷναι
3568 3614 3666 3666 τὸν

2078 3705 2254 3774 λόγον’
2283 3705 2458 3757 αὐτῶν
2487 3705 2597 3776 γὰρ
2629 3705 2737 3757 τῶν
2770 3705 3062 3773 πανσόφων
3091 3704 3296 3776 ἀκούσῃ
3339 3703 3521 3766 πάλιν,
3558 3704 3668 3773 της

2076 3799 2134 3849 ὲν
2162 3795 2337 3863 λόγοις
2369 3795 2575 3867 κλοπῆς
2601 3796 2860 3866 ἀλλήλους
2907 3795 3338 3866 άπελεγχόντων.
3393 3793 3567 3848 Τοῦτο
3603 3795 3665 3849 δέ

2075 3903 2138 3954 γε
2168 3885 2321 3949 αὐτὸ,
2351 3886 2579 3957 ἐπείπερ
2613 3886 2758 3952 απαξ
2785 3886 3144 3958 ὡρμήθημεν,
3190 3886 3484 3954 ἀναγκαῖον
3513 3884 3667 3954 πρῶ-

2073 3997 2164 4033 τον
2186 3978 2442 4032 ἁπάντων
2471 3979 2720 4041 συνιδεῖν,
2755 3979 2836 4043 είς
2875 3979 3099 4050 ἔλεγχον
3137 3977 3231 4032 τοῦ
3253 3977 3364 4030 τῶν
3389 3975 3664 4047 δηλουμέο

2073 4091 2177 4126 νων
2201 4072 2426 4144 τρόπου.
2473 4071 2530 4124 'O
2560 4072 2657 4142 μὲν
2687 4067 2781 4125 οὖν
2806 4071 3075 4144 ήμέτερος
3121 4071 3352 4141 Κλήμης
3399 4069 3458 4121 ὲν
3509 4067 3669 4138 ἕκτῳ

2073 4159 2399 4228 Στρωματεῖ
2438 4161 2538 4232 τὴν
2587 4164 2720 4234 περὶ
2771 4162 2962 4216 τούτου
3020 4162 3278 4216 σύστασιν
3320 4162 3402 4226 είς
3450 4160 3667 4228 πλάτος

388 4268 500 4322 que
531 4267 925 4323 nonnunquam
951 4253 1159 4324 integra
1194 4251 1542 4316 sutl‘uratum,
1569 4268 1677 4307 non
1707 4267 1865 4309 secus
1895 4255 1963 4310 iis

2090 4255 2366 4328 ὶπηύθυνε·
2389 4254 2588 4310 τούτου
2600 4256 2657 4310 δέ
2690 4274 2778 4329 μοι
2803 4255 3020 4329 πρώτου
3048 4256 3228 4312 λαϐὼν
3258 4255 3534 4326 ἀνάγνωθι
3555 4256 3667 4321 τὰς

387 4359 454 4400 ac
479 4344 715 4415 propriis
736 4346 1020 4400 laboribus
1054 4346 1296 4416 gloriari.
1322 4345 1508 4416 Neque
1536 4355 1592 4400 tu
1615 4360 1789 4399 meam
1822 4346 1963 4404 hanc

2090 4347 2278 4402 τοιάσδε
2311 4349 2510 4417 φωνάς.
3141 4361 3144 4363 “

383 4457 510 4497 esse
543 4457 731 4498 vocem
767 4443 1032 4498 arbitrere
1059 4461 1072 4496 :
1099 4443 1204 4498 ista
1231 4458 1424 4497 rursus
1444 4441 1635 4497 audies
1665 4440 1957 4512 Sapientia:
1995 4444 2239 4511 corcula,
2276 4443 2733 4514 quemadmodum
2789 4445 2842 4498 in
2907 4445 3193 4500 scribendo
3227 4444 3333 4498 hoc
3366 4443 3471 4498 sibi
3527 4459 3666 4497 inu—

385 4543 482 4589 tuo
503 4534 664 4605 plagii
715 4535 918 4588 crimen
947 4535 1268 4605 impingam.
1295 4533 1473 4603 Atque
1496 4532 1547 4586 id
1569 4546 1722 4598 sane,
1765 4533 1988 4602 quando
2025 4533 2196 4590 semel
2227 4547 2294 4587 eo
2323 4532 2639 4586 incumbere
2688 4532 2991 4602 coepimus,
3050 4540 3176 4588 ante
3221 4533 3404 4587 omnia
3473 4531 3672 4601 pervi-

384 4629 516 4683 dere
568 4641 793 4682 necesse
825 4637 928 4692 est,
975 4636 1036 4680 ut
1079 4625 1471 4695 eXploratiores
1515 4624 1747 4679 istorum
1779 4640 1962 4682 mores
2001 4627 2322 4681 habeamus.
2357 4623 2422 4679 Et
2448 4624 2706 4692 quoniam
2733 4625 2986 4680 Clemens
3008 4625 3097 4680 ille
3131 4633 3317 4681 noster
3375 4624 3494 4680 fuse
3560 4628 3666 4681 ad-

385 4719 611 4776 modum
642 4718 910 4775 Stromate
934 4727 1088 4774 sexto
1109 4719 1534 4787 disputationem
1555 4718 1717 4773 istam
1757 4719 2083 4791 exsequitur
2112 4737 2128 4786 ;
2166 4719 2282 4774 haec
2306 4727 2364 4772 tu
2388 4718 2524 4772 mihi
2556 4717 2790 4787 primum
2824 4718 2994 4788 ipsius
3014 4719 3173 4774 verba
3198 4719 3412 4791 perlege

998 4812 1230 4868 CAPUT
1267 4813 1330 4869 ll.

2595 4813 2994 4867 ΚΕΦΑΛΑΙΟΝ
3040 4815 3113 4868 B'.

494 4904 578 4961 Ea:
601 4903 882 4972 Clemente,
907 4906 970 4960 de
1001 4904 1304 4960 ercorum
1327 4908 1645 4978 scriptorum
1671 4908 1850 4978 furtis.

2090 4903 2429 4974 ἰλήμεντος,
2459 4904 2592 4971 περὶ
2653 4903 2762 4972 τῆς
2806 4903 2922 4957 τῶν
2977 4903 3350 4973 Ἑλληνικῶν
3382 4921 3672 4976 (rm-ma-

2627 4974 2786 5028 ςσέων
2835 4974 3090 5028 κλοπῆς.

2630 4991 2786 5028 φεων
2835 4991 3090 5028 κλοπηρ.

458 5072 480 5106 ι
513 5052 633 5110 Jam
718 5073 869 5120 vero,
953 5058 1413 5129 quandoquidem,
1470 5035 1651 5133 inquit
1699 5063 1810 5128 ille,
1864 5078 1958 5119 ar-

2625 4994 2786 5043 ερεων
2835 4994 3090 5043 κλοπης.

2137 5087 2157 5120 t
2199 5068 2659 5139 Παραστήσαντες
2692 5066 2803 5137 (98)
2830 5067 2888 5120 δὲ
2910 5067 3007 5138 τὴν
3040 5068 3275 5138 ἔμφασιν
3316 5069 3417 5138 τῆς
3463 5067 3669 5138 Ἑλληο

383 5162 575 5202 cauam
615 5149 761 5204 illam
797 5150 1000 5205 Graeca:
1041 5154 1324 5208 sententiae
1355 5155 1487 5219 vim,
1520 5156 1642 5227 ejus
1663 5171 1830 5226 quam
1888 5171 1956 5212 ex

2092 5165 2212 5233 ικῆς
2239 5161 2480 5225 ἐπινοίας
2519 5160 2651 5231 (99),
2717 5161 2781 5214 ὲκ
2833 5163 2934 5231 τῆς
2991 5160 3079 5213 διὰ
3129 5159 3238 5214 τῶν
3273 5158 3508 5230 Γραφῶν
3575 5163 3668 5222 εἰς

385 5235 689 5310 Scripturis
720 5241 1006 5297 hausimus
1030 5243 1278 5299 veritatis
1330 5244 1536 5302 lumine
1581 5247 1954 5302 collustratam

2090 5256 2211 5325 ίμᾶς
2259 5253 2547 5325 δεδομένης
2591 5251 2848 5323 ἀληθείας
2894 5253 3410 5322 περιαυγασθείσαν,
3462 5250 3596 5304 καθ’
3626 5249 3666 5304 δ

681 5418 901 5504 audete;
921 5417 1166 5504 Omninq
1185 5419 1650 5504 reponendum“,
1673 5437 1950 5502 manuscr.

2132 5435 2238 5501 (98)
2278 5431 2916 5504 Hapaarﬁoarsecdé,
2945 5441 3048 5486 etc.
3085 5431 3430 5504 begeshunc
3457 5430 3662 5485 locum

382 5484 521 5573 καθ’]
538 5484 615 5549 εἷς
637 5503 649 5516 ο
686 5503 808 5570 nam
835 5484 924 5568 si;
958 5489 1079 5570 καθ’
1111 5485 1223 5573 είς.
1245 5484 1350 5545 ’γει
1383 5493 1412 5544 ὁ
1442 5493 1562 5573 καθ’
1597 5487 1709 5556 εἷς,
1746 5493 1950 5573 passim

2090 5484 2257 5557 nam.
2278 5484 2474 5558 ἶῖιῖιόιῖ
2500 5484 2783 5572 pisanis
2800 5484 2956 5557 initio
2987 5484 3046 5572 βξ
3074 5484 3218 5568 όδόζ
3245 5484 3384 5557 licet
3415 5484 3666 5557 notetur

381 5555 522 5634 apud
560 5559 1006 5634 recentiorisuzevi
1045 5562 1361 5630 scriptores,
1402 5555 1948 5634 maximeque'sacris
2049 5555 2618 5628 έίίῑλξξιίι,ἀᾟέξὸ-Ῑζξ

382 5621 436 5674 in
466 5621 682 5715 [litteris
703 5645 847 5715 ,rpro
879 5629 1107 5715 ἕκαστος
1138 5621 1461 5701 usurpatur,
1500 5635 1547 5686 oi
1580 5621 1701 5687 καθ’
1732 5633 1860 5699 ἕνα,
1891 5634 1946 5684 ai

2100 5621 2114 5627 ’
2638 5642 2806 5697 Clem.
2839 5641 3098 5706 διανοίας.

384 5691 524 5745 κατὰ
553 5695 699 5764 μίαν,
725 5691 832 5753 fere
863 5701 1001 5769 apud
1030 5691 1257 5757 veteres.
