3856 6224
245 319 353 376 το9

1445 314 1766 376 ΡΒΛΕΡΑΒ.
1809 317 2062 377 ενΑΝο.
2103 318 2233 375 LIB.
2276 318 2343 377 Χ.

3404 329 3508 384 770

244 433 646 506 σ’ῑμαινόμενον
687 435 762 508 (1)
811 435 1017 509 διήκειν
1067 437 1146 502 είς
1193 434 1411 502 αὐτοὺς,
1463 435 1561 508 τὴν
1619 433 1796 506 κλοπὴ

1929 435 2281 505 protulimus,
2309 450 2487 508 eoque
2517 452 2682 493 sensu
2707 437 2966 510 deinceps
2999 440 3066 494 ad
3097 440 3222 497 illos
3259 444 3506 502 veritatis

240 529 342 598 τῆς
375 526 633 599 ἀληθείας
667 529 1009 600 ἐκδεχόμενοι
1035 529 1134 601 (2),
1170 531 1219 583 εί
1256 529 1331 602 μὴ
1359 529 1597 600 ἐπαχθὲς
1625 531 1823 595 εἰπεῖν,

239 619 622 690 ἀπεδείξαμεν·
678 621 836 693 φέρε,
891 621 1175 695 μάρτυρας
1231 625 1332 693 τῆς
1379 622 1586 694 κλοπῆς
1628 621 1826 686 αὐτοὺς

238 713 364 768 καθ’
394 714 573 767 αὐτῶν
604 716 1045 787 παραστήσωμεν
1087 715 1214 780 τοὺς
1261 715 1547 786 Ἕλληνας.
1595 716 1658 768 Oi
1714 714 1825 787 γὰρ

235 803 308 858 τὰ
329 806 504 860 οἰκεῖα
537 803 710 870 οὕτως
743 805 1003 880 ἄντικρυς
1055 807 1187 879 παρ’
1226 807 1473 879 ἀλλήλων
1498 806 1825 878 ὑφαιρούμε-

237 911 322 949 νοι
355 895 630 966 βεϐαιοῦσι
655 897 755 968 μὲν
778 897 838 950 τὸ
856 897 1085 952 κλέπται
1123 895 1262 954 εἷναι
1280 938 1295 959 ,
1333 891 1743 970 σφετερίζεσθαί
1766 898 1822 952 δὲ

233 988 387 1059 ὅμως
418 990 512 1043 καὶ
537 989 882 1060 άκοντες.τὴν
907 991 1037 1062 παρ’
1060 990 1221 1063 ἡμῶν
1269 991 1524 1064 ἀλήθειαν
1566 993 1646 1054 είς
1694 994 1820 1056 τοὺς

232 1081 541 1153 ὁμοφύλους
563 1083 737 1155 λάθρα
764 1084 1177 1138 διαδείκνυνται.
1205 1085 1268 1138 Ei
1300 1084 1410 1157 γὰρ
1435 1085 1567 1156 μηδὲ
1589 1085 1816 1150 ἑαυτῶν,

234 1172 398 1244 σχολῇ
428 1173 480 1242 γ’
511 1172 576 1227 ἂν
631 1173 736 1226 τῶν
789 1174 1073 1246 ἡμετέρων
1099 1173 1413 1243 ἀφέξονται.
1465 1174 1576 1228 Καὶ
1621 1174 1690 1227 τὰ
1719 1175 1818 1245 μὲν

230 1264 375 1317 κατὰ
408 1264 724 1334 φιλοσοφίαν
768 1267 1116 1336 σιωπήσομαι
1163 1265 1430 1336 δόγματα,
1477 1266 1657 1320 αὐτῶν
1685 1269 1816 1337 όμο-

228 1356 531 1424 λογούντων
557 1358 849 1429 ἐγγράφως
881 1357 989 1411 τῶν
1014 1358 1113 1422 τὰς
1138 1359 1380 1430 αἱρέσεις
1431 1358 1638 1413 διανενε
1648 1377 1720 1430 μη
1730 1359 1819 1430 μέ-

227 1465 358 1511 νων,
383 1448 457 1512 ὡς
495 1451 568 1521 μὴ
591 1450 877 1523 ἀχάριστοι
932 1451 1260 1522 ἑλεγχθεϊεν,
1295 1451 1450 1524 παρὰ
1494 1453 1817 1524 Σωκράτους

227 1541 508 1614 εἰληφέναι
534 1543 603 1597 τὰ
633 1544 946 1617 κυριώτατα
972 1545 1080 1599 τῶν
1132 1545 1440 1616 δογμάτων.
1503 1547 1735 1614 Ὀλίγοις
1757 1547 1814 1600 δὲ

229 1633 336 1687 τῶν
371 1634 658 1707 καθωμιλη
668 1636 863 1707 μένων,
889 1637 984 1690 καὶ
1008 1636 1160 1709 παρὰ
1182 1641 1294 1701 τοῖς
1319 1637 1576 1708 Ἕλλησιν
1599 1639 1813 1692 εὐδοκί-

1923 526 2172 595 ejusdem
2203 527 2430 592 furtum,
2464 529 2511 584 si
2541 528 2617 583 ita
2649 529 2798 598 loqui
2824 528 2908 584 fas
2931 540 3034 594 est,
3069 534 3384 602 pervenisse
3412 551 3506 592 os-

1925 618 2240 673 tendimus:
2274 635 2374 689 age
2434 619 2654 676 Graecos
2701 621 2852 691 ipsos
2885 622 2942 674 in
2985 637 3108 679 sese
3142 625 3306 697 plagii
3335 637 3504 684 testes

1923 713 2315 782 producamus.
2347 712 2480 768 Nam
2506 717 2600 786 qui
2633 718 2750 773 suis
2776 719 2828 772 in
2865 719 3032 774 rebus
3063 720 3224 793 [‘62
3269 723 3340 776 ab
3377 723 3502 781 aliis

1923 804 2013 858 alii
2054 805 2232 874 palam
2289 806 2426 859 adeo
2454 807 2714 877 pleraque
2743 809 3104 876 suﬁ‘urantur,
3131 813 3166 864 ii
3202 827 3334 867 sane
3372 829 3501 869 cum

1923 907 2043 947 sese
2079 893 2230 949 fures
2282 909 2405 949 esse
2461 898 2811 964 confirmant,
2860 909 2974 954 tum
3033 902 3195 957 etiam
3227 905 3311 959 vel
3343 906 3498 960 inviti

1919 985 2224 1056 profectam
2280 1001 2310 1041 a
2360 987 2520 1043 nobis
2563 991 2846 1046 veritatem
2875 1005 2930 1048 et
2959 994 3238 1050 vindicare
3279 996 3416 1063 sibi,
3442 1005 3499 1054 et

1920 1093 2044 1133 cum
2076 1079 2371 1148 gentilibus
2400 1082 2549 1148 suis,
2585 1082 2822 1138 obscure
2879 1084 3044 1150 licet,
3087 1089 3497 1146 communicare

1921 1179 2246 1224 noscuntur.
2275 1169 2332 1224 Si
2357 1171 2502 1224 enim
2530 1175 2646 1227 suis
2672 1175 2896 1230 minime
2924 1188 3183 1245 parcunt,
3221 1194 3252 1233 a
3288 1182 3494 1236 nostris

1918 1275 2060 1330 aegre
2086 1261 2462 1316 abstinebant.
2497 1264 2673 1332 Atque
2695 1274 2753 1318 ut
2785 1267 3149 1336 philosophiae
3170 1270 3385 1325 decreta
3413 1271 3493 1326 si.

1917 1351 2081 1419 leam,
2106 1369 2230 1408 cum
2267 1369 2387 1409 sese
2419 1357 2752 1410 familiarum
2783 1359 2968 1426 duces,
3000 1376 3066 1415 ne
3105 1363 3303 1432 ingrati
3337 1365 3494 1419 vide-

1915 1445 2040 1498 licet
2081 1446 2414 1512 habeantur,
2463 1451 2857 1518 praecipuarum
2891 1453 3211 1520 opinionum
3245 1457 3424 1525 capita
3457 1471 3490 1512 a

1917 1533 2142 1592 Socrate
2173 1540 2451 1608 accepisse
2483 1539 2790 1597 fateantur:
2827 1545 2918 1598 ubi
2945 1548 3134 1614 paucis
3156 1547 3366 1616 aliquot
3398 1564 3491 1604 eo-

1913 1645 2036 1682 rum
2081 1630 2432 1692 testimoniis,
2449 1631 2542 1698 qui
2575 1634 2822 1686 omnium
2843 1649 2938 1686 ore
2956 1635 3322 1702 celebrantur,
3342 1654 3492 1692 sum-

225 1743 344 1796 μων
377 1728 585 1800 ἀνδρῶν
620 1728 966 1800 χρησάμενος
1035 1730 1376 1801 μαρτυρίοις,
1413 1729 1473 1782 τὸ
1518 1730 1796 1784 κλεπτικὸη

1912 1735 2124 1788 nmque
2150 1730 2278 1776 sunt
2313 1722 2456 1790 apud
2477 1720 2698 1777 Graecos
2731 1724 2881 1792 ipsos
2900 1725 3346 1796 existimationis,
3369 1730 3492 1784 nul-

219 1817 500 1887 διελέγξας
531 1816 671 1886 εἶδος
700 1821 898 1882 αὐτῶν,
926 1821 1236 1893 ἀδιαφόροις
1260 1824 1372 1886 τοῖς
1402 1823 1614 1893 χρόνοις
1639 1840 1796 1877 κατα-

1913 1814 1966 1867 lo
1998 1821 2304 1883 temporum
2341 1814 2691 1879 discrimine,
2721 1831 2883 1870 suum
2929 1817 3061 1872 illud
3105 1833 3169 1873 ac
3208 1821 3486 1889 proprium

219 1910 524 1983 χρώμενος,
588 1914 680 1967 ἐπὶ
724 1913 794 1969 τὰ
841 1913 969 1986 ἑξῆς
1025 1912 1311 1984 τρέψομαι.
1339 1932 1357 1965 ›
1421 1913 1585 1968 Ταῦθ’
1633 1914 1708 1978 ὡς
1748 1917 1806 1968 ἐν

218 2006 529 2076 προοιμίοις
555 2007 754 2077 φήσας,
810 2007 936 2072 τοὺς
964 2005 1219 2077 ἐλέγχους
1245 2007 1372 2078 ἑξῆς
1421 2007 1636 2076 ἐπάγει,
1667 2024 1806 2060 παν-

217 2096 394 2159 τοίαις
421 2097 757 2168 κεχρημένος
778 2097 1106 2162 ἀποδείξεσι,
1142 2096 1235 2149 καὶ
1274 2095 1525 2168 πρώτους
1568 2114 1632 2166 γε
1680 2099 1804 2161 τοὺς

217 2185 451 2256 ποιητὰς
483 2186 550 2240 τὰ
579 2185 730 2259 παρὰ
749 2186 858 2240 τῶν
887 2187 1089 2257 ὁμοίων
1140 2186 1483 2258 κεκλοφέναι,
1509 2188 1597 2242 διὰ
1628 2205 1805 2260 παρα-

217 2277 420 2346 θέσεως
438 2278 546 2334 τῶν
572 2279 804 2334 ἑκάστου
835 2278 1028 2350 φωνῶν
1075 2279 1308 2334 εὐθύνει.
1363 2275 1475 2333 Εἶθ’
1500 2279 1626 2351 ἑξῆς
1681 2283 1803 2334 ἐπι-

215 2370 365 2440 λέγει
397 2371 589 2424 ταῦτα·
623 2391 641 2423 ι
689 2372 776 2434 Ὡς
803 2371 935 2442 μηδὲ
963 2372 1186 2442 ἄμοιρον
1233 2372 1333 2443 τήν
1360 2387 1419 2424 τε
1465 2371 1801 2440 φιλοσοφίαν,

213 2465 318 2534 τήν
342 2481 400 2516 τε
425 2464 688 2535 ἱστορίαν,
716 2463 856 2517 ἀλλὰ
886 2463 1023 2534 μηδὲ
1061 2463 1158 2534 τὴν
1179 2463 1472 2535 ῥητορικὴν
1499 2463 1592 2516 τοῦ
1615 2465 1800 2534 όμοίου

215 2555 444 2625 ἐλέγχου
488 2555 841 2628 περιίδωμεν,
890 2554 1222 2608 καὶτούτων
1253 2554 1409 2624 ὀλίγα
1459 2554 1800 2624 παραθέσθαι

211 2646 492 2716 εὔλογον.»
559 2644 673 2702 Εἶτ’
705 2646 1014 2712 ἀκολούθως
1077 2647 1340 2718 Ὀρφέως,
1408 2646 1797 2718 Ἡρακλείτου,

211 2739 521 2805 Πλάτωνος,
555 2739 900 2810 Πυθαγόρου,
936 2738 1240 2810 Ἡροδότου,
1271 2738 1614 2810 Θεοπόμπου,
1660 2737 1798 2791 Θου-

210 2831 454 2894 κυδίδου,
519 2831 914 2903 Δημοσθένους,
971 2832 1248 2903 Αἰσχίνου,
1299 2832 1521 2896 Λυσίου,
1569 2831 1801 2902 Ἰσοκρά-

208 2941 358 2986 τους,
388 2921 596 2994 μυρίων
616 2921 791 2976 ἄλλων
830 2922 1214 2994 παρατίθησιν,
1272 2915 1347 2976 ὧν
1405 2923 1655 2995 περιττὸν
1695 2923 1797 2994 ἐμὲ

209 3013 534 3080 καταλέγειν
586 3012 684 3076 τὰς
734 3011 938 3080 φωνὰς,
993 3010 1359 3082 προκειμένης
1420 3013 1518 3083 τῆς
1573 3011 1797 3083 τάνδρὸς

207 3107 452 3176 γραφῆς,
482 3099 602 3177 ἑνῇ
653 3104 792 3175 μετὰ
848 3104 975 3167 τοὺς
1027 3103 1281 3174 ἐλέγχους
1328 3103 1436 3157 τῶν
1491 3105 1797 3176 εἰρημένων

201 3197 384 3252 ταῦτα
408 3196 570 3250 πάλιν
596 3197 781 3267 φησίν⁶
822 3214 838 3246 ι
862 3196 928 3248 Αἰ
958 3195 1054 3266 μὲν
1085 3192 1177 3248 οὖν
1224 3195 1355 3250 ίδέαι
1382 3198 1481 3268 τῆς
1509 3198 1652 3251 κατὰ
1680 3197 1796 3250 διά-

201 3308 360 3345 νοιαν
400 3289 718 3360 Ἑλληνικῆς
755 3286 962 3357 κλοπῆς
991 3288 1071 3351 είς
1121 3287 1425 3359 ὑπόδειγμα
1456 3290 1684 3360 ἐναργὲς
1710 3290 1790 3361 τῷ

203 3383 394 3454 διορᾷν
421 3380 704 3452 δυναμένῳ
752 3379 951 3434 τοιαίδε
984 3375 1164 3444 οὖσαι,
1196 3379 1313 3444 ἆλις
1342 3379 1610 3438 ἔστωσαν.
1652 3382 1790 3453 Ἤδη

200 3475 266 3528 δὲ
289 3476 351 3528 ού
381 3473 478 3537 τὰς
510 3473 744 3536 διανοίας
781 3472 938 3543 μόνον
990 3471 1085 3525 καὶ
1118 3471 1216 3541 τᾲς
1271 3471 1445 3538 λέξεις
1472 3472 1792 3543 ὑφελόμενοι

204 3568 305 3620 καὶ
356 3567 818 3637 παραφράσαντες
875 3562 1276 3634 ἐφωράθησαν,
1345 3563 1421 3627 ὡς
1477 3564 1792 3636 δειχθήσον-

205 3676 297 3712 Ιται
345 3659 445 3729 (5),
497 3656 798 3720 αὐτοτελῶς
848 3655 905 3708 δὲ
951 3656 1023 3710 τὰ
1073 3657 1278 3728 ἑτέρων
1333 3655 1674 3729 ὑφελόμενοι,
1717 3657 1794 3721 ὡς

205 3752 318 3805 ἴδια
342 3751 663 3821 ἐξήνεγκανο
719 3748 969 3823 καθάπερ
1019 3748 1370 3820 Εύγράμμων
1411 3748 1485 3819 (4)
1519 3751 1548 3802 ό
1605 3751 1792 3822 Κυρη-

204 3847 358 3907 ναῖος
383 3844 448 3896 ἑκ
475 3841 745 3896 Μουσαίου
788 3856 856 3895 το
900 3839 1023 3909 περὶ
1061 3841 1424 3909 Θεσπρωτῶν
1458 3839 1657 3911 βιϐλίον
1685 3841 1795 3894 ὁλό-

205 3937 464 4008 κληρον.ι
497 3931 664 3997 Αὖθις
685 3935 742 3987 δὲ
774 3933 982 3997 τούτοις
1020 3930 1315 4000 ἐπαγαγὼν
1355 3931 1611 3994 πλείστας
1655 3932 1792 3986 ἀπο-

204 4029 401 4094 δείξεις
432 4027 526 4082 τοῦ
558 4027 740 4097 λόγου,
799 4025 960 4080 πάλιν
1001 4024 1267 4078 τελευτῶν
1300 4022 1620 4096 προστίθησι
1640 4023 1789 4077 τάδε·

209 4139 235 4174 ε
287 4119 586 4189 Ἐπιλείιξιει
621 4137 689 4190 με
721 4121 750 4172 ὁ
780 4117 891 4188 βίος
928 4116 1024 4187 (5),
1067 4119 1114 4169 εί
1162 4115 1284 4170 καθ’
1309 4115 1539 4168 ἕκαστον
1580 4113 1793 4178 ἐπεξιέ-

203 4232 296 4268 ναι
330 4211 637 4286 πειρῴμην,
671 4213 771 4284 τὴν
815 4207 1132 4282 Ἑλληνικὴν
1188 4207 1482 4278 διελέγχων
1536 4207 1792 4278 φίλαυτον

204 4308 436 4380 κλοπὴν,
470 4307 564 4361 καὶ
615 4305 690 4369 ὡς
726 4302 1132 4374 σφετερίζονται
1152 4300 1250 4372 τὴν
1283 4299 1498 4370 εὕρεσιν
1525 4297 1634 4351 τῶν
1662 4301 1790 4370 παρ’

203 4403 388 4465 αὐτοῖς
419 4399 716 4454 καλλίστων
768 4395 1072 4466 δογμάτων,
1107 4394 1172 4464 ἢν
1219 4391 1346 4462 παρ’
1382 4388 1536 4461 ἡμῶν
1567 4388 1792 4459 εἰλήφα-

207 4512 314 4548 σιν.
361 4493 501 4562 Ἦδη
523 4491 579 4544 δὲ
609 4490 672 4543 οὐ
704 4489 862 4560 μόνον
903 4485 1290 4557 ὑφαιρούμενοι
1329 4481 1397 4535 τὰ
1423 4482 1668 4552 δόγματα
1696 4498 1794 4532 πα-

1914 1904 2131 1959 furandi
2162 1921 2334 1976 genus
2366 1921 2622 1976 arguero,
2649 1916 2762 1961 tum
2794 1907 3015 1963 demum
3048 1911 3114 1964 ad
3151 1926 3236 1974 ea,
3260 1927 3381 1982 quae
3402 1927 3490 1967 or-

1913 1994 2040 2048 dine
2091 2005 2524 2065 consequuntur,
2564 2011 2742 2051 meme
2809 1998 2925 2066 ipse
2974 2001 3300 2056 revocaboa
3365 2000 3489 2057 Haec

1913 2087 2004 2142 ille
2035 2087 2192 2157 quasi
2225 2087 2508 2157 praafatus,
2549 2099 2698 2143 certa
2732 2089 2986 2160 deinceps
3036 2100 3200 2162 atque
3235 2094 3384 2148 omni
3421 2109 3485 2148 ex

1911 2195 2109 2251 genere
2138 2179 2408 2234 furtorum
2444 2190 2761 2252 argumenta
2794 2181 3023 2250 profert,
3052 2184 3218 2239 ducto
3249 2200 3280 2240 a
3315 2186 3488 2254 poetis

1912 2273 2091 2335 initio,
2121 2288 2259 2342 quos
2280 2274 2511 2328 aliorum
2543 2283 2828 2344 poetarum
2864 2290 3054 2330 versus
3078 2287 3241 2346 atque
3265 2285 3486 2332 senten-

1910 2364 2015 2418 tias
2072 2362 2286 2420 furatos
2328 2380 2472 2430 esse,
2511 2380 2610 2420 sua
2654 2365 2924 2436 cujusque
2952 2368 3115 2422 verba
3150 2368 3294 2422 inter
3361 2383 3485 2426 sese

1910 2455 2270 2522 conferendo,
2311 2458 2527 2526 probat.
2580 2454 2722 2510 Tum
2771 2458 2845 2511 ita
2903 2460 3296 2529 prosequitur:
3342 2478 3362 2514 ι
3409 2460 3488 2518 Ne

1908 2549 2334 2619 phi1050phiam,
2369 2547 2572 2618 inquit,
2589 2556 2684 2602 aut
2710 2548 3018 2616 historiam,
3037 2561 3134 2606 aut
3160 2552 3331 2622 ipsam
3349 2569 3488 2623 quo-

1907 2656 2014 2711 que
2040 2641 2386 2696 rhetoricam
2409 2641 2513 2696 hac
2545 2641 2982 2710 reprehensione
3011 2659 3200 2699 carere
3228 2646 3352 2715 quis
3379 2662 3485 2717 pu-

1907 2741 2005 2797 tel,
2053 2741 2244 2786 verum
2285 2734 2472 2803 utique
2531 2732 2716 2799 fuerit,
2759 2749 2828 2789 ex
2878 2736 2946 2790 iis
2987 2735 3150 2790 etiam
3180 2739 3486 2807 disciplinis

1906 2825 2170 2879 nonnulla
2207 2823 2472 2894 proferre.
2513 2845 2534 2878 ι
2573 2826 2674 2882 Hic
2708 2825 2932 2897 Orphei,
2982 2825 3264 2895 Heracliti,
3300 2830 3481 2886 Plato—

1906 2917 2012 2982 nis,
2041 2915 2384 2987 Pythagora,
2417 2915 2700 2983 Herodoti,
2726 2917 3082 2989 Theopompi,
3126 2919 3479 2993 Thucydidis,
3527 2971 3530 2976 .

1905 3007 2313 3072 Demosthenis,
2341 3006 2646 3073 IEschinis,
2680 3009 2876 3082 Lysiae,
2910 3009 3191 3079 Isocratis,
3221 3023 3276 3068 et
3297 3013 3483 3069 inlini~
3539 3051 3542 3056 -

1904 3110 2085 3157 torum
2113 3102 2348 3156 aliorum
2392 3103 2512 3157 loca
2553 3101 2700 3156 inter
2737 3117 2859 3158 sese
2888 3104 3203 3169 committit,
3240 3120 3477 3174 quorum
3540 3107 3544 3176 ξ

1897 3193 2062 3247 verba
2112 3192 2480 3264 subiungere,
2527 3193 2684 3263 plane
2714 3209 3177 3263 supervacaneum
3226 3196 3317 3261 sit,
3349 3212 3474 3252 cum
3544 3209 3549 3223 ‘

1898 3283 2144 3352 ipsorum
2187 3283 2486 3340 Clementis
2546 3286 2874 3354 scriptorum
2920 3285 3102 3355 quivis
3136 3289 3346 3357 copiam
3374 3289 3476 3344 ha—

1899 3375 2044 3429 beat.
2094 3373 2196 3429 Ubi
2223 3377 2538 3432 auctoribus
2567 3377 2675 3431 illis
2708 3375 2841 3432 fu'rti
2880 3378 3179 3444 convictis,
3209 3379 3314 3434 ista
3347 3379 3478 3436 sul)-

1896 3464 2017 3519 dit:
2061 3483 2080 3515 c
2123 3466 2300 3535 Atque
2354 3467 2470 3520 haec
2499 3465 2796 3533 furtorum,
2837 3467 3030 3536 inquit.
3063 3471 3107 3522 si
3143 3471 3471 3526 saltemiam

1896 3565 2129 3624 spectes,
2160 3557 2300 3625 apud
2323 3555 2543 3612 Graecos
2570 3558 2716 3611 varia
2743 3559 2900 3627 quasi
2916 3574 3136 3629 genera,
3161 3561 3210 3614 ei
3227 3561 3472 3629 quidem,

1897 3649 1989 3718 qui
2045 3650 2242 3704 mentis
2301 3652 2419 3705 acie
2467 3650 2798 3721 solertiaque
2849 3652 3061 3718 valeat,
3097 3655 3364 3709 evidentis
3409 3671 3474 3710 ac

1895 3741 2170 3797 manifesti
2203 3744 2436 3813 exempli
2464 3759 2630 3798 causa
2666 3745 2799 3799 satis
2831 3752 3012 3799 erunt.
3050 3743 3170 3799 Jam
3200 3761 3332 3800 vero
3363 3763 3471 3803 non

1906 3830 2088 3891 solas,
2138 3838 2198 3883 ut
2232 3844 2261 3882 a
2296 3832 2454 3884 nobis
2493 3831 2831 3895 ostendetur,
2870 3833 3166 3886 sententias
3206 3849 3478 3905 vocesque

1905 3918 2153 3974 suffurati
2184 3928 2336 3983 sunt,
2357 3927 2449 3973 aut
2477 3920 2831 3990 interpretum
2861 3937 3011 3977 more
3047 3921 3223 3978 fusius
3251 3925 3474 3997 elocuti,

1905 4009 1998 4064 sed
2030 4010 2205 4064 aliena
2235 4011 2398 4064 etiam
2427 4027 2590 4080 opera
2624 4027 2722 4082 pro
2753 4011 2890 4074 suis,
2930 4029 3095 4082 quam
3129 4015 3287 4081 longa
3323 4025 3472 4080 sunt,

1903 4099 2123 4154 edidere
2149 4117 2161 4152 :
2185 4107 2244 4152 ut
2278 4098 2643 4170 Eugrammon
2693 4102 2782 4155 ille
2804 4101 3118 4170 Cyrenaeus,
3151 4105 3244 4173 qui
3270 4103 3475 4176 llusaeo
3529 4114 3537 4172 ξ

1903 4187 2204 4243 detractum
2230 4188 2482 4243 volumen
2525 4191 2588 4244 de
2621 4190 2916 4261 Thesproti:
2952 4193 3220 4263 integrum
3253 4196 3474 4249 nomine
3531 4179 3536 4234 ἒ

1903 4279 2145 4349 vulgavit
2165 4294 2286 4334 suo.
2314 4299 2333 4331 ι
2358 4278 2512 4346 Quod
2538 4282 2651 4350 ipse
2673 4291 3026 4352 posteaquam
3055 4284 3244 4339 multis
3272 4287 3472 4341 confir-

1903 4381 2108 4425 matum
2131 4385 2195 4426 ac
2221 4380 2476 4426 testatum
2505 4374 2767 4441 exemplis
2797 4375 3050 4443 reliquit,
3073 4375 3138 4429 ad
3162 4388 3469 4432 extremum

1903 4461 1976 4516 ita
2003 4461 2314 4516 concludit:
2349 4481 2367 4514 ι
2408 4461 2524 4517 Vita
2548 4479 2632 4518 me
2656 4464 2890 4529 deficiat,
2916 4466 3110 4535 inquit,
3137 4467 3181 4522 si
3205 4467 3468 4537 quidquid

785 4540 1175 4650 v6tsléleovcai,
1229 4574 1366 4630 ἀλλὰ
1418 4540 1536 4628 καί·
1563 4572 1783 4644 προσέτι

1908 4553 2005 4615 illi,
2036 4553 2163 4606 dum
2197 4568 2317 4607 sese
2342 4553 2567 4607 nimium
2598 4566 2805 4621 amant,
2833 4555 3032 4611 furtive
3060 4559 3468 4628 surripuerunt,

203 4677 643 4751 ἀπομιμούμενοι
670 4674 740 4728 τὰ
795 4674 925 4744 παρ’
948 4673 1100 4742 ἡμῖν,
1126 4667 1331 4723 ἄνωθεν
1371 4668 1436 4719 ἑκ
1487 4668 1585 4737 τῆς
1635 4663 1784 4728 θείας

201 4771 486 4841 δυνάμεως
509 4767 597 4821 διὰ
627 4765 735 4820 τῶν
758 4764 925 4834 ἁγίως
957 4762 1294 4834 βεϐιωκότων
1333 4759 1414 4823 είς
1457 4757 1556 4827 τὴν
1589 4756 1785 4827 ἡμετέ-

276 4904 357 4976 (l)
396 4904 534 4960 Καθ’
569 4903 601 4957 ὃ
625 4904 1090 4976 σημαινόμενον.
1123 4898 1311 4976 Graeca
1339 4896 1426 4950 hic
1446 4893 1780 4976 subhorrida

202 4963 359 5038 sunt,
385 4990 487 5030 nec
516 4963 934 5043 tamen'opino'r,
967 4986 998 5025 a
1028 4969 1187 5041 genio
1213 4965 1512 5043 Clementis
1545 4963 1724 5043 aliena
1755 4981 1768 5018 :

203 5047 322 5100 vult
347 5033 514 5118 enim,
547 5046 647 5118 hoc
680 5033 890 5118 tantum
919 5033 1103 5118 sensu,
1126 5047 1404 5118 quatenus
1435 5037 1490 5088 in
1519 5033 1784 5118 prufano-

198 5132 328 5171 rum
356 5102 746 5185 cogitationum
775 5113 912 5168 lucis
937 5102 1228 5185 aliquidex
1258 5102 1782 5185 divinoruiii_bilii'ii-

200 5203 329 5240 rum
364 5174 513 5241 fonte
545 5184 886 5248 redundavit,
911 5180 980 5236 ad
1009 5174 1231 5236 eosdem
1261 5177 1513 5232 furtivam
1541 5174 1780 5243 aliquam

203 5257 456 5311 veritatis
487 5256 806 5324 particulam
839 5251 1170 5324 pervenisse.

279 5327 359 5394 (2)
410 5315 1445 5395 ‘Eidszdperorfﬂancvocem_junge
1503 5329 1625 5368 cum
1672 5315 1783 5395 άπ-

199 5387 510 5465 εδείξαμεν,
541 5387 920 5449 adverbialiter
941 5391 1088 5465 enim
1119 5389 1262 5446 sumi
1291 5387 1526 5447 videtur,
1555 5398 1652 5453 pro
1682 5387 1782 5453 ἐφ-

201 5461 747 5536 εξῆςέκδεχομένως,
788 5474 880 5517 aut
909 5461 1070 5536 sintjl.
1154 5530 1168 5536 _
1408 5525 1422 5536 ,
1673 5522 1684 5533 ,

279 5525 355 5605 (3)
397 5525 954 5605 Ὠς-’δειχθήσονταα
995 5529 1122 5605 Post
1154 5530 1269 5605 hare
1294 5525 1497 5605 ‘verba,
1533 5525 1780 5605 sequitur

197 5589 351 5676 apud
383 5589 649 5660 Cirimen't‘.
685 5589 850 5659 {ma
878 5601 986 5672 γὰρ
1018 5602 1112 5653 καὶ
1143 5600 1210 5652 τὰ
1235 5597 1414 5668 φώρια
1447 5589 1778 5715 ἁγτικριὺςό-

203 5675 444 5715 ὶόνλιηηη
482 5675 690 5715 Evoti-nr
734 5671 1192 5715 διςλςνῦᾗσονταν
1240 5666 1537 5715 αὐτοτελῶς
1570 5681 1603 5715 γ
1649 5679 1678 5715 ο
1715 5661 1778 5713 τὰ

203 5661 448 5746 λόκληρα
482 5675 690 5744 ἔχοντες
734 5661 1192 5741 διελεχθῆσονται·
1240 5661 1537 5726 αὐτοτελῶς
1570 5661 1678 5733 γὰρ
1715 5661 1778 5713 τὰ

205 5747 294 5801 ἑτέ
300 5763 353 5816 ρ.
383 5754 490 5799 etc.

183 5889 196 5904 .
278 5803 355 5885 (Ἀ)
377 5814 762 5883 Εὺηράμμων.
793 5810 1056 5869 Clementi
1087 5808 1341 5875 εὐγάμων
1369 5805 1585 5872 dicitur,
1618 5803 1772 5858 item-
1811 5873 1834 5880 _

1900 4658 2172 4713 exponere
2197 4643 2471 4714 sigillatim
2501 4653 2553 4698 et
2585 4660 2883 4715 coarguere
2921 4647 3158 4702 voluero
3185 4666 3199 4702 :
3231 4665 3333 4703 nec
3360 4665 3469 4704 non

1901 4743 1957 4789 ut
1974 4733 2334 4803 pulcherrima
2350 4749 2579 4804 qua:qu
2591 4735 2994 4806 dogmata,quae
3011 4752 3041 4791 a
3056 4737 3213 4793 nobis
3231 4739 3468 4808 primum

1901 4901 2006 4954 que
2030 4885 2168 4954 apud
2202 4883 2494 4940 Eusebium
2530 4895 2776 4941 nostrum
2804 4887 2858 4940 in
2887 4883 3176 4949 Chronico,
3223 4889 3311 4943 ubi
3343 4904 3465 4944 eum

1900 4957 2013 5029 sub
2046 4955 2359 5029 Olympiade
2390 4973 2485 5010 LIII
2518 4958 2817 5029 coustituit.
2860 4955 2996 5010 Nam
3029 4957 3324 5029 Gregorius
3361 4957 3469 5029 Gy-

1901 5025 2020 5096 rald
2072 5025 2300 5096 Dialogo
2322 5025 2384 5079 de
2406 5034 2539 5096 poet:
2589 5027 2641 5089 5,
2686 5024 3468 5096 ClementemEusebiumque

1900 5093 2158 5157 laudans,
2193 5093 2470 5163 antiquam
2514 5093 2651 5150 forte
2676 5096 2964 5150 Eusebiani
2995 5094 3242 5150 Chronici
3268 5093 3464 5150 editio-

1897 5180 2022 5218 nem
2065 5172 2282 5218 secutus
2303 5205 2317 5225 ,
2359 5163 2700 5234 Eugamnum
2725 5205 2740 5227 ,
2783 5175 3039 5234 corrupto
3061 5206 3077 5230 ,
3117 5178 3178 5219 ut
3213 5167 3426 5220 videtur
3447 5205 3463 5228 ,

1898 5234 2120 5305 nomine
2149 5232 2464 5305 appellavit.
2487 5232 2604 5305 Non
2635 5249 2764 5304 ergo
2795 5233 2930 5305 fugit
2950 5232 3061 5288 'hic
3110 5236 3342 5303 scriptor
3369 5236 3464 5290 ho-

1899 5304 2064 5372 minis
2087 5304 2441 5357 oculatissimi
2472 5304 2830 5366 diligentiam,
2861 5304 2919 5356 ut
2950 5305 3164 5371 putavit
3195 5305 3460 5372 Scaliger.

1897 5371 1946 5424 ls
1971 5387 2131 5439 porro
2166 5388 2271 5425 non
2301 5382 2506 5426 tantum
2541 5373 2847 5440 Thesprotia
2881 5373 3134 5440 scripsit,
3161 5375 3254 5427 sed
3296 5371 3461 5428 etiam

1900 5440 2251 5511 Telegouiam,
2284 5451 2340 5496 ut
2373 5443 2599 5496 habetur
2633 5443 2686 5496 in
2720 5442 2842 5497 eod.
2881 5443 3162 5503 Chronico,
3190 5444 3333 5499 sicut
3358 5443 3466 5496 Ho-

1897 5510 2082 5581 merus
2113 5510 2406 5580 Ulysseam,
2431 5511 2715 5565 AJneidem
2747 5511 3024 5581 Virgilius,
3055 5513 3146 5565 alii
3169 5515 3283 5568 alia
3314 5529 3326 5564 :
3359 5513 3462 5567 nisi

1895 5580 2370 5663 ρι’ροτειεθυηίαηι,
2397 5583 2554 5637 malis
2585 5580 2956 5654 Theogoniam,
2975 5583 3120 5654 quod
3148 5583 3202 5637 in
3235 5587 3462 5653 antiqua

1895 5652 2131 5706 edttlone
2167 5651 2358 5705 fuerat.

1894 5666 2131 5706 cultione
2167 5666 2358 5705 luerat.

1967 5721 2042 5792 (5)
2069 5722 2393 5795 Ἐπιλεζψει
2409 5739 2485 5790 με
2507 5725 2540 5775 ό
2555 5722 2973 5795 ,ϐίοςηξζξδιαηι
3003 5725 3288 5795 sequentia
3313 5722 3459 5793 apud

1895 5791 2155 5853 (ﬂuitent.
2184 5792 2305 5847 eod.
2335 5793 2426 5848 lib.
2461 5809 2534 5857 vi,
2563 5807 2684 5860 pag.
2715 5791 2844 5848 255.
