3856 6224
402 351 507 410 ’ΠΙ
1075 350 1347 411 EUSEBII
1383 349 1864 411 CESARIENSIS
1893 346 2046 412 OPP.
2079 356 2271 414 PARS
2296 355 2361 413 li.
2402 384 2472 401 -
2505 346 3002 413 APOLOGETICA.
3537 361 3655 418 ’ΝΞ

400 466 707 524 constituta
737 476 1110 538 sumpserunt,
1135 474 1246 539 pro
1272 468 1390 526 suis
1418 476 1605 539 postea
1625 468 1972 527 venditarint.

2081 490 2180 545 ραν
2204 472 2541 545 ἐπιστροφὴν
2568 471 2887 544 παραδόξως
2921 471 3310 546 ἐνεργούμενα,
3365 466 3656 551 Ἑλληνικῇ

409 555 574 631 m
605 555 761 615 Nunc
796 573 926 614 vero
972 573 1083 613 non
1129 558 1272 615 satis
1303 559 1407 630 ipsi
1461 559 1817 618 barbarorum
1855 575 1976 617 sen-

2081 565 2381 638 μυθολογίᾳ
2421 565 2498 637 (6)
2555 565 2988 637 τερατευόμενοι.
3046 565 3158 620 Kal.
3199 566 3286 638 δὴ,
3339 568 3663 641 πευσόμεθα

410 650 614 706 tentias
637 649 816 722 palam
844 649 1101 705 suﬂ'arari
1146 649 1494 713 habuerunt;
1545 651 1642 707 sed
1673 651 1837 707 etiam
1891 666 1976 707 res

2080 657 2189 730 γὰρ
2215 656 2415 722 αὐτῶν,
2441 658 2561 728 ἦτοι
2586 656 2759 728 ἀληθῆ
2787 656 2961 712 ταῦτά
2986 658 3154 723 ἐστιν,
3191 657 3230 713 ἃ
3262 658 3587 731 ἱστοροῦσιν,
3616 656 3658 731 ἢ

408 741 651 797 mulati
689 753 938 805 nostras,
981 755 1105 811 quas
1133 741 1309 798 nostri
1339 740 1625 797 erudiendi
1668 756 1838 798 causa
1873 741 1981 798 viri

409 832 785 900 sanctissimi,
836 848 1002 904 supra
1033 847 1381 889 communem
1418 832 1700 888 hominum
1766 832 1983 903 opinio-

409 938 559 991 nem,
587 925 770 980 divina
792 924 843 978 vi
872 934 1025 980 tanto
1056 933 1181 980 ante
1202 925 1561 996 perfecerant,
1586 941 1650 981 ea
1665 924 1979 981 Graecarum

354 1065 364 1076 ,
406 1014 721 1071 fabularum
770 1017 1033 1073 monstris
1082 1018 1395 1074 induerunt.
1425 1015 1740 1082 Enimvero,
1771 1032 1981 1087 quaere-

402 1121 536 1162 mus
554 1121 623 1161 ex
652 1107 741 1174 iis,
766 1122 968 1163 verane
990 1108 1098 1164 sint
1123 1123 1193 1162 an
1227 1107 1359 1164 falsa
1395 1124 1518 1178 quae
1554 1116 1797 1173 narrant.
1818 1107 1976 1164 Falsa

408 1198 601 1267 utique
630 1213 906 1268 nunquam
938 1212 1060 1253 esse
1084 1199 1358 1261 dixerint;
1390 1214 1490 1254 nec
1517 1199 1665 1254 enim
1706 1199 1977 1254 sententia

402 1304 511 1346 sua
533 1298 696 1345 tanta:
733 1305 793 1345 se
834 1290 909 1343 illi
945 1283 1186 1344 siultitia’:
1223 1290 1634 1355 damnaverint,
1694 1299 1753 1345 ut
1782 1291 1878 1345 abs
1920 1304 1979 1346 se

285 1422 291 1439 .
406 1378 548 1437 falsa
580 1382 747 1437 scribi
776 1379 1067 1436 fateantur.
1125 1379 1264 1435 Vera
1305 1382 1468 1452 igitur
1497 1382 1587 1436 illa
1631 1396 1754 1437 esse
1794 1380 1979 1436 defend-

401 1471 555 1528 dent.
591 1472 702 1528 Cur
724 1487 877 1543 ergo,
911 1488 1032 1541 qua:
1059 1488 1091 1526 a
1131 1470 1316 1543 Moyse
1355 1473 1745 1543 prophetisquc
1760 1472 1977 1529 caeteris

400 1565 552 1621 edita
581 1565 842 1620 miracula
872 1576 1021 1631 sunt,
1043 1564 1211 1620 ﬁdem
1257 1565 1364 1621 illis
1410 1567 1589 1621 adhuc
1628 1580 1846 1621 omnem
1885 1582 1980 1622 su-

400 1670 599 1727 perare
647 1657 971 1729 videantur?
1004 1654 1140 1711 Nam
1190 1666 1492 1727 praepotens
1531 1658 1619 1732 ille
1647 1658 1791 1714 Deus
1815 1698 1833 1723 ,
1880 1674 1977 1728 pro

400 1764 473 1806 ea
517 1764 626 1821 qua
678 1750 927 1806 homines
981 1749 1268 1805 universos
1320 1764 1453 1804 cura
1497 1750 1977 1820 benevolentiaque

400 1843 804 1913 complectitur,
840 1843 1013 1913 jussis
1043 1843 1217 1907 alios,
1250 1842 1388 1897 alios
1440 1842 1974 1911 comminationibus,

402 1933 668 2003 prodigiis
709 1934 874 1989 etiam
917 1933 1287 2003 monstrisque
1322 1934 1614 1988 nonnullos
1643 1975 1661 1999 ,
1707 1936 1975 2004 quosdam

398 2038 537 2080 vero
566 2024 780 2080 blandis
810 2024 1266 2095 promissionibus
1286 2025 1356 2079 ad
1376 2025 1757 2096 cogitationem
1785 2027 1977 2085 salutis

407 2120 649 2179 adducit.
682 2120 857 2177 Graeci
894 2122 1205 2188 enimvero,
1254 2136 1381 2176 cum
1411 2121 1755 2177 diuturniore
1799 2139 1978 2193 quon-

396 2212 533 2267 (lam
576 2221 711 2267 aestu
743 2210 956 2267 Graecia
1005 2213 1209 2281 passim
1258 2213 1523 2268 exhausta
1575 2214 1884 2284 squaleret,
1924 2225 1979 2270 et

399 2303 566 2375 longa
592 2302 809 2375 frugum
835 2304 1081 2358 omnium
1125 2304 1302 2372 inedia
1333 2314 1704 2373 premeretur,
1748 2308 1845 2376 qui
1878 2323 1976 2363 su-

397 2396 658 2467 perstites
685 2396 865 2451 adhuc
896 2408 1073 2461 erant,
1107 2394 1291 2461 famis,
1328 2397 1603 2466 inquiunt,
1650 2398 1978 2468 depellenda:

395 2501 593 2552 causa,
626 2485 858 2556 Delphos
888 2488 1160 2557 supplices
1209 2488 1417 2543 adiere.
1468 2486 1585 2555 llis,
1617 2490 1977 2559 quemadmo-

403 2580 535 2635 dum
562 2588 714 2635 tauto
743 2580 890 2635 malo
913 2579 1360 2651 defungeremur,
1379 2582 1973 2647 consulentibus,viam

396 2672 549 2726 hanc
579 2685 741 2725 unam
780 2669 972 2742 Pythia
1005 2671 1248 2727 levanda
1292 2673 1621 2729 calamitatis
1646 2678 1889 2745 aperuit,
1926 2677 1973 2731 si

400 2759 563 2817 Aiaci
582 2762 835 2832 precibus
872 2772 1174 2820 uterentur.
1207 2763 1418 2830 Quibus
1449 2766 1539 2820 ille
1570 2767 1971 2833 obsecundans,

398 2852 640 2922 aliquem
668 2851 724 2906 in
753 2850 976 2907 Graeciae
1010 2861 1251 2908 montem
1286 2856 1607 2911 conscendit
1654 2857 1837 2927 ibique
1869 2873 1973 2927 pu-

397 2932 483 3000 ris
514 2944 570 2999 in
607 2944 805 3000 malum
838 2944 1091 2999 manibus
1115 2945 1366 3011 sublatis,
1397 2948 1971 3017 communem.Deum,

403 3039 483 3093 uti
512 3053 638 3093 eum
668 3036 892 3108 perditae
912 3035 1133 3092 Graecia:
1165 3038 1572 3093 commiseratio
1591 3048 1836 3109 caperet,
1873 3040 1974 3093 ob-

2079 749 2270 821 ψευδῆ.
2315 750 2496 823 Ψευδῆ
2531 751 2630 822 μὲν
2657 752 2757 806 οὐκ
2786 752 2854 806 ἀν
2878 752 3123 823 φήσαιεψ
3167 744 3229 804 ού
3260 750 3369 822 γὰρ
3391 749 3457 806 ἂν
3483 769 3659 807 κατα-

2077 840 2404 911 ψηφίσαιντο
2433 842 2640 896 ἑαυτῶν
2659 842 2872 907 ὲκόντες
2890 842 2991 914 τὴν
3010 841 3278 913 μεγίστην
3299 840 3569 913 εὐήθειαν.
3592 836 3661 896 τὸ

2078 931 2246 1007 ψευδῆ
2276 934 2626 1004 συγγράφειν·
2669 932 2843 1004 ἀληθῆ
2870 932 2915 986 δ’
2945 924 3083 987 εἶναι
3113 930 3174 996 ἐξ
3203 932 3445 1004 ἀνάγκης
3471 933 3661 1004 ὁμολο-

2078 1023 2328 1093 γήσαιεν.
2363 1021 2474 1077 Καὶ
2498 1021 2619 1086 πῶς
2661 1022 2741 1076 ἔτι
2782 1023 2988 1077 άπιστα
3040 1021 3222 1085 αὐτοῖς
3266 1021 3662 1092 καταφαίνεται

2078 1113 2243 1167 τάδιά
2266 1114 2530 1178 Μωσέως,
2576 1115 2671 1168 καὶ
2695 1113 2805 1168 τῶν
2841 1108 3014 1168 ἄλλων
3036 1114 3328 1186 προφητῶν
3355 1115 3664 1185 τεραστίως

2077 1206 2523 1278 lutososque-va;
2562 1197 2782 1261 Πάντων
2804 1206 2911 1277 γὰρ
2940 1204 3240 1278 ἀνθρώπων
3287 1207 3317 1259 ὁ
3348 1204 3661 1275 παντοκρά-

2077 1317 2191 1372 τωρ
2221 1300 2514 1371 κηδόμενος
2548 1300 2700 1364 Θεὸς,
2726 1300 2850 1363 τοὺς
2872 1299 2971 1370 μὲν
2997 1298 3255 1361 ἐντολαῖς,
3277 1297 3404 1361 τοὺς
3428 1296 3474 1349 δ’
3496 1297 3661 1350 ἀπειε-

2076 1391 2218 1456 λαῖς,
2255 1391 2368 1445 ἔστι
2399 1392 2444 1447 δ’
2460 1391 2553 1456 οὒς
2578 1390 2822 1463 σημείοις
2853 1384 3175 1463 τεραστίοις,
3197 1388 3368 1452 ένίους
3386 1385 3442 1441 δὲ
3468 1388 3660 1457 ὴπίοις

2078 1485 2428 1553 ἐπαγγελίαις
2458 1485 2775 1557 ἐπιστρέφει
2807 1485 2944 1558 πρὸς
2971 1485 3260 1554 σωτηρίαν.
3295 1483 3440 1554 Πλὴν
3466 1481 3581 1536 ἀλλ’
3603 1481 3659 1535 oi.

2081 1576 2358 1648 Ἕλληνες,
2390 1578 2601 1648 αὐχμοῦ
2655 1594 2785 1631 ποτε
2849 1577 2948 1647 τὴν
3010 1575 3234 1630 Ἐλλάδα
3287 1574 3659 1647 πολυχρονίως

2078 1669 2410 1741 φθείροντος,
2441 1670 2536 1723 καὶ⁸
2569 1671 2869 1740 ἐπεχούσης
2894 1669 3115 1736 ἀγονίας
3147 1666 3393 1739 καρπῶν,
3416 1668 3464 1720 οἱ
3494 1676 3661 1721 κάτα-

2077 1760 2406 1831 λειφθέντες,
2438 1762 2588 1829 φασὶ,
2614 1761 2700 1814 διὰ
2733 1761 2888 1831 λιμὸν
2915 1760 3087 1813 ἱκέται
3109 1759 3539 1829 παραγενόμενοι
3570 1760 3658 1821 εἰς

2075 1852 2328 1923 Δελφοὺς,
2357 1854 2550 1923 ἦροντο
2604 1851 2701 1922 τὴν
2765 1850 2987 1916 Πυθίαν,
3022 1845 3138 1914 πῶς
3191 1849 3258 1904 ἂν
3290 1850 3656 1918 ἀπαλλαγεῖεν

2073 1938 2165 1994 τοῦ
2198 1940 2391 1993 δεινοῦ.
2429 1939 2572 1994 Μίαν
2633 1940 2675 1993 δ’
2703 1940 2885 2003 αὐτοῖς
2940 1939 3168 2011 ἔχρησεν
3208 1940 3528 2010 ἀπαλλαγὴν
3556 1940 3656 2010 τῆς

2078 2034 2380 2104 συμφορᾶς,
2412 2034 2461 2086 εί
2484 2033 2781 2104 χρήσαιντο
2812 2034 2878 2103 τῇ
2931 2031 3132 2085 Αἰακοῦ
3183 2032 3338 2103 εὐχῇ.
3400 2031 3655 2094 Πεισθεὶς

2074 2120 2167 2178 οῦν
2194 2124 2376 2187 αὐτοῖς
2407 2123 2626 2187 Αἰακὸς,
2678 2122 2913 2177 ἀνελθὼν
2945 2124 3036 2176 ἐπὶ
3060 2123 3121 2176 τὸ
3150 2117 3273 2195 ὅρος
3307 2122 3368 2175 τὸ
3410 2121 3659 2193 Ἐλληνιε-

2076 2219 2192 2280 κδν,
2231 2218 2328 2281 τὰς
2349 2216 2599 2289 καθαρὰς
2634 2220 2823 2288 χεῖρας
2874 2216 3121 2279 ἐκτείνας
3163 2216 3244 2279 είς
3272 2214 3519 2287 οὐρανὸν,
3545 2232 3658 2269 xor-

2075 2308 2163 2363 νὺν
2196 2308 2521 2371 ἐπικαλέσας
2575 2307 2787 2376 πατέρα
2823 2307 2916 2361 τὸν
2975 2307 3129 2371 Θεὸν,
3161 2306 3360 2377 ηὔξατο
3384 2309 3657 2376 οἰκτεῖραι

2075 2398 2235 2451 αὐτὸν
2266 2396 2680 2469 τετρυχωμένην
2712 2396 2809 2467 τὴν
2844 2395 3087 2450 Ἑλλάδα.
3138 2398 3287 2467 Ἅμα
3316 2395 3374 2449 δὲ
3425 2396 3657 2467 εὐχομέ-

2076 2506 2190 2553 νου,
2245 2488 2439 2560 βροντὴ
2495 2488 2728 2554 ἐξαίσιος
2780 2488 3230 2553 ύπεκτύπει,καὶ
3257 2490 3364 2552 πᾶς
3412 2491 3442 2542 ὁ
3486 2482 3659 2560 πέριξ

2075 2579 2183 2653 ἀὴρ
2212 2580 2485 2650 ὲνεφοῦτο’
2510 2579 2699 2650 λάϐροι
2729 2579 2785 2633 δὲ
2815 2581 2909 2633 καὶ
2938 2582 3176 2650 συνεχεῖς
3210 2574 3423 2651 ὄμϐροι,
3445 2581 3658 2652 καταρι

2078 2671 2354 2744 ραγέντες,
2400 2671 2526 2743 ὃλην
2580 2671 2901 2743 ἐπλήρωσαν
2945 2672 3041 2743 τὴν
3105 2672 3305 2744 χώραν.
3371 2668 3658 2727 Ἐντεῦθεν

2074 2762 2304 2832 ἄφθονος
2345 2765 2440 2816 καὶ
2486 2762 2715 2816 πλουσία
2762 2763 3163 2835 τελεσφορεῖται
3219 2763 3492 2834 εύκαρπία
3532 2766 3657 2828 ταῖς

2073 2855 2277 2910 Αἰακοῦ
2324 2856 2703 2926 γεωργηθεῖσα
2746 2857 2953 2926 εὐχαῖς.
3017 2854 3167 2910 (Καὶ
3212 2856 3598 2918 ἐπεκαλέσατο,
3630 2874 3652 2906 s

2074 2947 2242 3017 φησὶ,
2302 2966 2321 2998 ι
2370 2946 2622 3017 Σαμουὴλ
2677 2947 2768 3019 τὸν
2834 2947 3072 3018 Κύριον,
3150 2948 3244 3001 καὶ
3315 2947 3482 3001 ἔδωκε
3542 2942 3659 3001 Κύι-

2074 3055 2188 3111 ριος
2216 3037 2420 3107 φωνάς,
2448 3038 2540 3092 καὶ
2567 3038 2720 3092 ὑετὸν
2748 3040 2807 3093 ὲν
2861 3036 3041 3111 ἡμέρᾳ
3100 3038 3378 3111 θερισμοῦ.
3427 3038 3655 3113 ι”Ορᾷς,

395 3130 654 3186 secravit.
692 3126 955 3183 Precibus
981 3127 1071 3181 ille
1114 3128 1244 3182 dum
1304 3129 1550 3195 instaret,
1583 3130 1775 3200 ingens
1828 3131 1973 3186 illico

2077 3130 2157 3184 δτι
2194 3133 2222 3185 ὁ
2254 3129 2504 3202 «βρέχων
2552 3131 2647 3183 ἐπὶ
2699 3128 2937 3195 δικαίους
2970 3132 3065 3185 καὶ⁵
3112 3132 3325 3197 ἀδίκους
3391 3130 3478 3188 διὰ
3546 3134 3659 3189 τῶν

395 3222 606 3277 tonitru
634 3220 902 3284 exaudiri,
943 3220 1177 3276 nubibus
1217 3220 1426 3275 circum
1489 3220 1728 3290 undique
1778 3221 1975 3276 obduci

400 3312 627 3373 caelum,
658 3311 925 3366 immensa
960 3310 1330 3380 continuaque
1379 3311 1461 3364 vis
1506 3310 1763 3364 imbrium
1814 3320 1970 3366 vasto

394 3405 609 3474 impetu
639 3402 916 3474 regionem
954 3402 1264 3457 universam
1310 3403 1595 3457 inundare.
1643 3401 1772 3457 Inde
1820 3403 1974 3457 beata

402 3497 600 3553 messis
626 3497 917 3560 exsistens,
945 3493 1100 3551 Αἰζειοὶ
1126 3495 1270 3550 culta
1315 3505 1540 3565 sataque
1568 3496 1822 3565 precibus
1839 3536 1854 3558 ,
1905 3496 1975 3550 ad

2079 3222 2529 3294 ὑποτεταγμένων
2557 3222 2871 3293 δυνάμεων;
2912 3243 2929 3275 ι
2978 3222 3090 3276 Καὶ
3131 3224 3201 3278 τὰ
3257 3224 3403 3296 ἑξῆς.
3434 3226 3662 3294 Τούτοις

2080 3313 2251 3385 μυρία
2280 3314 2520 3383 συνάψας
2574 3316 2602 3367 ὁ
2648 3314 2899 3385 Κλήμης,
2936 3311 3166 3379 κλέπτας
3220 3316 3501 3385 γεγονέναι
3528 3321 3661 3383 τοὺς

2082 3405 2347 3477 ’Έλληνας
2367 3404 2788 3475 ἀναμφιλέκτοις
2832 3405 3075 3476 ἐλέγχοις
3126 3408 3533 3480 κατεφώρασεν.
3594 3411 3658 3463 Ei

2080 3496 2138 3549 δέ
2164 3512 2245 3548 σοι
2282 3495 2354 3565 μὴ
2380 3495 2567 3558 πιστὸς
2594 3488 2768 3559 οὗτος,
2801 3497 2893 3549 ἆτε
2943 3496 3043 3565 τῆς
3089 3496 3405 3567 Ἑλληνικῆς
3433 3498 3527 3551 καὶ
3556 3501 3663 3553 αύ-

2080 3587 2170 3651 τδς
2197 3587 2294 3658 τὴν
2325 3585 2594 3658 βάρϐαρον
2615 3586 2810 3657 ὁμοίως
2832 3588 2961 3656 ἡμῖν
2989 3586 3403 3658 προτετιμηκὼς
3441 3587 3660 3658 φιλοσομ

2082 3681 2227 3750 φίαν·
2259 3679 2353 3734 καὶ
2406 3679 2472 3751 δὴ
2528 3679 2727 3742 ὲάσθω,
2780 3680 2982 3749 καίπερ
3012 3680 3111 3732 ούκ
3153 3680 3379 3743 οἰκείαις
3427 3684 3657 3749 φωναῖς,

394 3586 580 3641 latam
609 3586 975 3641 maturitatem
1030 3586 1360 3656 perducitur.
1399 3606 1417 3637 ι
1456 3584 1722 3641 Nimirum
1747 3627 1763 3651 ,
1799 3586 1977 3656 inquit

402 3679 719 3751 Scriptura,
775 3680 1051 3736 invocavit
1099 3678 1318 3734 Samuel
1359 3677 1669 3743 Dominum,
1722 3678 1977 3748 deditque

402 3769 666 3826 Dominus
694 3786 856 3826 voces
874 3778 927 3825 et
955 3769 1193 3840 pluviam
1222 3769 1276 3822 in
1306 3768 1393 3823 die
1420 3768 1615 3823 messis
1639 3768 1708 3824 ⁹¹.
1754 3788 1772 3820 ι
1816 3769 1975 3824 Vides

2079 3774 2197 3835 ταῖς
2225 3771 2269 3824 δ’
2301 3770 2477 3824 αὐτῶν
2518 3769 2779 3840 Ἑλλήνων
2810 3769 3117 3831 ἀπευθύνας
3146 3769 3236 3823 τὸν
3289 3768 3465 3837 λόγον.
3497 3770 3562 3823 Τί
3608 3769 3658 3824 δ’

400 3877 572 3917 unum
637 3877 759 3918 esse
820 3860 989 3917 Deum
1017 3901 1037 3925 ,
1098 3861 1193 3930 qui
1248 3875 1345 3929 per
1400 3859 1676 3928 subjectos
1741 3861 1974 3915 virtutes

2077 3861 2145 3916 ἂν
2176 3863 2370 3927 εἴποις,
2398 3865 2446 3916 εί
2498 3861 2566 3915 τὰ
2609 3862 2767 3932 ὃμοια
2798 3862 2891 3915 καὶ
2932 3864 3058 3934 παρ’
3088 3861 3265 3914 αὐτῶν
3306 3861 3497 3933 μάθοις
3540 3863 3657 3918 τῶν

385 3973 427 4006 ,ι
458 3953 616 4023 pluit,
650 3967 814 4022 super
833 3951 1013 4023 justos
1039 3959 1093 4005 et
1116 3950 1389 4021 injustos?
1424 3968 1444 4001 ι
1486 3948 1552 4004 Et
1584 3966 1705 4018 qua:
1724 3966 1968 4019 sequun-

2077 3951 2336 4021 γενναίων
2363 3967 2456 4004 σου
2487 3951 2823 4020 φιλοσόφων;
2861 3950 3023 4020 Δέχου
3051 3950 3184 4022 δῆτα
3216 3966 3309 4005 και
3334 3949 3536 4006 τούτων
3552 3954 3659 4017 τὰς

402 4053 512 4101 tur.
563 4044 777 4099 lnllnita
828 4044 1034 4113 quippe
1085 4041 1363 4112 subjungit
1427 4040 1718 4103 Clemens,
1771 4041 1971 4111 quibus
2079 4042 2402 4116 μαρτυρίας.

398 4147 663 4208 tanquam
731 4136 1051 4192 certissimis
1093 4134 1504 4206 probationibus
1555 4134 1864 4191 Graecorum
1902 4135 2046 4191 furta
2084 4134 2370 4190 manifeste
2402 4133 2665 4204 coarguit.
2692 4132 2796 4200 Qui
2822 4134 2869 4189 si
2909 4134 3005 4189 tibi
3040 4133 3179 4190 forte
3207 4147 3491 4205 suspectus
3520 4138 3654 4203 erit,

394 4228 546 4299 quod
601 4228 826 4300 perinde
882 4243 948 4284 ac
997 4244 1100 4285 nos
1155 4229 1508 4284 barbarorum
1562 4230 1964 4300 philosophiam
2002 4230 2202 4287 Graiae
2222 4229 2522 4300 praetulerit
2552 4229 2668 4298 ipse
2686 4244 2904 4299 quoque
2945 4229 3227 4284 omittatur
3276 4231 3366 4285 ille
3405 4232 3657 4300 quidem,

393 4323 619 4379 tametsi
676 4338 784 4377 non
830 4324 976 4388 suis,
1030 4324 1123 4378 sed
1181 4322 1493 4379 Graecorum
1542 4324 1783 4394 ipsorum
1828 4325 2056 4380 vocibus
2094 4325 2237 4379 hanc
2282 4322 2710 4393 disputationem
2773 4321 3112 4376 instruxerit.
3160 4320 3299 4388 Quid
3355 4323 3662 4391 responde-

392 4415 481 4471 bis
512 4429 699 4485 porro,
724 4414 770 4470 si
793 4413 970 4469 aﬂinia
1009 4429 1237 4484 prorsus
1269 4429 1333 4469 ac
1365 4415 1577 4485 gemina
1610 4430 1677 4469 ex
1726 4416 1844 4471 suis
1870 4416 1976 4471 illis
2014 4415 2398 4487 prmstantibus
2446 4413 2787 4485 egregiisque
2810 4412 3150 4483 philosophis
3199 4411 3457 4469 audieris.
3509 4413 3658 4484 Age-

391 4492 472 4563 sis
508 4521 663 4577 ergo,
693 4515 746 4562 et
774 4506 988 4562 illorum
1022 4508 1185 4561 etiam
1217 4508 1400 4575 accipe
1435 4507 1763 4564 testimonia.

896 4598 1060 4670 ἀεί,
1109 4598 1338 4653 CAPUT
1390 4598 1477 4654 lll.

2601 4585 3001 4641 ΚΕΦΑΛᾹΙΟΝ
3046 4587 3120 4641 Γ’.

392 4688 613 4747 Gnaeos
646 4692 789 4762 fures
816 4707 953 4753 esse,
1002 4707 1067 4745 ea:
1105 4689 1389 4762 Porphyrii
1425 4692 1616 4759 primo,
1648 4692 1721 4746 De
1767 4693 1975 4747 erudito

2077 4683 2439 4762 Πορφυρίου,
2457 4749 2474 4762 ‘
2499 4678 2633 4762 περὶ
2670 4681 2775 4762 τρῦ
2818 4681 3098 4762 Δςιιλοιξρττας
3122 4675 3311 4762 ἐἶναι’
3342 4678 3487 4762 τοὺς
3512 4680 3662 4762 'E,z_-

1094 4749 1309 4814 auditu:
1425 4749 1435 4759 ’
1602 4749 1614 4759 ’
2144 4749 2376 4821 iam,
2442 4749 2560 4806 ἀπὸ
2616 4751 2722 4806 τοῦ
2778 4758 2828 4804 α’
2880 4749 2988 4819 τῆς
3035 4751 3386 4821 Φιλολοτιας
3435 4752 3663 4820 ἀκροά-

2146 4842 2320 4889 σεως.

479 4934 502 4970 ι
533 4916 780 4983 Athenis,
810 4915 1006 4986 inquit,
1042 4914 1110 4970 ad
1163 4914 1544 4972 celebrandam
1572 4914 1815 4972 Platonis
1853 4931 1969 4970 me-

2149 4936 2169 4969 ι
2199 4914 2279 4969 Ta
2314 4911 2628 4993 Πλατώνεια
2655 4912 2847 4965 ἑστιῶν
2876 4912 3023 4983 ἡμᾶς
3068 4912 3327 4981 Λογγῖνος
3372 4913 3659 4986 Ἀθήνῃσι.

402 5010 632 5065 moriam
658 5008 910 5063 convivio
937 5021 1037 5063 nos
1072 5006 1353 5077 Longinus
1382 5017 1687 5078 exceperat,
1716 5008 1968 5078 interque

2077 5008 2338 5077 κέκληκεν
2363 5004 2555 5068 ἀλλους
2586 5021 2646 5057 τε
2681 5003 2929 5067 πολλοὺς,
2967 5003 3062 5056 καὶ
3102 5004 3417 5075 Νικαγόραν
3442 5006 3535 5058 τὸν
3562 5024 3659 5061 σο-

398 5102 712 5172 complures
740 5100 896 5167 alios,
933 5098 1252 5170 Nicagoram
1288 5100 1588 5171 sophistam
1609 5143 1625 5168 ,
1675 5100 1924 5155 Mazuram
1953 5141 1969 5166 ,

2079 5098 2296 5171 φιστὴν,
2331 5098 2426 5151 καὶ
2453 5097 2722 5169 Μαιόραν,
2770 5095 3122 5150 ’Δπολλώνιὸν
3144 5114 3203 5150 τε
3226 5097 3315 5151 τὸν
3347 5114 3662 5169 γραμματι-

402 5193 747 5264 Apollonium
770 5193 1207 5263 grammaticum,
1257 5192 1584 5249 Demetrium
1616 5204 1969 5265 geometram,

2078 5186 2193 5251 κδν,
2224 5186 2317 5239 καὶ
2342 5185 2650 5256 Δημήτριον
2671 5184 2765 5238 τδν
2792 5184 3133 5257 γεωμέτρην,
3162 5186 3446 5258 Προσήνην
3478 5204 3538 5240 τε
3564 5189 3660 5244 τὸν

402 5281 695 5339 Prosenem
731 5282 1145 5352 Peripateticum
1190 5291 1246 5338 et
1271 5282 1529 5339 Calietem
1555 5283 1800 5340 Stoicum
1833 5286 1973 5339 invi—

2078 5275 2538 5349 Περιπατητικὸν,
2563 5275 2656 5329 καὶ
2678 5275 2771 5328 τὸν
2815 5275 3051 5328 Στωϊκὸν
3098 5275 3390 5346 Καλιέτην.
3413 5276 3549 5330 Μεθ’
3581 5272 3659 5331 ὧν

407 5385 566 5431 tarat.
598 5373 934 5442 Quibuscum
973 5374 1236 5445 septimus
1279 5374 1395 5445 ipse
1442 5375 1796 5431 accumbebat
1826 5392 1840 5429 :
1876 5376 1970 5444 qui

2077 5368 2302 5440 ἕϐδομος
2332 5366 2491 5430 αὐτὸς
2545 5366 2910 5429 κατακλιθεὶς,
2937 5366 3031 5420 τοῦ
3078 5367 3295 5421 δείπνου
3322 5369 3663 5440 προκόπτον-

401 5467 642 5524 fervente
668 5468 780 5537 jam
815 5467 1086 5533 convivio,
1117 5475 1372 5538 motaque
1395 5469 1536 5523 inter
1557 5468 1693 5523 alios
1714 5470 1780 5524 de
1803 5468 1973 5538 epho-

2077 5474 2186 5525 τος,
2214 5457 2308 5512 καί
2328 5474 2473 5521 τινος
2493 5456 2772 5527 ζητήσεως
2823 5456 2954 5527 περὶ
2994 5456 3220 5528 Ἐφόρου
3248 5458 3307 5510 ἐν
3339 5461 3453 5521 τοῖς
3478 5457 3662 5525 ἄλλοις

403 5576 471 5616 ro
502 5562 820 5630 quaestione,
851 5560 1184 5624 Audiamus,
1232 5559 1446 5631 inquit,
1489 5560 1555 5616 de
1597 5560 1815 5631 Ephoro
1840 5561 1971 5631 quid

2077 5555 2413 5626 γενομένης,
2458 5553 2819 5624 Ἀκούσωμεν,
2861 5553 2986 5625 ἔφη,
3041 5555 3127 5616 τίς
3172 5557 3202 5608 ὁ
3261 5555 3390 5625 περὶ
3424 5555 3660 5628 Ἐφόρου

405 5652 688 5705 turbarum
762 5652 1049 5706 excitetur.
1113 5651 1522 5708 Contendebant
1580 5649 1864 5724 Caystrius
1920 5662 1976 5708 ct

2079 5643 2326 5717 θόρυϐος.
2357 5642 2536 5699 Ἦσαν
2584 5646 2628 5699 δ’
2669 5647 2718 5701 οἱ
2764 5644 3052 5716 ζητοῦντες
3098 5647 3409 5719 Καΰστριός
3446 5664 3507 5702 τε
3563 5651 3662 5705 καὶ

474 5744 518 5775 ἰ
559 5741 578 5794 l
619 5741 749 5809 Reg.
793 5759 891 5807 xu,
931 5743 1018 5797 18.

473 5833 550 5906 (6)
601 5833 925 5905 Ἐλληνικῇ
968 5836 1318 5907 μυθολογίᾳ.
1347 5834 1569 5908 Melius,
1601 5846 1660 5895 ut
1688 5838 1959 5909 existimo,

2082 5855 2169 5897 am
2185 5855 2268 5911 ap.
2284 5839 2451 5898 Clem.
2480 5840 2793 5923 Ἑλληνικὴν
2826 5844 3172 5910 μυθολογίαν.
