3856 6224
184 379 289 440 7⁸15

1373 369 1696 430 ΡΒᾸΞΡΑΒ.
1731 365 1986 423 ΕνΑΝσ.
2028 364 2157 420 LIB.
2175 365 2258 424 _X-.

3337 355 3440 414 174

176 506 456 579 Μάξιμοςθ
472 490 526 578 ό,
543 503 644 576 μὶν
673 502 784 577 γάρ
807 500 968 557 αὐτὸν
991 500 1086 556 καὶ
1105 497 1427 569 Θεοπόμπου
1457 492 1754 570 προύτίθει·

1866 486 2151 544 Maximus.
2178 483 2456 556 Ephorum
2485 479 2684 552 quippe
2727 475 2833 550 ipsi
2871 489 3090 544 quoque
3121 472 3438 544 Theopom-

165 597 287 653 ’δ’δὲ
319 597 634 667 Καΰστριος
654 593 895 666 κλέπτην
934 591 1218 648 ἀπεκάλει.
1253 589 1365 643 Καὶ
1384 585 1570 658 τί,γάρ
1605 582 1763 652 Ἐφό-

177 702 275 760 ρου
310 685 464 750 ἴδιον,
493 683 618 755 ἔφη,
644 684 710 737 ὲκ
729 681 838 737 τῶν
875 679 1175 752 Δαῖμάχου,
1221 679 1317 732 καὶ
1343 673 1762 736 Καλλισθένους,

319 774 700 847 ⁹Δναξιμένους
719 777 912 838 αὐταῖς
952 772 1183 838 λέξεσιν,
1231 769 1380 824 ἐστιν
1414 769 1528 834 ὅτε,
1551 782 1765 838 τρισχι-

171 867 333 935 ’λίους
357 869 511 933 ὅλους
539 867 919 940 μετατιθέντος
947 865 1200 935 στίχους;
1250 862 1394 934 Πρὸς
1423 859 1483 914 δν
1512 860 1544 912 δ
1590 873 1766 929 γραμ-

171 961 415 1032 ἱματικὸς
453 959 809 1022 Ἀπολλώνιος
837 957 963 1028 ἔφη·
993 958 1069 1011 UO
1093 956 1202 1027 γὰρ
1229 954 1418 1023 έγνως,
1446 952 1528 1006 ὅτι
1552 949 1646 1004 καὶ⁹
1673 949 1764 1002 τὸν

173 1048 528 1119 θεόπομπον,
554 1047 615 1101 ὃν
637 1048 702 1100 σὺ
732 1047 1023 1118 προτιμᾷς,
1057 1044 1351 1114 κατείληφε
1402 1041 1554 1095 τουτὶ
1575 1039 1637 1092 τὸ
1659 1037 1765 1091 πά-

173 1139 301 1204 θος,
337 1142 396 1191 ὲν
420 1139 518 1210 μὲν
542 1141 608 1209 τῇ
636 1137 896 1208 ἑνδεκάτῃ
933 1133 1040 1188 τῶν
1071 1130 1203 1201 περὶ
1233 1130 1555 1193 Φιλίππου,
1581 1131 1646 1183 ὲκ
1668 1125 1762 1180 τοῦ

196 1231 540 1303 Ἰσοκράτους
592 1224 1052 1302 Ἀρεοπαγητικοῢ
1105 1225 1527 1296 μεταγράψαντα
1579 1221 1763 1282 αὐτοῖς

175 1321 445 1395 ὀνόμασιν
463 1324 666 1386 ἐκεῖνα,
693 1322 773 1374 ὅτι
816 1319 924 1374 τῶν
954 1316 1172 1386 ἀγαθῶν
1200 1316 1296 1368 καὶ
1326 1313 1434 1367 τῶν
1467 1311 1652 1365 κακῶν
1681 1311 1764 1363 οὑ-

171 1413 273 1468 δὲν
299 1411 431 1468 αὐτὸ
463 1412 587 1466 καθ’
619 1411 751 1466 αὐτὸ
784 1409 1143 1481 παραγίνεται
1165 1409 1278 1469 τοῖς
1305 1402 1636 1474 ἀνθρώποις,
1669 1401 1764 1455 καὶ

182 1503 255 1557 τὰ
284 1503 433 1574 ἑξῆς.
469 1499 663 1555 Καίτοι
691 1501 1020 1570 ὑπερφρονεῖ
1039 1496 1128 1550 τὸν
1166 1493 1499 1565 Ἰσοκράτην,
1531 1496 1624 1545 καὶ
1672 1508 1761 1544 νεα

179 1594 438 1663 νικῆσθαι
463 1593 553 1662 ὑφ’
575 1591 768 1644 ἑαυτοῦ
802 1591 969 1659 λέγει,
1015 1588 1159 1643 κατά
1197 1587 1288 1640 τὸν
1335 1586 1429 1638 ἐπὶ
1477 1581 1763 1652 Μαυσωλῷ

178 1686 390 1755 ἀγῶνα,
414 1685 504 1738 τὸν
533 1683 868 1736 διδάσκαλον.
904 1679 1250 1752 Πραγμάτων
1284 1677 1328 1730 δ’
1358 1675 1641 1746 ὑφαίρεσιν
1675 1691 1765 1726 πε-

178 1779 426 1851 ποίηται,
459 1777 712 1848 μεταθεὶς
744 1775 814 1828 τὰ
839 1773 925 1826 ἐπ’
961 1773 1132 1827 ἄλλων
1176 1771 1373 1835 ἄλλοις,
1410 1770 1496 1822 ἵνα
1523 1768 1616 1822 καὶ
1639 1766 1766 1836 ψεύ-

1863 595 1936 652 po
1965 577 2234 634 Maximus
2265 573 2660 646 anteponebat,
2709 569 2961 626 eumdem
2984 566 3292 639 'Ca‘ystrius
3323 565 3444 636 pla-

1864 669 2097 740 giarium
2135 666 2384 722 vocabat.
2434 661 2577 729 Quid
2619 659 2808 726 enim,
2867 657 3183 728 inquiebat,
3237 652 3441 726 Ephori

1864 759 2140 831 singulare
2162 773 2227 813 ac
2251 755 2529 828 proprium
2553 759 2658 820 est,
2686 751 2780 822 qui
2805 765 2869 805 ex
2903 747 3206 812 Daimachi,
3242 745 3442 802 Callis-

1867 850 2078 915 thenis,
2118 857 2174 905 et
2218 845 2572 902 Anaximenis
2598 842 2853 913 operibus
2884 841 2988 894 tria
3044 848 3442 904 nonnunquam

1865 938 1981 1009 ipsa
2008 954 2264 994 versuum
2293 937 2463 991 millia
2493 933 2730 989 todidem
2767 931 2947 987 verbis
2975 930 3030 985 in
3069 944 3170 985 sua
3201 935 3444 982 transtu-

1864 1031 2024 1086 lerit?
2095 1030 2199 1085 Cui
2263 1029 2622 1100 Appollonius
2678 1024 3095 1097 grammaticus,
3151 1020 3443 1075 Enimvero

1863 1121 2065 1188 nescis,
2089 1120 2286 1190 inquit,
2330 1118 2741 1187 Theopompum
2799 1113 2975 1178 illum,
3003 1121 3171 1181 quem
3226 1108 3277 1163 ei
3302 1121 3443 1177 prae-

1864 1211 2010 1266 ferre
2038 1213 2233 1282 gestis,
2281 1211 2470 1265 eodem
2514 1221 2732 1278 quooue
2777 1204 2968 1259 morbo
3023 1202 3306 1264 laborare,
3347 1196 3446 1268 qui

1863 1303 2002 1359 libro
2030 1303 2105 1357 De
2132 1301 2368 1371 Philippi
2395 1300 2546 1354 rebus
2577 1297 2885 1363 undecimo,
2909 1311 2974 1350 ex
2994 1292 3249 1347 lsocratis
3275 1291 3448 1345 Aero-

1863 1393 2096 1463 pagitica
2144 1392 2328 1446 locum
2383 1391 2534 1444 illum
2595 1388 2663 1443 ad
2712 1387 2939 1441 verbum
2999 1380 3426 1452 transcripserit.

1864 1485 2000 1539 Boni
2045 1486 2285 1555 malique
2344 1483 2478 1537 nihil
2533 1497 2627 1550 per
2693 1495 2812 1535 sese
2859 1478 3172 1532 hominibus
3201 1474 3442 1540 evenire,

1864 1587 1920 1631 et
1946 1593 2067 1647 quae
2096 1583 2422 1646 sequuntur.
2462 1573 2752 1628 Isocratem
2787 1571 2992 1624 interea
3045 1567 3312 1637 despicit,
3344 1581 3444 1622 eo-

1865 1683 1969 1737 que
1997 1668 2315 1738 certamine,
2348 1664 2491 1734 quod
2530 1664 2585 1717 in
2640 1661 2867 1716 Mausoli
2919 1661 3180 1715 honorem
3223 1656 3447 1712 institu-

1865 1771 1978 1815 tum
2033 1771 2134 1823 est,
2178 1761 2383 1814 victum
2448 1758 2546 1814 abs
2603 1771 2724 1811 sese
2774 1754 3096 1824 magistrum
3158 1751 3442 1819 gloriatur.

184 1845 320 1944 στης
352 1845 472 1941 άλῷ-
492 1869 678 1924 τοῦτον
709 1868 800 1920 τὸν
833 1866 1055 1937 τρόπον.
1087 1864 1390 1934 Ἀνδρωνος
1436 1861 1546 1932 γὰρ
1590 1862 1646 1912 ὲν
1690 1857 1762 1928 τῷ

1867 1852 2174 1918 Quinetiam
2219 1868 2306 1906 res
2352 1851 2497 1920 ipsas
2540 1849 2628 1903 ille
2679 1848 2990 1910 subtraxit,
3039 1860 3161 1916 qua:
3209 1845 3444 1899 aliorum

178 1963 428 2033 Τρίποδι
460 1963 589 2034 περὶ
616 1959 930 2030 Πυθαγόρου
957 1957 1050 2011 τοῦ
1089 1955 1376 2026 φιλοσόφου
1406 1954 1472 2006 τὰ
1518 1953 1644 2023 περὶ
1667 1950 1767 2014 τὰς

182 2057 520 2128 προρρήσεις
555 2055 631 2126 (7)
666 2051 1032 2124 ἱστορηκότος,
1084 2049 1330 2110 εἰπόντος
1374 2063 1455 2113 τε,
1481 2045 1556 2108 ὡς
1611 2043 1768 2114 διψή-

185 2166 289 2213 σας
317 2148 447 2201 ποτὲ
480 2149 536 2200 ὲν
559 2144 940 2215 Μεταποντίῳ,
975 2143 1072 2197 καὶ
1096 2143 1161 2195 ἐκ
1212 2158 1354 2204 τινος
1404 2140 1636 2211 φρέατος
1683 2139 1768 2192 ἁν-

185 2243 413 2312 ιμήσας,
445 2242 538 2293 καὶ
567 2237 728 2303 πιὼν,
776 2241 1054 2310 προεῖπεν,
1108 2234 1183 2297 ὡς
1212 2235 1290 2296 εἰς
1322 2232 1512 2304 τρίτην
1551 2229 1768 2301 ἡμέραν

183 2330 365 2383 ἔσοιτο
396 2329 637 2400 σεισμός.
665 2327 776 2382 Καὶ
833 2326 998 2397 ἕτερά.
1033 2342 1152 2378 τινα
1198 2323 1408 2385 τούτοις
1447 2319 1763 2388 ἐπαγαγὼν,

179 2421 443 2492 ἐπιλέγω
481 2422 646 2476 Ταῦτ’
678 2415 770 2474 οὖν
821 2418 916 2473 τοῦ
947 2419 1244 2490 ΙἈνδρωνος
1276 2416 1405 2488 περὶ
1447 2413 1764 2485 Πυθαγόρου

183 2516 554 2588 ἱστορηκότος,
589 2515 770 2569 πάντα
797 2513 1046 2584 ὑφείλετο
1064 2511 1402 2580 Θεόπομποςσ
1437 2509 1486 2560 εί
1518 2507 1615 2578 μὲν
1640 2506 1768 2577 περὶ

179 2609 504 2681 Πυθαγόρου
525 2608 719 2676 λέγων,
738 2609 878 2678 τάχα
897 2606 962 2660 ἂν
984 2606 1076 2659 καὶ
1099 2605 1273 2675 ἕτεροι
1318 2600 1617 2670 ἠπίσταντο
1637 2598 1767 2669 περὶ

180 2701 376 2765 αὑτοῦ,
392 2701 484 2754 καὶ
501 2700 708 2770 ἔλεγον·
720 2700 906 2754 Ταῦτα
922 2699 1015 2752 καὶ
1029 2697 1187 2760 αὐτὸς
1209 2696 1274 2749 ἂν
1299 2691 1451 2747 εἷπον
1469 2693 1564 2763 (8)·
1597 2689 1692 2744 νῦν
1707 2689 1765 2742 δὲ

181 2790 284 2863 τὴν
301 2791 508 2861 κλοπὴν
521 2790 686 2861 δήλην
706 2789 1048 2859 πεποίηκενή
1068 2785 1161 2839 τοῦ
1175 2786 1438 2856 ὀνόματος
1457 2781 1762 2854 μετάθεσις.

177 2884 312 2947 Τοῖς
351 2884 447 2954 μὲν
479 2883 588 2954 γάρ
629 2881 916 2953 πράγμασι
959 2879 1221 2950 κέχρηται
1249 2880 1361 2939 τοῖς
1407 2877 1612 2938 αὐτοῖς,
1645 2873 1763 2924 ἓτεος

178 2994 278 3048 ρον
322 2976 367 3028 δ’
418 2975 587 3044 ὄνομα
633 2974 972 3045 μετενήνοχε.
1022 2968 1332 3041 Φερεκύδην
1377 2966 1487 3038 γὰρ
1526 2965 1618 3017 τὸν
1666 2962 1766 3016 Σύ-

184 3086 302 3143 ριον
337 3068 602 3139 πεποίηκε
631 3065 1184 3143 ταῦτανπρολέγοντα.
1212 3061 1286 3114 Οὐ
1319 3059 1476 3130 μόνον
1511 3058 1568 3110 δὲ
1591 3056 1766 3126 τούτῳ

174 3163 259 3235 τῷ
279 3163 500 3234 όνὸματι
530 3142 871 3230 ἀποκρύπτει
895 3157 995 3229 τὴν
1025 3155 1252 3226 κλοπὴν,
1281 3152 1417 3206 ἀλλὰ
1447 3152 1544 3204 καὶ
1582 3149 1765 3202 τόπων

181 3256 506 3332 μεταθέσει·
535 3254 595 3308 τό
627 3271 687 3307 τε
709 3251 819 3323 γὰρ
848 3251 977 3322 περὶ
1009 3249 1110 3318 τῆς
1141 3248 1495 3318 προρρήσεως
1523 3242 1618 3295 τοῦ
1654 3259 1765 3294 σει-

179 3351 324 3424 σμοῢ
357 3353 416 3404 ὲν
443 3346 801 3417 Μεταποντίῳ
833 3345 922 3398 ὑπ’
956 3342 1258 3414 Ἀνδρωνος
1289 3337 1474 3411 ῥηθὲν,
1503 3340 1560 3390 έν
1597 3335 1765 3407 Συρίᾳ

179 3442 438 3516 εἰρῆσθαί
484 3457 646 3511 φησιν
680 3441 708 3492 6
740 3438 1090 3508 Θεόπομπος*
1120 3435 1183 3486 τό
1225 3449 1284 3485 τε
1318 3432 1446 3504 περὶ
1478 3430 1539 3482 τὸ
1580 3429 1764 3480 πλοῖον

179 3536 286 3589 οὐκ
313 3534 422 3588 ἀπὸ
451 3532 723 3604 Μεγάρων
755 3530 858 3600 τῆς
891 3527 1160 3591 Σικελίας,
1201 3525 1308 3578 ἀπὸ
1339 3523 1395 3576 δὲ
1421 3522 1604 3592 Σάμου
1631 3519 1766 3590 φησὶ

179 3627 564 3701 θεωρηθῆναι·
597 3625 693 3678 καὶ
718 3623 816 3693 τὴν
844 3621 1130 3691 Συϐάρεως
1163 3617 1404 3671 ἆπλωσιν
1434 3613 1509 3685 (9)
1543 3613 1636 3664 ἐπὶ
1664 3611 1764 3682 τὴν

181 3721 479 3791 Μεσσήνης
514 3717 842 3790 μετέθεικεν.
874 3715 988 3766 Ἵνα
1028 3711 1086 3764 δέ
1119 3727 1170 3762 τι
1211 3710 1340 3780 δοκῇ
1370 3707 1547 3776 λέγειν
1579 3721 1766 3777 περιτ-

181 3815 298 3880 τὸν,
327 3814 421 3866 καὶ
452 3811 544 3864 τοῦ
568 3810 716 3875 ξένου
749 3806 1064 3878 προτέθεικε
1092 3799 1348 3872 τοῦνομα,
1379 3798 1640 3871 Περίλαον
1669 3795 1767 3850 αύ-

180 3906 275 3959 τδν
298 3904 577 3958 καλεῖσθαι
602 3901 796 3970 λέγων.
826 3895 1017 3966 Κάγὼ,
1047 3893 1211 3965 φησὶν
1235 3895 1263 3947 6
1291 3890 1627 3961 Νικαγόρας,
1654 3890 1764 3950 τοῖς

189 3989 568 4058 Ἑλληνικοῖς
581 3989 918 4061 ἐντυγχάνων
933 3986 1098 4043 αὺτοῦ
1115 4001 1176 4040 τε
1215 3983 1310 4036 καὶ
1345 3980 1440 4034 τοῦ
1481 3978 1763 4048 Ξενοφῶν-ι

181 4100 296 4148 τος,
319 4083 488 4137 πολλὰ
511 4080 605 4134 τοῦ
631 4079 972 4149 Ξενοφῶντος
1002 4076 1164 4130 αὐτὸν
1195 4073 1549 4147 μετατιθέντα
1580 4070 1765 4126 κατεί-

182 4177 351 4249 ληφα,
382 4177 476 4230 καὶ
505 4176 566 4229 τὸ
597 4173 786 4239 δεινὸν,
812 4174 893 4227 ὅτι
926 4171 1018 4224 ἐπὶ
1046 4170 1106 4223 τὸ
1136 4171 1334 4240 χεῖρον.
1371 4165 1453 4219 Τὰ
1483 4163 1614 4234 γοῦν
1638 4162 1765 4234 περὶ

173 4270 284 4341 τῆς
315 4263 667 4340 Φαρναϐάζου
695 4263 831 4336 πρὸς
869 4261 1188 4334 Ἀγησίλαον
1216 4258 1456 4321 συνόδου,
1480 4257 1549 4309 δι’
1581 4254 1766 4307 Ἀπολ-

182 4363 448 4432 λοφάνους
475 4359 568 4414 τοῦ
601 4357 933 4429 Κυζικηνοῦ,
967 4356 1062 4410 καὶ
1092 4354 1192 4418 τὰς
1216 4353 1418 4423 ἀμφοῖν
1440 4350 1575 4422 πρὸς
1602 4348 1765 4419 ἀλλή-

179 4457 310 4520 λους
343 4454 660 4515 ἐνσπόνδους
691 4450 973 4516 διαλέξεις,
996 4448 1062 4511 ἃς
1082 4449 1140 4500 ὲν
1158 4448 1224 4517 τῇ
1249 4443 1484 4515 τετάρτῃ
1514 4433 1764 4508 Ξενοφῶν

182 4546 464 4619 ἀνέγραψε
508 4547 649 4600 πάνυ
687 4542 982 4615 χαριέντως
1037 4540 1127 4594 καὶ
1171 4537 1488 4610 πρεπόντως
1534 4534 1757 4604 ἀμφοῖν,
1792 4550 1836 4605 D

177 4639 262 4702 είς
294 4637 392 4707 τὴν
419 4635 708 4704 ἑνδεκάτην
731 4632 838 4685 τῶν
884 4627 1249 4697 Ἑλληνικῶν
1287 4624 1538 4697 μεταθεὶς
1569 4624 1597 4675 6
1625 4622 1756 4675 Θεό-

181 4742 424 4798 πομπος,
454 4725 600 4796 ἀργά
619 4740 678 4776 τε
703 4724 794 4776 καὶ
821 4720 1052 4792 ἀκίνητα
1073 4717 1339 4788 πεποίηκε
1360 4717 1454 4770 καί¹
1480 4716 1754 4786 ἄπρακτα.

177 4817 361 4884 Λόγου
390 4815 499 4887 γὰρ
525 4813 774 4884 δύναμιν,
815 4811 911 4864 καὶ
945 4807 1033 4864 διὰ
1064 4810 1163 4880 τὴν
1190 4808 1393 4878 κλοπὴν
1435 4803 1756 4878 ἐξεργασίαν

183 4907 493 4978 ὲμῆάλλειν,
524 4906 620 4958 καὶ
653 4902 1056 4957 ἐπιδείκνυσθαι
1087 4897 1400 4963 σπουδάζων
1439 4897 1636 4969 βραδὺς
1663 4897 1757 4948 καὶ

177 4999 419 5068 μέλλων,
456 4997 550 5049 καὶ
588 4992 1005 5062 ἁναῦαλλομένῳ
1047 4990 1248 5068 ἐοικὼς.
1267 4989 1536 5058 φαίνεται,
1567 4989 1660 5040 καὶ
1698 4987 1758 5038 τὸ

181 5063 429 5160 ἐμψύχου
480 5087 575 5140 καὶ
632 5083 853 5155 ἐνεργὸν
906 5081 967 5134 τὸ
1018 5063 1354 5147 Ξενοφῶντος
1407 5077 1754 5148 διαφθείρων.

256 5273 335 5341 (7)
363 5269 748 5341 Προρρήσεις.
781 5269 941 5341 Sane
968 5261 1755 5341 La_ert_ius_d_iptumPythago-

178 5332 330 5400 l'al‘n'
353 5332 533 5396 fuisse
567 5332 762 5403 tradit,
806 5339 957 5410 παρὰ
1004 5335 1184 5410 «te;
1208 5332 1752 5410 I_Iti_0to\gndyopedetv,

181 5413 346 5498 quasi
378 5428 483 5465 non
516 5412 696 5464 minor
714 5403 1043 5489 cjus,_quam
1070 5405 1246 5487 Pythii
1270 5403 1534 5474 Apollinis
1562 5418 1757 5455 oracu¢

181 5484 252 5538 lis
305 5483 439 5537 fides
475 5481 782 5535 haberetur.
813 5478 952 5533 Hinc.
993 5487 1048 5531 et
1089 5490 1281 5538 magne
1318 5482 1602 5538 suspectus
1633 5487 1757 5525 esse

181 5487 252 5540 iis
305 5487 439 5537 ﬁdes
475 5487 782 5535 haberetur.
813 5487 952 5533 Hinc.
993 5487 1048 5531 et
1089 5490 1281 5546 magne
1318 5487 1602 5543 suspeetus
1633 5487 1757 5525 esse

178 5553 369 5622 cepit.
417 5552 559 5617 Adi,
599 5551 648 5605 si
692 5551 905 5620 placet,
951 5547 1184 5602 leium
1231 5544 1521 5614 Rhodigin.
1565 5543 1660 5596 lib.
1697 5557 1753 5606 x,

180 5624 555 5761 ωῗέῖἆζιῦτα
585 5689 684 5744 καὶ
713 5689 896 5761 αὐτὸς
923 5687 1000 5761 ἂν
1023 5681 1211 5761 εἷπον.
1250 5681 1634 5761 Μιιὶὶῐη-ταυτά
1661 5681 1756 5761 καί

180 5753 346 5843 αὐτὸς
380 5758 553 5843 εἶπεν,
589 5770 649 5814 ιιι
699 5753 970 5843 αὐτόςξεά
1015 5758 1321 5843 Androncm
1367 5754 1654 5834 referatur.
1687 5753 1757 5831 ᾼι

181 5833 240 5888 in
277 5821 608 5899 versionem,
639 5845 735 5901 pro
767 5821 1022 5890 Andr-one
1042 5867 1056 5893 ,
1102 5825 1481 5895 Theopompus
1515 5821 1751 5893 irrepsit.

1868 1947 2101 2016 propriae
2138 1955 2283 2009 sunt,
2315 1945 2438 1999 aliis
2474 1943 2783 2006 tribuendo,
2821 1948 2882 1994 ut
2927 1940 3031 1994 hoc
3072 1938 3236 1992 etiam
3282 1935 3457 1990 modo-

1871 2037 2141 2092 mendacii
2167 2047 2430 2090 teneatur.
2460 2035 2598 2090 Cum
2635 2035 2779 2088 enim
2809 2030 2994 2085 Andro
3025 2029 3081 2083 in
3113 2025 3348 2097 Tripode
3364 2039 3452 2082 res

1870 2147 1902 2185 a
1933 2129 2244 2201 Pythagora
2280 2131 2607 2200 philosopho
2643 2128 2930 2197 praedictas
2979 2123 3326 2194 collegisset,
3361 2122 3446 2176 in-

1870 2231 2058 2293 terque
2087 2233 2282 2277 caetera
2313 2230 2827 2284 commemorasset,
2859 2235 2985 2274 eum
3012 2217 3308 2288 aliquando
3334 2214 3447 2270 Me-

1868 2314 2080 2383 taponti
2109 2314 2381 2368 sitientem
2404 2352 2420 2378 ,
2452 2328 2576 2368 cum
2629 2313 2880 2366 haustam
2907 2326 2973 2365 ex
3013 2310 3251 2380 quodam
3284 2317 3449 2378 puteo

1866 2419 2066 2474 aquam
2123 2405 2368 2471 bibisset,
2439 2412 2810 2458 terraemotum
2861 2411 2987 2457 ante
3031 2402 3176 2456 diem
3225 2401 3448 2456 tertium

1869 2493 2112 2550 futurum
2169 2496 2505 2566 praedixisse.
2556 2493 2656 2549 Hic
2711 2495 2990 2549 nonnullis
3040 2492 3340 2562 interjectis
3367 2493 3442 2546 ita

1867 2588 2257 2657 prosequitur:
2290 2587 2438 2642 Illam
2498 2588 2660 2657 igitur
2697 2587 2970 2641 Andronis
3026 2585 3094 2640 de
3137 2584 3448 2656 Pythagora

1869 2679 2153 2734 historiam
2197 2677 2582 2748 Theopompus
2613 2679 2876 2748 integram
2923 2677 3137 2732 furatus
3191 2686 3294 2732 est.
3341 2675 3445 2744 Qui

1868 2769 1914 2824 si
1940 2784 2058 2824 eam
2091 2769 2158 2824 de
2181 2767 2487 2839 Pythagora
2523 2776 2996 2834 commemoraret,
3023 2768 3136 2833 alii,
3159 2769 3356 2838 quibus
3383 2783 3448 2823 ea

1869 2862 2008 2919 forte
2047 2874 2170 2918 nota
2207 2863 2318 2933 jam
2367 2874 2535 2929 esset,
2561 2864 2808 2918 eamdem
2865 2862 3026 2917 etiam
3071 2864 3140 2917 ab
3187 2861 3449 2917 Androne

1867 2963 2142 3009 narratam
2190 2970 2313 3010 esse
2357 2956 2625 3010 dicerent.
2685 2954 2838 3010 Nunc
2885 2969 3014 3008 vero
3064 2954 3269 3008 furtum
3334 2954 3449 3023 ipse

1867 3063 2025 3102 suum
2053 3048 2288 3102 nominis
2322 3046 2621 3101 mutatione
2643 3046 2916 3116 patefecit.
2944 3044 3107 3117 565
3139 3043 3270 3099 Rem
3294 3045 3446 3100 enim

1867 3141 2113 3194 eamdem
2147 3141 2416 3201 scribens,
2451 3155 2648 3194 nomen
2677 3139 2966 3209 supposuit
2987 3141 3246 3192 alienum.
3277 3138 3333 3194 Id
3365 3138 3451 3193 vi-

1791 3205 1834 3265 c
1868 3229 2061 3284 delicet
2081 3245 2110 3282 a
2141 3228 2446 3300 Pherecyde
2476 3229 2710 3299 quodam
2747 3205 2884 3300 syro
2927 3230 3241 3300 pradictum
3273 3228 3448 3286 fuisse

1866 3316 2050 3370 tradit.
2085 3318 2340 3370 Imo~non
2366 3315 2757 3385 hujustantum
2788 3316 3024 3370 nominis
3051 3317 3444 3386 integumento,

1865 3422 2056 3463 verum
2085 3408 2247 3462 etiam
2280 3407 2524 3462 locorum
2552 3407 2856 3461 mutatione
2885 3423 3044 3461 suum
3063 3407 3178 3476 ipse
3204 3406 3444 3476 plagium

1866 3501 2140 3556 occultare
2175 3509 2423 3554 conatur.
2458 3500 2632 3565 Quam
2681 3500 2826 3554 enim
2869 3499 2935 3554 de
2984 3500 3075 3554 illo
3103 3511 3259 3554 terra:
3291 3509 3445 3554 motu

1865 3593 2270 3662 praedictionem
2316 3591 2610 3660 Metaponti
2662 3593 2857 3645 factam
2899 3607 3018 3647 esse
3065 3592 3251 3646 Andro
3293 3607 3449 3646 com-

1866 3694 2170 3753 memorat,
2231 3701 2352 3740 eam
2409 3685 2464 3738 in
2501 3682 2657 3754 Syria
2709 3684 3002 3752 contigisse
3056 3683 3447 3754 Theopompus

1864 3779 2047 3835 habet.
2075 3777 2359 3849 Naviginm
2408 3777 2537 3831 item
2571 3774 2703 3829 illud
2731 3815 2746 3840 ,
2795 3790 2901 3828 non
2935 3775 3003 3829 ab
3050 3774 3266 3844 Megara
3310 3775 3446 3830 urbe

1866 3872 2086 3940 Sicilia,
2115 3871 2210 3928 sed
2246 3871 2315 3925 ab
2349 3869 2517 3924 Samo
2545 3870 2723 3923 visum
2772 3867 2960 3923 fuisse.
3011 3866 3296 3922 Postremo
3347 3866 3446 3938 Sy-

1863 3964 2014 4020 baris
2041 3965 2498 4035 expugnationem
2530 3961 2598 4016 ad
2638 3961 2902 4016 Messanae
2946 3960 3152 4014 cladem
3203 3968 3446 4014 transtu-

1860 4056 1943 4112 lit.
1976 4051 2299 4126 Quanquam
2333 4064 2392 4110 ut
2429 4055 2690 4110 eximium
2745 4053 2892 4107 aliud
2943 4052 3124 4107 dicere
3156 4051 3402 4108 videatur
3423 4092 3442 4118 ,

1863 4149 2094 4219 hospitis
2119 4163 2338 4219 quoque
2368 4163 2565 4202 nomen
2601 4145 2884 4215 adjunxit,
2939 4143 3210 4199 Perilaum
3263 4146 3442 4215 ipsum

1863 4239 2169 4309 nuncupari
2197 4236 2462 4293 scribens.
2506 4235 2618 4306 Ego
2653 4250 2814 4299 vero,
2846 4233 3059 4302 excepit
3097 4232 3396 4304 Nicagoras
3422 4272 3441 4299 ,

1861 4329 1918 4383 in
1946 4344 2157 4394 eorum,
2184 4344 2306 4398 qua:
2327 4343 2450 4382 cum
2484 4328 2599 4396 ipse
2622 4367 2637 4389 ,
2690 4335 2803 4378 tum
2832 4323 3135 4393 Xenophon
3173 4325 3242 4379 de
3278 4325 3442 4382 rebus

1863 4418 2173 4475 Graecorum
2211 4419 2486 4472 memoria:
2510 4416 3000 4487 prodiditlectioue
3033 4431 3280 4481 versans,
3313 4431 3438 4470 eum

1863 4512 2027 4564 etiam
2058 4525 2088 4564 e
2118 4507 2474 4578 Xenophonte
2523 4505 2790 4576 permulta
2844 4522 3000 4561 suam
3057 4507 3113 4560 in
3156 4506 3440 4562 historiam

1868 4601 2173 4657 traduxisse
2201 4598 2528 4668 deprehendi
2553 4615 2568 4663 ;
2609 4598 2862 4668 quodque
2889 4598 3106 4668 gravius
3133 4613 3255 4653 esse
3275 4637 3294 4665 ,
3345 4598 3440 4652 de-

1865 4692 2066 4746 teriora
2117 4689 2329 4744 fecisse.
2377 4688 2511 4742 Nam
2562 4688 2716 4741 illum
2747 4704 2878 4742 sane
2915 4687 3253 4743 Pharnabazi
3311 4704 3436 4744 cum

1867 4783 2116 4853 Agesilao
2167 4795 2550 4853 congressum,
2597 4779 2691 4849 qui
2748 4779 3121 4848 Apollophane
3169 4778 3437 4850 Cyziceno

1865 4884 2146 4944 sequestre
2199 4874 2419 4928 habitus
2467 4881 2590 4934 est,
2645 4885 2708 4924 ac
2768 4879 3018 4924 mutuum
3054 4869 3342 4939 utriusque
3381 4872 3433 4924 in

1866 4964 2158 5020 sanciendo
2206 4960 2408 5017 findere
2463 4959 2818 5029 colloquium,
2853 4957 2997 5028 quod
3053 4958 3193 5011 libro
3240 4970 3435 5028 quarto

1863 5056 2166 5127 Xenophon
2219 5055 2492 5124 eleganter
2537 5051 2827 5107 admodum
2852 5092 2868 5117 ,
2920 5061 2975 5104 et
3018 5065 3116 5119 pro
3149 5052 3434 5106 amborum

1936 5257 2010 5330 (θ)
2038 5253 2665 5330 Συϐάρεῳςμᾶπέωσιν.
2699 5250 2840 5330 Lege
2872 5249 3193 5330 Strabonem
3355 5263 3430 5310 γι,

1863 5338 1916 5385 et
1944 5319 2392 5382 ‘D'iodor.'Sicul.
2448 5325 2540 5377 lib.
2583 5339 2680 5377 xu.
2733 5319 2997 5375 Trecenta
3057 5319 3431 5389 Sybaritarum

1863 5399 2054 5461 millia,
2088 5414 2119 5451 a
2149 5405 2364 5452 centum
2395 5394 2830 5450 Crotoniatarum
2867 5387 3300 5461 niillibus._duce
3330 5387 3433 5461 Mi-

1863 5470 1987 5524 lone
2018 5456 2218 5523 athleta
2251 5464 2569 5528 fortissimo,
2599 5464 2792 5532 partim
2825 5476 2983 5524 caesa,
3012 5459 3205 5528 partim
3240 5456 3429 5527 proﬂi-

1863 5549 1986 5610 gata
2016 5547 2165 5610 sunt.
2195 5533 2349 5610 Urbs
2367 5536 2483 5610 ipsa
2516 5548 2639 5586 mox
2665 5540 2876 5610 aequata
2902 5532 3019 5585 solo
3051 5547 3064 5582 :
3107 5538 3228 5610 post
3255 5545 3432 5610 annos

1862 5600 1994 5665 ῐνιιι
2028 5624 2059 5662 a
2107 5600 2402 5671 Thessalis
2428 5600 2774 5657 instaurata:
2804 5600 3308 5671 iterumquelustru
3345 5600 3432 5654 vix

1861 5689 2072 5740 exacto,
2109 5668 2490 5732 novisincolis
2521 5674 2590 5727 ab
2629 5672 2870 5740 antiquis
2917 5668 3216 5726 victoribus
3245 5669 3432 5738 ejectis

1863 5749 2203 5807 seuiidiruta.
2237 5745 2502 5801 Thuriuni
2533 5744 2652 5812 ejus
2679 5745 2729 5797 in
2759 5743 2936 5795 locum
2969 5742 3253 5797 successit.
