3856 6224
398 278 499 337 779

1065 282 1338 341 EUSEBII
1377 279 1858 338 CAESARIENSIS
1898 278 2048 336 OPP.

2093 279 2279 335 PARS
2318 280 2384 336 ll.
2429 306 2495 326 σν
2531 279 3037 336 APOLOGETICA.
3536 278 3651 333 780

396 410 502 465 que
533 404 657 467 post
680 397 785 452 alia
811 403 1056 467 quaedam
1085 415 1098 451 :
1127 397 1443 470 Plagiarios,
1466 397 1643 467 inquit
1670 395 1955 461 Prosenes.

2067 394 2250 466 ἐτερα,
2300 394 2393 448 καὶ
2431 397 2460 448 ό
2514 395 2831 467 Προσήνης·
2879 395 3018 457 Τοὺς
3067 384 3167 463 μὲν
3227 391 3453 457 ἀλλους,
3512 390 3647 462 ἔφη,

392 487 533 543 alios
565 489 897 558 prodidistis.
933 491 1001 544 At
1028 489 1309 544 Platonem
1332 489 1483 544 illum
1512 489 1779 554 divinum,
1805 488 1962 559 cujus

393 594 425 635 e
471 582 691 636 nomine
743 582 941 637 festum
985 580 1153 653 468
1205 582 1350 635 hunc
1395 580 1539 637 diem
1587 581 1953 644 celebramus,

391 684 586 727 eorum
640 671 879 741 scriptis,
929 671 1023 741 qui
1072 678 1199 725 ante
1249 686 1309 727 se
1338 672 1615 738 vixerunt,
1674 671 1960 741 permultis

396 764 548 819 abuti
602 761 799 833 (furem
834 763 979 818 enim
1016 764 1176 818 talem
1210 763 1387 818 virum
1415 763 1687 833 appellare
1720 779 1829 817 non
1861 778 1963 818 au-

393 854 542 926 deo,)
582 864 823 909 vestrum
872 853 1053 908 adhuc
1101 870 1262 910 nemo
1295 855 1672 926 deprehendit.
1724 854 1865 921 Quid
1900 865 1959 909 tu

393 948 515 1002 ais?
568 945 745 1015 inquit
768 945 1038 1001 Callictes.
1086 943 1179 1000 Ille
1225 954 1449 1001 autem:
1503 943 1797 1001 Enimvero
1849 960 1960 1000 non

392 1046 604 1094 tantum
636 1037 750 1102 aio,
775 1036 869 1091 sed
902 1038 1066 1090 etiam
1099 1035 1279 1091 verbis
1309 1038 1486 1106 reipsa
1512 1034 1672 1091 ﬁdem
1699 1037 1957 1108 adjungo.

391 1129 541 1184 Libri
571 1127 790 1198 quidem
820 1140 1035 1190 eorum,
1084 1127 1176 1197 qui
1211 1136 1368 1182 aetate
1398 1126 1677 1183 Platonem
1711 1138 1960 1185 anteces-

226 1292 239 1307 ί
314 1252 320 1303 ι
391 1222 586 1287 serint,
637 1228 853 1275 exstant
904 1234 1039 1275 sane
1095 1219 1377 1290 perpauci,
1423 1233 1660 1290 quorum
1715 1220 1762 1275 si
1802 1222 1957 1291 copia

314 1308 321 1393 1
389 1317 552 1380 foret,
583 1314 741 1384 plura
775 1312 1025 1368 fortassis
1054 1312 1218 1382 hujus
1240 1312 1551 1383 philosophi
1580 1312 1725 1369 furta
1757 1313 1956 1385 depre-

388 1409 562 1463 hensa
591 1404 787 1460 forent.
828 1404 973 1461 Casu
1010 1419 1140 1459 vero
1172 1405 1307 1459 mihi
1340 1420 1632 1461 occurrere
1667 1405 1951 1462 nonnulla.

388 1497 526 1554 Cum
562 1498 706 1552 enim
748 1494 1057 1566 Protagorze
1097 1495 1295 1550 librum
1337 1495 1413 1550 De
1439 1505 1555 1550 ente
1601 1498 1955 1569 perlegerem,

387 1592 477 1647 his
510 1591 663 1646 illum
692 1604 794 1662 ego
833 1589 1161 1652 rationibus,
1213 1604 1330 1654 eos,
1384 1589 1478 1659 qui
1527 1604 1623 1645 ens
1658 1590 1958 1647 'duntaxat

386 1699 559 1739 unum
611 1697 733 1738 esse
783 1681 995 1743 volunt,
1045 1679 1298 1736 refellere
1346 1681 1622 1751 comperi:
1674 1682 1781 1738 hoc
1809 1683 1955 1737 enim

386 1776 494 1846 egi,
526 1783 587 1828 ut
634 1788 755 1843 quae
803 1773 871 1827 ab
920 1772 1013 1826 illo
1056 1771 1198 1826 hanc
1242 1772 1297 1826 in
1330 1786 1446 1827 rem
1490 1772 1955 1846 disputantur,_ad
1991 1752 2032 1806 Β

385 1844 610 1923 verbum
627 1866 946 1921 ediscerem.
961 1862 1116 1918 illaec
1144 1864 1261 1934 ipse
1286 1862 1566 1934 praefatus,
1588 1863 1777 1918 multis
1802 1844 1958 1918 dein—

386 1974 515 2029 cepe
572 1957 702 2013 dicti
773 1956 859 2011 sui
903 1955 1189 2011 veritatem
1258 1954 1617 2011 demonstrat.
1679 1954 1954 2022 Sedenim,

385 2048 693 2122 cuiusmodi
734 2046 1053 2105 Graecorum
1098 2046 1431 2117 scriptorum
1475 2046 1617 2100 ratio
1659 2046 1751 2110 sit,
1784 2054 1954 2117 utque

384 2160 458 2202 ne
499 2143 707 2199 mutuis
745 2141 965 2213 quidem
1003 2140 1238 2194 aliorum
1281 2139 1375 2193 alii
1427 2138 1952 2208 reprehensionibus

382 2237 747 2310 pepercerint,
776 2235 858 2289 vel
883 2249 949 2288 ex
976 2233 1118 2297 istis,
1150 2246 1271 2302 quae
1304 2231 1372 2286 de
1394 2230 1624 2286 inﬁnitis
1642 2245 1814 2300 pauca
1848 2231 1959 2286 col-

383 2332 513 2403 legi,
562 2330 694 2386 satis
737 2336 990 2383 constare
1041 2325 1315 2381 existimo.
1371 2322 1491 2378 lam
1542 2338 1705 2389 vero,
1752 2330 1813 2378 ut
1867 2324 1954 2378 via

384 2442 615 2484 summa:
662 2426 739 2481 illi
789 2423 1009 2480 utilitati
1066 2421 1238 2491 magis
1315 2417 1601 2487 magisque
1656 2424 1951 2482 sternatur,

384 2536 508 2591 quae
539 2520 595 2574 in
624 2517 843 2573 Graecos
869 2514 1222 2571 Hebraeorum
1258 2526 1321 2566 ex
1363 2508 1562 2563 litteris
1602 2506 1950 2572 redundavit,

387 2612 658 2669 facturum
693 2625 779 2664 me
819 2606 1191 2663 necessarium
1248 2616 1427 2672 operae
1470 2599 1707 2671 pretium
1739 2599 1952 2669 putavi,

383 2704 430 2761 si
461 2717 681 2758 omnem
711 2702 882 2767 illam,
913 2714 1035 2769 quae
1056 2705 1336 2765 tantopere
1356 2693 1615 2764 iactatur,
1645 2691 1952 2746 doctrinam

382 2791 893 2865 philosophiamque
941 2787 1281 2850 Graecorum,
1346 2795 1562 2837 necnon
1621 2795 1815 2836 eorum
1844 2781 1956 2851 pri-

383 2887 588 2940 marias
611 2896 858 2954 quasque
885 2879 1225 2951 disciplinas,
1256 2880 1646 2945 momentaque
1671 2874 1808 2930 artis
1839 2875 1955 2930 dis-

2066 486 2300 550 κλὲπτας
2348 487 2665 559 ἐφωράσατε
2684 504 2697 516 ⁸
2739 488 2822 541 ὅτι
2849 488 2905 541 δὲ
2950 488 3044 540 καὶ
3065 488 3227 552 αὐτὸς
3266 484 3420 552 οὗτος
3445 489 3474 541 ὁ
3501 487 3651 559 ἱερὸς

2064 580 2308 645 Πλάτων,
2338 575 2401 633 οὗ
2441 580 2539 651 τὴν
2569 580 2852 652 ἐπώνυμον
2902 582 3093 653 ἑορτὴν
3126 583 3367 653 σήμερον
3397 597 3652 650 πανηγυ-

2066 668 2308 742 ρίζομεν,
2336 668 2546 734 πολλοῖς
2576 670 2917 741 καταχρῆται
2950 671 3058 724 τῶν
3091 670 3197 741 πρὸ
3221 670 3408 735 αὐτοῦ,
3439 668 3648 740 (αἰδοῦς-

2066 779 2165 833 μαι
2195 762 2305 834 γὰρ
2352 761 2429 833 τῷ
2477 765 2575 833 τῆς
2622 762 2829 832 κλοπῆς
2882 763 3106 834 ὀνόματι
3150 761 3243 815 ἐπὶ
3301 761 3486 814 τούτου
3516 758 3653 830 χρῆο

2066 855 2187 908 σθαι
2208 855 2248 927 ·)
2287 853 2467 908 οὐκέτι
2512 854 2897 926 κατειλήφατε.
2934 856 3002 908 Τί
3034 855 3246 923 λέγεις;
3303 852 3406 923 ἔφη
3435 854 3464 906 ὁ
3494 851 3650 905 Καλ-

2063 945 2264 1017 λιέτης.
2309 947 2383 999 Οὐ
2433 945 2575 1013 λέγω
2622 946 2801 1015 μόνον,
2831 949 3015 1018 φησὶν,
3043 946 3180 999 ἀλλά
3207 946 3302 999 καὶ
3332 946 3434 1016 τὴν
3464 943 3652 999 πίστιν

2062 1037 2140 1108 τῷ
2173 1036 2317 1108 λόγῳ
2376 1038 2617 1110 παρέχω.
2667 1038 2877 1093 Σπάνια
2903 1039 2959 1092 δὲ
3004 1038 3072 1092 τὰ
3101 1038 3209 1091 τῶν
3241 1037 3347 1109 πρὸ
3383 1035 3479 1090 τοῦ
3509 1036 3653 1089 Πλά-

2062 1147 2228 1194 τωνος
2261 1130 2560 1198 γεγονότων
2597 1129 2775 1200 βιϐλία
2797 1148 2810 1160 ·
2847 1132 2969 1184 ἐπεὶ
3016 1131 3147 1195 ἴσως
3189 1130 3414 1194 πλείους
3449 1128 3517 1183 ἀν
3558 1146 3651 1192 τις

2062 1221 2312 1294 ἐφώρασε
2360 1222 2452 1275 τοῦ
2506 1223 2794 1292 φιλοσόφου
2844 1224 3068 1287 κλοπάς.
3115 1223 3258 1291 Ἐγὼ
3301 1223 3346 1276 δ’
3392 1219 3486 1275 οὖν
3531 1238 3649 1274 τισι

2062 1315 2203 1370 κατά
2235 1317 2406 1387 τύχην
2453 1317 2810 1388 ἐμπέπτωκα.
2841 1317 3205 1390 Πρωταγόρου
3236 1315 3344 1388 γὰρ
3376 1314 3465 1368 τὸν
3498 1314 3648 1377 Περὶ

2059 1411 2167 1464 τοῦ
2194 1412 2367 1479 ὄντος
2411 1412 2797 1482 ἀναγινώσκων
2842 1415 3018 1483 λόγον,
3066 1413 3202 1485 πρὸς
3233 1413 3358 1477 τοὺς
3394 1413 3452 1466 ἐν
3483 1412 3546 1466 τὸ
3586 1412 3651 1463 ὃν

2060 1505 2379 1573 εἰσάγοντας
2400 1506 2676 1569 τοιαύταις
2699 1506 2860 1561 αὑτὸν
2891 1506 3130 1575 εὑρίσκω
3163 1503 3442 1576 χρώμενον
3476 1505 3654 1557 ἀπαν-

2060 1599 2309 1671 τήσεσιν·
2361 1596 2668 1650 ἐσπούδασα
2700 1597 2807 1667 γὰρ
2854 1598 3043 1661 αὑταῖς
3084 1596 3262 1663 λέξεσι
3302 1595 3370 1649 τά
3411 1596 3650 1667 ρηθέντα

2064 1687 2443 1761 μνημονεύειν.
2478 1707 2496 1740 ι
2524 1690 2636 1742 Καὶ
2662 1688 2815 1742 ταῦτ’
2844 1687 3035 1751 είπὼν,
3069 1688 3156 1741 διὰ
3173 1687 3431 1742 πλειόνων
3462 1687 3650 1759 τίθησι

2060 1781 2159 1845 τὰς
2209 1780 2529 1847 ἀποδείξεις.
2578 1780 2723 1834 Ἀλλ’
2772 1783 2958 1845 ὁποῖος
3009 1781 3107 1852 μὲν
3158 1780 3265 1834 τῶν
3318 1780 3650 1852 Ἑλληνικῶν

2062 1873 2421 1943 συγγραφέων
2459 1875 2488 1926 ό
2525 1873 2744 1945 τρόπος,
2779 1874 2863 1927 ὅτι
2890 1891 2950 1926 τε
2986 1872 3106 1926 οὺδέ
3148 1873 3242 1926 τοῦ
3270 1873 3393 1927 καθ’
3433 1874 3653 1927 ἐαυτῶθ

2059 1965 2348 2035 ἐφείσαντο
2398 1964 2642 2035 ἐλέγχου,
2683 1968 2875 2038 ἀρκεῖν
2915 1964 3022 2018 ἀπὺ
3069 1965 3277 2036 μυρίων
3313 1964 3650 2036 ἡγοῦμαιτά

2060 2057 2349 2129 εἰρημένα.
2382 2058 2503 2109 ’Ἑτι
2540 2056 2596 2109 δὲ
2633 2059 2715 2121 είς
2761 2058 3219 2129 προπαρασκευὴν
3251 2058 3350 2128 τῆς
3389 2057 3498 2111 ἀπὺ
3532 2058 3651 2111 τῶν

2078 2146 2381 2218 Ἑϐραϊκῶν
2406 2146 2578 2215 λόγων
2604 2148 2958 2220 ἐπιρρυείσης
2983 2150 3063 2212 είς
3086 2148 3351 2219 Ἕλληνας
3375 2147 3652 2216 ὠφελείας

2064 2233 2123 2292 εὖ
2163 2256 2250 2309 μοι
2283 2237 2551 2290 δοκεῖκαὶ
2582 2237 2892 2306 ἀναγκαίως
2938 2237 3167 2292 καθόλου
3216 2240 3398 2291 πᾶσαν
3434 2237 3652 2291 ἀποδεί-

2065 2328 2152 2395 ξαι
2175 2328 2274 2399 τὴν
2309 2328 2589 2400 βοωμένην
2636 2328 2901 2399 Ἐλλήνων
2936 2328 3182 2382 παιδείαν
3214 2344 3274 2380 τε
3304 2327 3398 2380 καὶ
3434 2326 3652 2395 φιλοσο-

2062 2421 2214 2491 φίαν,
2254 2421 2325 2474 τά
2356 2438 2416 2474 τε
2445 2422 2637 2493 πρῶτα
2670 2422 2849 2474 αυτῶν
2886 2421 3204 2493 μαθήματα,
3246 2420 3349 2473 καὶ-
3370 2419 3440 2473 τὰ
3469 2420 3650 2489 σεμνὰ

2060 2513 2158 2586 τῆς
2183 2514 2407 2585 λογικῆς
2441 2516 2773 2586 ἐπιστήμης,
2808 2515 2914 2569 ἀπὸ
2965 2514 3254 2587 βαρϐάρων
3287 2514 3468 2577 αὐτοῖς
3512 2530 3651 2584 συμ-

2062 2606 2440 2680 πεφορημένα,
2472 2607 2547 2670 ώς
2579 2606 2644 2661 ἂν
2675 2605 2866 2679 μηκέθ’
2895 2609 3025 2678 ἡμῖν
3057 2607 3421 2678 ἐπιμέμφοιτό
3442 2622 3529 2669 τις
3554 2605 3650 2659 αὖ·

2059 2695 2189 2762 τῶν,
2220 2698 2303 2750 ὅτι
2343 2696 2406 2768 δὴ
2445 2697 2543 2769 τὴν
2582 2697 2733 2770 παρὰ
2763 2700 2875 2761 τοῖς
2921 2697 3216 2770 βαρϐάροις
3262 2695 3543 2750 εὐσέϐειάν
3586 2715 3650 2750 τε

2064 2789 2158 2843 καὶ
2189 2787 2505 2859 φιλοσοφίαν
2548 2789 2655 2843 τῶν
2690 2790 2821 2861 παρ’
2855 2790 3038 2854 αὐτοῖς
3067 2789 3278 2862 σεμνῶν
3320 2793 3651 2863 προτετιμήμ

2064 2895 2266 2951 καμεν.

382 2977 597 3035 serendi
641 2975 913 3048 graviora,
946 2972 1150 3042 passim
1193 2985 1286 3025 eos
1321 2981 1641 3039 corrogasse
1670 2982 1702 3021 a
1730 2966 1982 3025 barbaris
2030 2972 2285 3030 universe
2329 2973 2621 3031 ostendero
2666 2991 2680 3028 :
2718 2988 2787 3028 ne
2815 2974 2940 3044 quis
2970 2973 3212 3043 ipsorum
3246 2968 3481 3044 amplius
3514 2989 3650 3044 pro.

379 3071 482 3126 bro
506 3069 664 3125 nobis
689 3075 895 3123 vertere
927 3063 1146 3128 audeat,
1171 3060 1319 3126 quod
1346 3060 1599 3115 haustam
1636 3074 1667 3113 a
1703 3057 1958 3117 barbaris
2014 3063 2331 3136 religionem
2374 3074 2537 3137 atque
2559 3066 2962 3137 philosophiam
2993 3064 3241 3137 augustis
3291 3065 3399 3120 illis
3451 3080 3649 3121 eorum

382 3164 665 3237 mysteriis
704 3161 972 3233 potiorem
1007 3156 1385 3213 habuerimus.

979 3270 1210 3329 CAPUT
1253 3270 1347 3328 1V.

385 3392 540 3460 Quod
571 3407 673 3444 non
694 3391 807 3444 sine
836 3404 1000 3460 causa
1030 3385 1379 3460 Hebrworunt
1400 3385 1724 3460 theologiam
1748 3384 1956 3442 Crwca-

683 3477 801 3514 rum
826 3458 1164 3529 philosophia:
1190 3456 1600 3526 prwtulerimus’;

1984 3254 2027 3312 C

453 3576 611 3646 Quod
642 3590 749 3631 non
798 3573 917 3629 sine
967 3582 1185 3628 maturo
1233 3585 1477 3641 sanoque
1509 3569 1765 3636 consilio,
1800 3578 1955 3640 post-

380 3671 569 3727 habita
602 3667 917 3724 Graecorum
949 3664 1322 3736 philosophia,
1371 3661 1725 3718 Hebraeorum
1747 3663 1958 3718 theolo-

382 3764 525 3835 giam
548 3759 816 3831 complexi
847 3757 1133 3820 fuerimus,
1170 3755 1257 3811 vel
1293 3769 1359 3810 ex
1389 3767 1457 3809 eo
1490 3754 1625 3809 satis
1661 3752 1953 3824 intelligas,

380 3855 528 3926 quod
559 3869 591 3909 e
643 3851 848 3908 Graecis
900 3864 969 3905 ne
1019 3848 1095 3904 illi
1135 3847 1356 3918 quidem
1398 3845 1524 3916 ipsi,
1556 3844 1652 3915 qui
1703 3846 1952 3899 omnium

380 3945 586 4015 optime
630 3938 1034 4012 philosophiam
1070 3943 1467 3999 tractaverunt,
1518 3942 1572 3989 et
1615 3934 1828 4005 vulgari
1886 3935 1955 3990 de

380 4035 489 4091 diis
517 4030 866 4100 contritoque
915 4041 1170 4084 sermone
1217 4026 1455 4096 amplius
1484 4024 1691 4095 aliquid
1744 4024 1956 4095 majus-

379 4141 491 4198 que
517 4123 849 4194 cogitarunt,
879 4120 987 4176 alia
1029 4118 1249 4175 veritati
1303 4124 1671 4174 consentanea
1716 4117 1956 4187 reperire

381 4221 637 4291 dogmata
669 4215 972 4287 potuerint,
1007 4228 1172 4284 quam
1203 4227 1325 4283 quae
1345 4211 1487 4287 apud
1519 4208 1777 4265 Hebraeos
1802 4218 1954 4265 tanto

379 4320 507 4368 ante
535 4309 745 4364 sancita
772 4315 826 4362 et
869 4302 1165 4362 consrituta
1209 4303 1461 4358 fuissent.
1520 4301 1657 4356 Nam
1702 4316 1826 4356 eum
1862 4301 1954 4355 alii

377 4409 584 4457 temere
640 4407 776 4453 aestu
823 4395 1061 4466 quodam
1114 4391 1376 4447 falsarum
1430 4406 1497 4446 ac
1567 4388 1955 4459 multiplicium

378 4491 701 4564 opinionum
727 4486 957 4557 abrepti,
989 4484 1215 4541 tandem
1242 4482 1299 4537 in
1329 4483 1499 4538 altum
1533 4481 1732 4550 inepta:
1759 4482 1953 4550 loqua-

378 4583 561 4640 citatis
603 4582 872 4654 gurgitem
911 4577 1071 4634 eﬂ‘usi
1128 4584 1290 4643 sunt;
1327 4585 1444 4631 tum
1502 4575 1580 4629 illi
1618 4589 1771 4640 sane,
1790 4574 1956 4645 paulo

378 4676 680 4733 sinceriore
741 4673 827 4728 usi
878 4670 1111 4741 judicio,
1189 4668 1391 4740 quibus
1436 4666 1603 4739 5.69
1662 4667 1731 4722 de
1789 4667 1954 4721 rebus

377 4781 562 4822 veram
590 4765 775 4820 animo
796 4763 1076 4817 notionem
1107 4759 1492 4825 informarunt,
1523 4759 1577 4813 in
1620 4758 1688 4813 iis
1727 4756 1953 4826 quidem

377 4858 705 4915 nonnullum
739 4870 797 4911 se
839 4852 1120 4908 Hebraica:
1154 4851 1415 4907 doctrinm
1450 4859 1666 4921 gustum
1698 4847 1957 4901 habuisse

377 4950 680 5006 declarant.
718 4946 918 5001 Etvero
971 4951 1399 5000 consentaneum
1425 4941 1613 5011 utique
1647 4947 1750 5006 est,
1781 4937 1955 5007 utqui

378 5053 562 5094 rerum
619 5036 726 5093 sibi
774 5034 1066 5090 multarum
1114 5032 1482 5104 cognitionem
1542 5036 1953 5099 compararunt,

380 5142 673 5198 moresque
710 5125 1037 5198 populorum
1092 5133 1255 5194 atque
1305 5120 1626 5191 disciplinas
1675 5117 1956 5175 curiosius

377 5223 758 5295 explorarunt,
788 5219 826 5272 ii
868 5233 968 5273 nec
997 5217 1238 5279 illorum,
1285 5215 1352 5271 de
1396 5214 1597 5284 quibus
1646 5212 1953 5283 loquimur,

450 5376 566 5447 (16)
603 5372 1094 5447 ἑἍλλῃνῌᾶλλως.
1146 5369 1329 5447 Malim
1384 5367 1746 5447 ἀῃηνᾴλλως,
1796 5363 1955 5420 unica

380 5439 617 5508 voce,“
646 5456 730 5499 est
753 5439 827 5506 ὡς
856 5444 1063 5513 ἐτυχεν,
1096 5451 1154 5495 ut
1177 5441 1411 5513 explicat
1436 5439 1650 5513 Sttitlas.

453 5504 564 5585 (17)
606 5504 1184 5585 ἈγνώιὶονιΪδεξιδιιε
1211 5504 1379 5585 eiigit
1419 5505 1746 5585 εῷγνώμονι.
1770 5504 1956 5585 Quan-

380 5574 558 5655 quam?
587 5574 690 5654 legi
731 5574 892 5637 etiam
918 5583 1096 5655 possit
1124 5574 1397 5655 γνώμονι.-
1427 5574 1632 5655 vulgus
1650 5577 1831 5655 enim,
1862 5574 1954 5655 ἀλέ

387 5646 676 5724 invento;
709 5646 1255 5715 temere—ferebatur:
1283 5647 1596 5724 philosophi
1643 5646 1871 5715 judicio,
1901 5654 1954 5699 et

380 5718 813 5782 ratiocinatione,
857 5730 1117 5792 tanquam
1149 5718 1332 5790 regula
1365 5718 1599 5789 quadam
1633 5733 1695 5771 ac
1725 5730 1954 5787 perpen-

383 5793 562 5847 diculo
594 5793 901 5847 utebantur.

1987 4607 2035 4668 D

2597 3267 2994 3323 ΚΕΦΑΛΑΙΟΝ
3027 3269 3101 3320 Δν.

2063 3383 2185 3438 Ὅτι
2221 3383 2308 3452 μὴ
2362 3381 2595 3452 ἀλόγως
2644 3380 2760 3449 τὴν
2802 3380 2937 3447 παρ’
2989 3379 3274 3447 Ἑϐραίοις
3327 3376 3649 3452 θεολογίαν

2128 3447 2240 3522 τῆξ
2290 3447 2596 3519 Ἑλλήνων
2637 3447 3003 3520 φιλοσοφίας
3040 3447 3572 3518 προτετιμήκαμεν.

2131 3565 2252 3619 ’Ότι
2288 3563 2363 3635 μὴ
2398 3564 2525 3619 ἄνευ
2553 3563 2711 3637 λόγου
2742 3562 3037 3634 σώφρονος,
3070 3561 3299 3632 δεύτερα
3325 3560 3544 3631 θέμενοι
3580 3557 3650 3613 τὰ

2056 3659 2156 3731 τῆς
2198 3657 2464 3727 Ἑλλήνων
2497 3654 2834 3725 φιλοσοφίας,
2856 3654 2957 3726 τὴν
2990 3653 3120 3725 παρ’
3163 3651 3435 3723 Ἑϐραίοις
3465 3649 3649 3703 θεολο-

2056 3744 2183 3812 γίαν
2229 3741 2730 3814 προτετιμήκαμεν,
2780 3739 2967 3810 γνοίης
3020 3736 3105 3804 ἂν,
3166 3734 3372 3807 μαθὼν,
3421 3733 3497 3797 ὡς
3551 3732 3650 3786 καὶ

2057 3832 2237 3886 αὐτῶν
2288 3829 2555 3902 Ἐλλήνων
2605 3829 2656 3881 οἱ
2701 3826 2767 3900 δὴ
2817 3826 3050 3899 μάλιστα
3096 3825 3385 3899 ὀρθότερον
3429 3824 3651 3893 φιλοσο-

2058 3922 2186 3993 φίας
2215 3922 2504 3993 ἁψάμενοι,
2532 3921 2625 3974 καί
2657 3938 2710 3974 τι
2751 3918 2915 3974 πλέον
2946 3919 3042 3973 καὶ
3091 3918 3277 3991 μεῖζον
3304 3917 3406 3988 τῆς
3441 3917 3649 3989 πανδή-

2061 4033 2162 4087 μου
2206 4016 2334 4088 περὶ
2370 4014 2508 4068 θεῶν
2547 4012 2720 4084 ἀκοῆς
2762 4010 3157 4082 διανοηθέντες,
3190 4009 3300 4063 οὐδ’
3343 4008 3505 4079 ἐτερα
3533 4008 3651 4061 τῶν

2059 4110 2210 4177 παρά
2235 4110 2347 4170 τοῖς
2379 4105 2650 4177 Ἑϐραίοις
2675 4102 3187 4175 προκεκυρωμένων
3214 4099 3444 4171 ἐφεῦρον
3466 4097 3649 4170 ἀληθῆ

2056 4198 2319 4269 δόγματα.
2371 4197 2434 4251 Οἱ
2486 4197 2586 4268 μὲν
2631 4194 2742 4265 γὰρ
2784 4192 2948 4263 ἄλλην
2986 4192 3161 4256 ἄλλως
3199 4190 3312 4263 (16)
3365 4189 3651 4252 ποικίλαις

2056 4288 2421 4361 ψευδοδοξίαις
2463 4285 2823 4358 ἀπαχθέντες,
2850 4286 2929 4347 είς
2952 4282 3112 4355 βυθὸν
3138 4280 3452 4352 ἀδολεσχίας
3482 4297 3652 4353 περι-

2059 4384 2414 4457 ετράπησανο
2467 4381 2517 4433 οί
2585 4378 2643 4431 δέ
2688 4394 2753 4447 γε
2798 4375 2982 4440 ποσῶς
3027 4373 3306 4445 ἀγνώμονι
3341 4372 3454 4443 (17)
3494 4371 3653 4441 λογι-

2060 4474 2181 4547 σμῷ
2209 4472 2559 4545 κεχρημένοι,
2595 4472 2653 4525 ἐν
2680 4465 2760 4536 οἷς
2796 4469 2896 4540 τῆς
2934 4464 3202 4538 τάληθοῦς
3227 4464 3510 4537 ἐφήψαντο
3539 4482 3654 4519 κα-

2058 4568 2367 4640 ταλήψεως,
2396 4568 2454 4620 ἐν
2497 4565 2708 4629 τούτοις
2750 4565 2848 4635 τῆς
2892 4561 3159 4634 Ἑϐραίων
3188 4560 3436 4613 κοινωνοὶ
3464 4560 3656 4630 πεφήο

2059 4676 2183 4713 νασι
2223 4655 2587 4719 διδασκαλίας.
2618 4654 2781 4718 Εἰκὸς
2824 4652 2917 4707 οὖν
2960 4650 3296 4722 πολυμαθεῖς
3324 4648 3652 4718 γεγονότας,

2057 4749 2125 4804 τά
2144 4767 2203 4802 τε
2222 4748 2330 4801 τῶν
2356 4747 2524 4801 ἐθνῶν
2542 4746 2752 4818 νόμιμά
2773 4762 2833 4798 τε
2848 4744 2943 4798 καὶ
2959 4742 3257 4815 μαθήματα
3286 4741 3623 4813 περιεργότε

2060 4857 2151 4912 ρον
2177 4838 2527 4910 ἐξητακότας,
2550 4837 2645 4891 καὶ
2666 4837 2763 4908 τὴν
2775 4836 2882 4889 τῶν
2902 4833 3245 4905 δηλουμένων
3278 4831 3353 4902 μὴ
3375 4830 3659 4900 ἀγνοῆσαι

2059 4931 2395 5002 φιλοσοφίαν,
2416 4929 2715 5001 νεωτέρους
2743 4927 2842 4999 μὲν
2866 4925 2945 4997 τῷ
2967 4926 3166 4997 χρόνῳ,
3191 4926 3267 4988 ὡς
3289 4924 3422 4987 ἔπος
3444 4926 3656 4989 εἰπεῖν,

2058 5025 2313 5079 ἁπάντων
2343 5022 2442 5092 οὐχ
2477 5021 2740 5092 Ἑϐραίων
2777 5018 2935 5090 μόνον
2964 5016 3100 5088 (18),
3120 5016 3246 5070 οὐδέ
3268 5031 3335 5083 γε
3377 5014 3661 5068 Φοινίκων

2059 5117 2153 5170 καὶ
2184 5113 2514 5184 Αἰγυπτίων,
2539 5112 2674 5166 ἀλλά
2701 5112 2795 5166 καὶ
2828 5108 3010 5163 αὐτῶν
3042 5106 3152 5161 τῶν
3179 5104 3616 5176 παλαιῶνηἙλλή
3636 5136 3659 5146 φ

2060 5226 2166 5263 νων
2195 5207 2415 5279 φύντας.
2452 5200 2549 5270 Οἷς
2573 5204 2643 5259 τά
2668 5204 2768 5276 μὲν
2797 5205 2862 5257 ἐκ
2889 5201 3142 5271 Φοινίκης
3165 5198 3389 5270 Κάδμος
3413 5199 3444 5251 ὁ
3486 5198 3660 5269 ’Δγὴ-

2133 5363 2249 5434 (18)
2295 5363 2575 5434 Ἐϐραίων
2596 5362 2809 5434 μόνον,
2836 5368 2940 5434 etc.
2963 5356 3251 5434 _Diogenes
3282 5354 3562 5434 Laertius,
3592 5355 3658 5434 iri

2088 5425 2340 5495 rdmmio,
2367 5425 2438 5486 Τὸ
2466 5430 2563 5499 τῆς
2597 5425 2933 5500 ’φιλοσοφίας
2961 5425 3121 5500 ἔργον
3166 5425 3297 5500 ἔνιοί
3320 5441 3508 5500 ,φασιν
3538 5426 3658 5479 ἀπὺ

2088 5449 2438 5495 rooemio,'10
2466 5449 2563 5499 της
2613 5449 2933 5500 φιΛοσοφιας
2961 5449 2986 5480 ε
3025 5449 3121 5497 γον
3166 5449 3297 5480 ενιοι
3341 5449 3508 5494 φασιν
3538 5449 3658 5479 arm

2048 5449 2344 5627 ἱαρϐάρων
2373 5501 2552 5573 ἄρξαι·
2588 5498 2916 5570 γεγενῆσθαι
2948 5449 3057 5569 γὲρ
3089 5496 3238 5619 παρά
3276 5497 3375 5567 μὲν
3406 5495 3661 5566 Πέρσαις

2104 5577 2302 5627 άγους.
2351 5573 2503 5627 ποιοά
2545 5571 2603 5623 δὲ
2658 5569 3018 5627 Βαϐυλωνίοις
3065 5568 3098 5627 ἢ
3213 5566 3456 5627 σσυμίοις
3498 5567 3651 5619 Χαλ-

2104 5566 2302 5643 όὶγους,
2351 5566 2503 5644 παρὰ
2545 5566 2611 5623 δὲ’
2658 5566 3098 5644 Βαϐυλωνίοιςλῆ
3124 5566 3456 5644 ⁸ῙᾹᾸσςξυρίοις
3498 5567 3651 5644 ξαλ-

2049 5636 2261 5706 δαίους,
2290 5636 2400 5696 καὶ
2436 5636 2883 5712 Γυμνοσοφιστὰς
2931 5636 3357 5712 παρὰ-Ἰνδοῖς.)
3382 5636 3540 5712 παρὰ
3590 5654 3659 5712 τε

2051 5704 2275 5775 Κελτοῖς
2305 5713 2397 5765 καὶ
2424 5704 2846 5775 Γαλάταιςτοὺς
2880 5704 3250 5779 καλουμένους
3282 5704 3519 5776 Δρυίδας
3555 5707 3658 5761 καὶ

2054 5784 2405 5848 Σεμνοθέους,
2436 5790 2541 5837 etc.
