3856 6224
300 354 395 405 781

1460 349 1782 404 PR/EPAB.
1813 348 2066 407 EVANG.
2107 349 2235 405 LIB.
2275 344 2345 405 Χ.

3447 347 3555 409 782

298 479 474 536 νορος,
499 461 568 516 τὰ
587 461 632 515 δ’
662 462 722 528 ἐξ
749 460 1026 530 Αἰγύπτου
1053 461 1162 532 (19)
1192 462 1318 533 περὶ
1350 461 1506 528 θεῶν,
1534 463 1566 533 ἦ
1592 464 1683 518 καί
1712 465 1856 517 ποθεε

1979 464 2339 535 philosophiae
2383 480 2552 536 genus
2586 464 2924 536 ignorarint:
2968 478 3092 521 cum
3150 467 3435 535 omnibus,
3494 481 3550 525 ur

298 554 539 621 ἄλλοθεν,
588 556 861 626 μυστήρια
887 556 981 608 καὶ
1018 554 1258 618 τελετὰς,
1294 554 1497 619 ξοάνων
1525 574 1584 609 τε
1616 557 1869 628 ἱδρύσεις,

299 645 394 699 καὶ
433 645 657 716 ὕμνους,
687 644 831 715 ᾠδάς
880 660 940 697 τε
986 643 1079 697 καὶ
1130 645 1364 715 ἐπῳδὰς,
1405 646 1523 716 ήτοι
1563 647 1591 698 6
1640 646 1876 718 Θρᾴκιος

307 736 622 810 Ὀρφεὺς,ῆ
675 737 767 790 καί
792 754 877 799 τις
916 736 1102 808 ἕτερος
1136 736 1414 810 Ἔλλην,ἢ
1449 738 1741 810 βάρϐαρος,
1774 740 1876 809 τῆς

295 833 505 905 πλάνης
549 834 785 905 ἀρχηγοὶ
835 834 1135 904 γενόμενοι,
1187 834 1584 905 συνεστήσαντο
1608 851 1620 863 ·
1669 834 1873 888 τούτων

295 924 404 996 γὰρ
450 924 668 988 οὐδένας
717 925 812 978 καὶ
866 926 1020 979 αὐτοὶ
1066 926 1133 979 ἂν
1173 925 1569 997 ὁμολογήσαιεν
1616 926 1875 997 Ἕλληνες

294 1016 683 1088 παλαιοτέρους
707 1015 922 1070 εἰδέναι.
950 1017 1171 1088 Πρῶτον
1202 1015 1332 1085 γοῦν
1361 1017 1615 1072 ἁπάντων
1647 1019 1873 1090 Ὀρφέα,

294 1103 414 1161 εἶτα
448 1108 505 1161 δὲ
541 1108 720 1173 Αἶνον,
754 1108 988 1162 κᾶπειτα
1029 1111 1322 1173 Μουσαῖον,
1361 1109 1506 1180 ἀμφὶ
1534 1110 1602 1163 τά
1651 1111 1874 1182 Τρωϊκὰ

293 1198 659 1270 γενομένους,
719 1194 751 1270 ἦ
808 1198 987 1272 μικρῷ
1044 1199 1279 1270 πρόσθεν
1325 1201 1632 1271 ἠκμακέναι
1687 1201 1868 1268 φασίν.

306 1289 466 1343 Ἀλλά
490 1292 633 1345 κατά
661 1308 723 1359 γε
755 1278 975 1354 τούτους
1002 1288 1162 1344 πλέον
1190 1284 1343 1344 οὐδὲν
1371 1291 1470 1362 τῆς
1490 1292 1753 1345 Φοινίκων
1778 1294 1871 1348 καὶ

291 1382 604 1451 Αἰγυπτίων
640 1382 1015 1447 πολυπλανοῦς
1048 1382 1327 1449 θεολογίας
1356 1382 1508 1454 παρὰ
1535 1382 1646 1448 τοῖς
1676 1385 1871 1456 Ἕλλη*-

293 1492 377 1527 σιν
425 1473 782 1528 ἐπολιτεύετο.
816 1474 928 1528 Καὶ
960 1474 1023 1546 δὴ
1056 1475 1150 1528 καὶ
1180 1477 1237 1527 ὲν
1278 1473 1391 1538 τοῖς
1421 1474 1625 1538 λοιποῖς
1670 1475 1869 1541 ἔθνεσι,

291 1564 430 1618 κατά
475 1565 654 1629 πάσας
700 1565 884 1638 χώρας
923 1582 981 1618 τε
1018 1565 1110 1619 καὶ
1140 1564 1343 1628 πόλεις,
1382 1565 1438 1618 ἔν
1469 1583 1527 1619 τε
1573 1568 1737 1638 ἱεροῖς
1778 1568 1873 1621 κα)⁸

293 1656 633 1728 μυστηρίοις,
680 1656 816 1710 αύτά
856 1650 919 1727 δὴ
952 1656 1145 1722 ταῦτα,
1189 1654 1283 1710 καὶ
1320 1657 1421 1710 ὅσα
1449 1657 1657 1722 τούτοις
1688 1660 1868 1730 ὃμοια,

290 1747 751 1820 παρεφυλάττετο.
784 1746 958 1812 Πολὺς
983 1744 1113 1817 γοῦν
1153 1747 1303 1819 παρά
1332 1752 1445 1813 τοῖς
1473 1751 1636 1803 πᾶσιν
1675 1753 1702 1804 ὁ
1739 1751 1868 1822 περὶ

1983 559 2060 613 ita
2100 558 2301 626 dicam,
2329 574 2439 613 non
2464 557 2708 615 Hebraeis
2750 558 2934 623 modo,
2963 561 3049 615 vel
3079 560 3455 627 Phoenicibus,
3498 576 3550 620 et

1981 649 2276 722 Egyptiis,
2307 652 2401 706 sed
2431 650 2594 706 etiam
2627 651 2832 706 Graecis
2864 651 2970 706 illis
2993 653 3398 722 antiquioribus
3419 663 3550 709 tem-

1979 757 2110 810 pore
2136 742 2385 811 juniores
2414 742 2741 798 exstiterint.
2788 743 3069 812 Siquidem
3101 744 3208 799 illis
3246 745 3444 815 partim
3471 762 3540 801 ex

1980 833 2237 889 thnice
2267 834 2505 889 Cadmus
2549 835 2806 904 Agenoris
2844 836 3009 902 lilius,
3040 836 3236 905 partim
3268 852 3334 891 ex
3375 835 3546 909 Egy-

1977 936 2088 996 plo,
2135 928 2219 981 vel
2252 926 2559 993 undeunde,
2604 942 2703 982 sua
2742 927 2833 981 illa
2866 928 3093 983 deorum
3145 930 3426 1000 mysteria,
3458 945 3548 985 sae

1979 1033 2309 1089 crorumque
2334 1019 2494 1085 ritus,
2531 1019 2815 1089 signorum
2856 1019 3267 1085 collocationes,
3293 1022 3547 1093 hymnos,

1976 1110 2132 1173 odas,
2162 1112 2494 1181 epodasque,
2537 1125 2630 1165 seu
2669 1109 2937 1166 Thracius
2972 1110 3243 1182 Orpheus,
3290 1128 3387 1168 seu
3419 1116 3547 1185 qui-

1975 1201 2060 1257 vis
2108 1200 2200 1255 alii
2247 1201 2333 1256 vel
2382 1199 2553 1255 Graeci
2582 1200 2665 1254 vel
2723 1199 2965 1265 barbari,
3009 1202 3214 1257 erroris
3252 1203 3420 1259 duces
3486 1219 3547 1258 ac

1973 1290 2250 1361 principes
2288 1290 2665 1345 fabricarum:
2714 1305 2815 1345 nec
2863 1291 3008 1345 enim
3039 1291 3365 1348 vetustiores
3407 1293 3546 1351 alios

1973 1397 2094 1438 sese
2125 1382 2210 1437 vel
2262 1382 2368 1452 ipsi
2399 1397 2620 1452 quoque
2677 1381 2849 1437 Graeci
2903 1397 3067 1437 nosse
3119 1381 3410 1438 fateantur.
3465 1384 3547 1440 Ac

1972 1473 2209 1543 primum
2250 1471 2470 1541 quidem
2502 1469 2800 1541 Orpheum,
2846 1469 3045 1525 Linum
3094 1472 3240 1539 inde,
3284 1481 3402 1528 tum
3426 1473 3546 1529 Mu-

1973 1578 2166 1627 saaum,
2195 1562 2338 1617 circa
2365 1561 2603 1632 Trojana
2645 1571 2910 1632 tempora,
2949 1563 3033 1617 vel
3064 1564 3231 1634 paulo
3271 1576 3401 1620 ante
3438 1566 3542 1621 llo-

1970 1659 2146 1713 ruisse
2189 1658 2398 1713 volunt.
2451 1658 2612 1727 Atqui
2664 1658 2799 1711 nihil
2830 1673 2961 1713 sane
2987 1667 3125 1725 tum,
3156 1666 3353 1731 praeter
3379 1661 3544 1719 Phae-

1970 1750 2153 1804 nicum
2203 1758 2367 1819 atque
2437 1747 2818 1820 Egyptiorum
2887 1760 3185 1805 scatentem
3259 1753 3541 1809 erroribus

287 1814 425 1894 θεῶν
447 1814 821 1912 νπροδηλωθεὶς
843 1814 1062 1912 ἐκράτει
1087 1814 1246 1909 λόγος
1269 1857 1283 1872 ο
1312 1839 1449 1905 νεώς
1481 1841 1593 1911 (20)
1621 1858 1680 1894 τε
1710 1814 1856 1912 περ-ι-

1968 1814 2324 1912 theologiam,
2375 1814 2688 1897 Graecorum
2724 1843 3032 1911 respublica
3066 1852 3311 1900 noverat.
3363 1844 3539 1912 Quam

286 1930 523 1997 καλλεῖς,
558 1924 831 1996 παντοίοις
872 1931 1149 2003 ἀγάλμασι
1202 1930 1297 1985 καὶ
1344 1931 1658 2003 ἀναθήμασι
1703 1949 1863 1985 κεκο-

288 2023 603 2094 σμημένους
636 2023 787 2095 παρὰ
808 2026 918 2087 τοῖς
958 2025 1125 2077 πᾶσιν
1147 2023 1446 2096 ἐξήσκηντο
1469 2040 1481 2053 ⁸
1515 2018 1655 2096 ἀτάρ
1682 2022 1746 2095 δὴ
1771 2025 1865 2077 καὶ

285 2112 448 2181 ξόανα
483 2114 741 2178 παντοίας
775 2114 909 2186 ὕλης
939 2116 1019 2180 εἰς
1065 2117 1244 2169 πᾶσαν
1287 2115 1494 2186 θνητῶν
1524 2113 1678 2179 ζώων
1719 2116 1864 2169 ίδέαν

282 2194 643 2276 τετυπωμένα
694 2204 995 2274 φιλοκάλως
1046 2205 1379 2278 ἐξείργαστο.
1442 2205 1552 2259 Καὶ
1610 2205 1716 2278 μὴν
1770 2207 1864 2261 καὶ

285 2299 554 2369 μαντείων
600 2297 824 2370 πλείστη
866 2317 949 2363 τις
997 2294 1065 2371 ἦν
1106 2301 1199 2353 καὶ
1244 2300 1474 2371 ἄφθονος
1531 2301 1682 2372 παρὰ
1728 2302 1863 2353 πᾶσι

286 2391 593 2461 περιουσία.
624 2391 828 2461 Σεμνός
858 2407 923 2459 γε
964 2392 1071 2464 μήν
1112 2410 1194 2456 τις
1228 2393 1322 2447 καὶ
1356 2392 1526 2463 μέγας
1556 2388 1677 2455 θεὸς
1712 2390 1865 2463 παρά

281 2485 396 2547 τοῖς
432 2483 655 2554 Ἕλλησι
699 2482 1083 2555 διαφερόντως,
1132 2485 1193 2538 τὸ
1234 2482 1488 2556 τηνικάδε
1535 2485 1769 2557 μάλιστα
1795 2479 1862 2556 ἦν

280 2572 569 2645 ἀκμάζων,
620 2574 649 2625 ὁ
704 2573 922 2636 Πύθιος,
973 2574 1068 2627 καὶ
1116 2575 1145 2627 6
1183 2572 1442 2646 Κλάριος,
1473 2575 1567 2628 καὶ
1597 2577 1626 2629 6
1673 2575 1862 2628 Δωδω-

281 2667 431 2730 ναῖος
474 2665 621 2738 (21)·
668 2661 784 2719 εἶτα
848 2664 1187 2737 Ἀμφιάρεως
1230 2667 1324 2720 καὶ
1384 2662 1724 2738 Ἀμφίλοχος,
1767 2667 1862 2719 καὶ

280 2759 376 2813 ἐπὶ
401 2757 609 2823 τούτοις
649 2758 837 2831 μυρίος
872 2758 1029 2821 ἄλλος
1055 2754 1324 2831 ἐπιρρέων
1349 2754 1687 2830 χρησμῳδῶν
1722 2758 1856 2829 μᾶλ-

277 2849 393 2915 λον,
421 2848 455 2921 ἢ
488 2849 726 2919 ποιητῶν
750 2867 806 2902 τε
842 2850 938 2903 καὶ
999 2848 1262 2921 ῥαψῳδῶν
1292 2848 1466 2920 ὄχλος.
1493 2844 1594 2901 Ὧν
1627 2850 1858 2921 μακροῖς

278 2940 402 2995 ποθ’
434 2940 658 3012 ὓστερον
688 2940 901 3012 χρόνοις
930 2942 1009 3005 είς
1040 2939 1306 3011 Ἕλληνας
1340 2939 1686 3012 παρελθοῦσα
1712 2940 1860 3009 φιλο-

279 3034 467 3104 σοφία,
490 3033 655 3105 μηδὲν
686 3033 794 3087 τῶν
828 3034 963 3105 αὐτῇ
992 3032 1375 3106 προσηκόντων
1403 3033 1555 3105 παρά
1583 3034 1694 3096 τοῖς
1720 3048 1856 3104 προ-

1965 1935 2211 1990 eamdem
2264 1934 2321 1988 in
2377 1932 2632 1988 omnibus
2697 1946 2981 1988 sacrorum
3039 1935 3540 2007 mysteriorumque

1964 2026 2232 2081 rationem
2283 2032 2471 2095 gentes
2497 2023 2661 2078 etiam
2695 2023 2919 2094 reliquae
2951 2024 3006 2078 in
3039 2024 3154 2080 suis
3195 2033 3426 2096 quaeque
3450 2042 3541 2083 re-

1967 2118 2221 2189 gionibus
2269 2116 2612 2185 urbibusque
2649 2115 2975 2170 retinebant.
3049 2113 3261 2186 Quippe
3310 2116 3402 2171 illa
3426 2118 3543 2189 jam

1966 2216 2081 2265 tum
2129 2209 2271 2281 apud
2319 2223 2528 2274 omnes,
2565 2208 2633 2263 de
2669 2222 2778 2278 qua
2830 2207 3091 2278 superius
3121 2207 3290 2264 locuti
3323 2224 3539 2273 sumus,

1965 2302 2033 2358 de
2063 2301 2167 2358 diis
2201 2299 2389 2372 opinio
2434 2300 2641 2370 passim
2688 2300 3003 2355 obtinebat:
3064 2301 3263 2369 templa
3338 2302 3541 2375 ubique

1965 2395 2276 2468 magniﬁca,
2333 2396 2592 2465 omnique
2635 2394 2915 2466 signorum
2968 2407 3033 2450 ac
3066 2395 3418 2452 donariorum
3447 2413 3541 2468 ge-

1964 2504 2095 2544 nere
2128 2488 2195 2551 ad
2240 2488 2495 2543 eximiam
2538 2486 2775 2557 speciem
2835 2486 3209 2544 ornabantur:
3246 2488 3537 2546 simulacra

1965 2595 2087 2634 cum
2115 2594 2181 2633 ex
2215 2578 2363 2633 omni
2395 2577 2642 2644 materia,
2676 2586 2789 2631 tum
2815 2577 2869 2631 in
2896 2574 3197 2647 quamlibet
3222 2581 3537 2636 mortalium

1966 2670 2327 2726 animantium
2360 2668 2592 2724 formam
2623 2668 2855 2739 eleganti
2900 2669 3132 2725 artiticio
3170 2670 3534 2742 ﬁngebantur.

1964 2762 2206 2819 Plurima
2234 2772 2453 2833 quoque
2473 2761 2617 2832 apud
2647 2775 2839 2817 omnes
2867 2761 3220 2817 oraculorum
3253 2772 3374 2819 erat
3418 2778 3539 2820 ma-

1968 2855 2224 2923 ximaque
2250 2853 2444 2922 copia:
2487 2852 2691 2923 quique
2728 2866 2960 2924 magnus
3008 2853 3147 2923 apud
3189 2852 3409 2912 Gnaeos
3435 2870 3538 2927 po-

1964 2946 2240 3002 tissimum
2318 2944 2544 3000 habitus
2593 2953 2676 2999 est
2731 2953 3106 3015 augustusque
3148 2945 3304 3013 deus,
3342 2947 3534 3002 eodem

1965 3036 2204 3093 maxime
2258 3035 2489 3092 ﬂorebat
2535 3044 2800 3105 tempore,
2827 3034 3077 3107 Pythius,
3124 3036 3373 3106 inquam,
3416 3038 3528 3099 ille,

278 3129 543 3198 πάτορσιν
597 3122 855 3196 εὑροῦσα,
891 3124 960 3178 τὰ
1010 3125 1108 3196 μὲν
1158 3124 1334 3196 σεμνά
1365 3125 1460 3178 καὶ
1504 3122 1709 3178 παλαιά
1757 3122 1856 3193 τῆς

1962 3131 2200 3195 Clarius,
2282 3138 2447 3198 atque
2527 3127 2863 3184 Dodonaeus:
2941 3143 3103 3199 quem
3164 3128 3532 3199 Amphiaraus

277 3216 551 3287 πατρικῆς
602 3215 781 3269 αὐτῶν
821 3214 1117 3282 θεολογίας,
1160 3215 1301 3268 αὐτά
1347 3231 1403 3267 τε
1450 3213 1517 3267 τά
1567 3212 1856 3283 θαυμαστά

273 3307 375 3360 καὶ
423 3306 575 3379 παρά
622 3308 754 3361 πᾶσι
811 3304 1080 3376 βοώμενα,
1114 3305 1234 3359 θεῖά
1269 3323 1329 3358 τε
1389 3304 1485 3359 καὶ
1541 3304 1853 3376 χρηστήρια

273 3398 423 3471 ἔργῳ
467 3396 695 3471 περιττά
750 3399 843 3452 καὶ
881 3396 1129 3467 ἀνωφελῆ
1173 3395 1520 3450 κατελάϐετο.
1558 3394 1650 3448 Διὸ
1682 3395 1853 3449 ταῦτα

274 3491 377 3562 μὲν
410 3494 490 3555 είς
517 3490 766 3562 δεύτερον
805 3490 1148 3555 ἀνεϐάλλετο,
1173 3490 1248 3553 ὡς
1280 3489 1345 3543 ἂν
1372 3489 1522 3543 οὐδὲν
1546 3486 1683 3560 αὐτῇ
1713 3488 1852 3559 πρὸς

279 3584 373 3655 τὴν
423 3584 533 3639 τῶν
585 3582 898 3651 ἀναγκαίων
953 3582 1048 3636 καὶ
1100 3580 1318 3651 ἀληθῶν
1366 3576 1582 3650 εὕρεσιν
1636 3580 1851 3632 λυσιτε-

271 3674 500 3727 λοῦντα·
544 3674 613 3727 τὰ
651 3673 709 3727 δὲ
751 3673 933 3726 ὀθνεῖα
975 3671 1158 3726 λοιπὸν
1209 3671 1302 3725 καὶ
1334 3668 1603 3742 βάρϐαρα,
1650 3664 1738 3722 οἶά
1770 3685 1852 3732 τις

270 3766 474 3838 γυμνὴ,
506 3766 601 3820 καὶ
631 3763 845 3819 οἰκείων
880 3761 1235 3834 πτωχεύουσα
1263 3763 1435 3830 λόγων
1463 3778 1524 3814 τε
1552 3762 1646 3814 καὶ
1673 3758 1850 3831 μαθη-

271 3860 482 3932 μάτων,
511 3857 727 3929 περιῄει
751 3854 1170 3929 διερευνωμένη,
1205 3855 1275 3908 τά
1319 3871 1378 3906 τε
1420 3854 1667 3924 χρήσιμα
1718 3869 1853 3907 παν-

270 3948 497 4021 ταχόθεν
529 3950 695 4020 ἑαυτῇ
728 3946 1045 4020 πορίζουσα,
1078 3947 1385 4015 συνάγουσά
1415 3962 1496 4011 τε,
1530 3945 1625 3998 καὶ
1667 3946 1850 4016 ἐρανι-

267 4044 495 4116 ζομένη,
518 4044 612 4097 ὅτί
641 4059 772 4096 ποτε
799 4045 927 4116 παρ’
960 4041 1208 4104 ἑκάστοις
1245 4039 1395 4112 εὖροι
1424 4039 1532 4092 τῶν
1558 4038 1746 4093 ἐθνῶν.
1773 4037 1848 4092 Od

267 4135 380 4207 γὰρ
399 4129 493 4190 οὖν
505 4135 640 4207 μόνα
655 4134 725 4188 τὰ
750 4134 851 4205 τῆς
879 4130 1115 4205 ἀληθοῦς
1145 4132 1421 4200 θεολογίας
1441 4130 1696 4185 λείποντα
1724 4149 1850 4184 κατ-

266 4225 568 4298 ιμάνθανεχ
582 4228 694 4288 τοῖς
762 4225 1038 4295 Ἕλλησιν,
1087 4221 1224 4277 ἀλλὰ
1266 4223 1361 4276 καὶ
1404 4221 1513 4275 τῶν
1546 4221 1720 4275 ἄλλων
1760 4238 1849 4275 τε-

264 4316 409 4389 χνῶν
432 4333 491 4369 τε
524 4315 618 4369 καὶ
640 4313 957 4385 ἐπιστημῶν
983 4314 1083 4378 τὰς
1113 4311 1566 4384 βιωφελεστάτας.
1607 4308 1848 4380 Συνομο-

264 4406 483 4475 λογοῦσί
517 4405 580 4475 γέ
602 4423 686 4459 τοι
732 4404 992 4477 Ἕλληνες
1017 4402 1190 4469 αὐτοὶ,
1228 4405 1365 4474 μετά
1389 4420 1454 4471 γε
1497 4401 1720 4473 Ὀρφέα,
1756 4402 1847 4455 Λῖ-

1963 3221 2182 3289 deinde,
2203 3220 2620 3292 Amphilochus,
2666 3227 2719 3274 et
2763 3219 2978 3273 inﬁnita
3014 3220 3273 3292 deinceps
3299 3222 3406 3276 alia
3436 3238 3529 3276 va-

1960 3325 2074 3370 tum
2111 3314 2297 3384 potius
2339 3327 2504 3383 quam
2530 3323 2815 3382 poetarum
2848 3321 2942 3367 aut
2965 3312 3366 3384 rhapsodorum
3392 3315 3533 3369 mul-

1957 3404 2134 3460 titudo
2189 3412 2485 3458 consecuta
2532 3410 2635 3457 est.
2701 3401 2769 3455 At
2821 3417 2944 3458 vero
2990 3403 3336 3475 philosophia
3403 3419 3527 3460 eum

1956 3495 2177 3550 nonnisi
2237 3493 2424 3551 multis
2465 3503 2590 3565 post
2630 3508 2726 3549 eos
2754 3494 2970 3549 saeculis
3016 3494 3256 3551 venisset
3292 3495 3348 3550 in
3380 3494 3528 3552 Grae-

1955 3588 2118 3653 ciam,
2151 3600 2253 3641 nec
2279 3586 2575 3656 quidquam
2644 3593 2851 3640 rerum'
2876 3601 3097 3640 suarum
3149 3586 3293 3657 apud
3335 3601 3526 3642 eorum

1954 3679 2193 3749 majores
2217 3678 2507 3742 inveniret,
2530 3675 2797 3748 quidquid
2826 3677 3049 3745 insuper
3073 3676 3126 3730 in
3154 3679 3344 3748 patria-
3370 3677 3525 3734 theo-

1951 3770 2111 3842 logia:
2139 3769 2417 3837 mysteriis
2446 3771 2694 3841 praclari
2734 3771 2862 3826 olim
2890 3768 3174 3839 sanctique
3198 3768 3524 3837 habebatur,

1952 3876 2166 3931 necnon
2211 3861 2323 3927 illa,
2371 3877 2493 3932 quae
2548 3863 2793 3917 omnium
2842 3876 2937 3916 ore
2964 3861 3336 3931 jaotabautur,
3371 3876 3525 3932 egre-

1953 3951 2038 4022 gia
2067 3951 2365 4020 divinaque
2412 3950 2658 4017 oracula,
2689 3949 2855 4022 5.70
2879 3956 2935 4003 et
2967 3950 3127 4018 plena
3161 3947 3443 4012 vanitatis,
3471 3960 3525 4003 et

1952 4043 2023 4098 ab
2049 4042 2201 4097 omni
2234 4042 2467 4097 utilitate
2513 4057 2687 4098 vacua
2717 4045 2901 4111 reipsa
2929 4039 3310 4110 deprehendit.
3381 4038 3526 4111 Ergo

1952 4134 2023 4189 iis
2048 4133 2350 4189 secundum
2381 4132 2437 4186 in
2468 4132 2649 4188 locum
2676 4132 2917 4203 rejectis,
2950 4130 3095 4202 quod
3132 4129 3269 4185 nihil
3310 4130 3415 4186 sibi
3458 4132 3524 4185 ad

1950 4241 2137 4282 rerum
2172 4224 2607 4281 necessariarum
2655 4240 2720 4280 ac
2750 4239 3004 4279 verarum
3052 4222 3520 4294 investigationem

1951 4317 2356 4374 commoditatis
2404 4317 2599 4372 afferre
2633 4325 2876 4388 possent,
2914 4331 3098 4371 errare
3148 4315 3406 4387 deinceps
3428 4330 3525 4369 va-

1951 4409 2197 4480 garique,
2252 4415 2311 4463 et
2364 4408 2586 4477 quando
2618 4406 2766 4460 nuda
2818 4420 2917 4475 per
2958 4419 3078 4459 sese
3103 4411 3242 4471 erat,
3275 4418 3341 4458 ac
3392 4416 3524 4473 pro-

265 4498 356 4551 νόν
391 4513 452 4550 τε
490 4497 585 4550 καὶ
621 4498 915 4560 Μουσαῖον,
957 4496 1005 4549 οἶ
1042 4495 1107 4567 δὴ
1152 4495 1387 4567 μάλιστα
1428 4490 1694 4562 θεολόγων
1747 4510 1849 4546 πα-

1961 4497 2194 4566 priarum
2242 4494 2563 4551 facultatum
2611 4494 2792 4563 inops,
2843 4494 3128 4563 peregrina
3164 4492 3357 4549 saltem
3399 4491 3525 4546 bar-

265 4587 537 4642 λαιότατοί
560 4604 620 4640 τε
645 4588 740 4641 καὶ
773 4586 980 4659 πρῶτοι
1026 4582 1302 4658 κατῆρξαν
1335 4585 1519 4647 αὐτοῖς
1550 4584 1649 4655 τῆς
1683 4583 1846 4637 πολυ-

264 4676 392 4731 θέου
422 4676 649 4746 πλάνης,
684 4677 810 4740 τοὺς
847 4671 988 4730 ἑπτὰ
1034 4677 1161 4748 παρ’
1193 4675 1375 4739 αὐτοῖς
1405 4674 1607 4746 ἄνδρας
1635 4673 1728 4727 ἐπὶ
1757 4691 1844 4742 φι-

261 4767 491 4840 λοσοφίᾳ
512 4767 910 4839 θαυμασθῆναι,
934 4765 1027 4832 οὓς
1048 4768 1112 4839 δὴ
1141 4767 1234 4821 καὶ
1258 4765 1594 4837 ἐπονομάσαι
1616 4761 1839 4834 Σοφούς.

270 4861 445 4931 ’Δμφὶ
476 4860 657 4931 Κῦρον
687 4860 743 4914 δὲ
785 4860 891 4913 οἵδε
918 4860 1009 4913 τὸν
1036 4858 1260 4930 Περσῶν
1301 4858 1556 4929 ᾖκμασαν
1596 4856 1837 4927 βασιλέα.

259 4946 435 5016 οὗτος
459 4951 503 5004 δ’
526 4948 595 5024 ἦν
620 4953 648 5004 6
694 4950 882 5023 χρόνος
927 4953 984 5004 ὲν
1010 4944 1055 5017 ᾧ
1077 4950 1186 5003 τῶν
1220 4948 1349 5020 παρ’
1388 4943 1665 5018 Ἑϐραίοις
1710 4963 1843 5018 προ-

260 5047 454 5119 φητῶν
498 5049 546 5100 οἱ
606 5046 819 5101 πάντων
871 5041 1090 5100 ὖστατοι
1142 5046 1531 5123 προεφήτευον.
1582 5044 1691 5098 τῶν
1743 5043 1842 5113 μὲν

258 5135 526 5209 Τρωῖκῶν
564 5130 789 5207 ὕστερον
826 5136 969 5190 ἔτεσι
1015 5136 1176 5189 πλέον
1295 5134 1616 5199 ἑξακοσίοις,
1648 5133 1749 5203 τῆς
1783 5122 1840 5184 δὲ

255 5231 543 5296 Μωῦσέως
590 5212 952 5295 ἡλικίαςξούκ
990 5230 1208 5284 ἔλαττον
1260 5229 1292 5300 ἢ
1337 5229 1529 5300 χιλίοις
1561 5228 1657 5281 καὶ
1707 5244 1840 5280 πεν-

253 5321 538 5385 τακοσίοις
552 5321 852 5393 γενόμενοι.
868 5322 1036 5374 Τοῦτο
1056 5321 1114 5374 δέ
1133 5338 1216 5375 σοι
1243 5321 1342 5384 τὰς
1353 5320 1460 5374 τῶν
1476 5318 1682 5393 χρόνων
1712 5319 1841 5372 ἀνα-

335 5432 449 5503 (19)
491 5429 622 5488 Post
656 5433 728 5487 τὰ
769 5433 823 5486 δ’
870 5432 937 5499 ἐξ
984 5433 1286 5503 Αἰγύπτου
1313 5432 1525 5503 clarius
1543 5439 1597 5503 et
1643 5430 1840 5503 distin-

257 5500 407 5558 ctius
440 5505 705 5573 legeretur
724 5545 739 5567 ,
765 5504 799 5574 ἦ
830 5500 1116 5574 καίίποθεν
1146 5502 1387 5563 ἄλλοθεν.
1413 5502 1539 5573 περὶ
1571 5500 1718 5574 θεῶνΔ
1741 5518 1840 5569 μυ-

259 5571 638 5644 στήριαίθιρη
664 5571 875 5628 tametsi
907 5573 1241 5644 Graecorum,
1271 5574 1432 5627 etiam
1459 5571 1840 5627 disertissimo-

254 5643 665 5725 runnihintricata
699 5659 839 5725 saepe
866 5658 930 5724 ac
954 5643 1175 5725 trajecta
1204 5644 1382 5725 oratio
1411 5652 1515 5697 est.

332 5712 447 5783 (20)
473 5713 652 5779 Νεώς.
699 5714 837 5779 Quid
875 5713 921 5769 si
955 5712 1078 5784 νεῴ,
1112 5723 1162 5767 et
1209 5714 1306 5784 lin.
1350 5721 1631 5782 sequente,
1681 5728 1839 5763 κεκο-

253 5780 554 5849 σμημένοι,
584 5800 678 5847 pro
704 5780 1184 5849 κεκοσμημένουςῖ
1208 5780 1332 5839 Haec
1360 5780 1491 5840 sane
1527 5785 1684 5838 lectio
1712 5795 1835 5836 cum

1949 4588 2191 4658 baraque
2222 4587 2435 4655 rimari,
2462 4601 2693 4658 quaeque
2717 4586 2820 4641 sibi
2857 4586 2981 4640 usui
3010 4600 3132 4641 esse
3162 4593 3391 4656 possent
3415 4586 3525 4640 col-

1946 4677 2116 4748 ligere
2141 4679 2402 4747 undique,
2434 4686 2487 4733 et
2508 4676 2772 4748 quidquid
2819 4676 2962 4746 apud
2994 4675 3267 4746 quoslibet
3292 4674 3521 4745 populos

1945 4771 2228 4840 reperiret,
2275 4769 2468 4825 sedulo
2491 4784 2801 4840 corrogare.
2853 4766 2967 4822 Nec
2994 4767 3140 4823 enim
3166 4782 3352 4821 veram
3379 4771 3519 4821 dun-

1948 4862 2100 4915 taxat
2144 4856 2495 4929 theologiam,
2543 4859 2637 4914 sed
2686 4859 2824 4913 alias
2854 4858 3018 4912 etiam
3047 4866 3195 4912 artes
3228 4864 3390 4926 atque
3422 4855 3520 4910 do.

1948 4951 2154 5007 ctrinas
2200 4949 2455 5003 humanae
2490 4948 2612 5003 vitae
2648 4948 2929 5019 perutiles,
2972 4946 3176 5003 Graecis
3201 4946 3519 5001 hominibus

1944 5044 2136 5099 deesse
2158 5041 2432 5110 cognovit.
2464 5039 2532 5094 Et
2571 5055 2702 5095 vero
2738 5039 2911 5095 Graeci
2967 5039 3204 5095 fatentur
3233 5038 3361 5111 ipsi,
3389 5055 3517 5094 non—

1944 5134 2049 5189 nisi
2084 5142 2207 5203 post
2236 5131 2539 5202 Orpheum,
2591 5130 2792 5186 Linum
2824 5147 2889 5186 ac
2923 5130 3213 5199 Musaeum,
3246 5131 3339 5203 qui
3367 5131 3515 5185 vide-

1943 5223 2071 5278 licet
2104 5222 2485 5292 theologorum
2530 5222 2776 5276 omnium
2835 5221 3229 5291 antiquissimi,
3272 5237 3335 5275 ac
3362 5221 3515 5291 prin—

1941 5314 2109 5384 cipes,
2135 5312 2285 5369 falsae
2308 5313 2473 5383 hujus
2496 5313 2563 5368 de
2587 5313 2935 5367 multitudine
2966 5312 3192 5367 deorum
3218 5311 3512 5380 opinionis,

1943 5428 2130 5499 priori.
2159 5427 2584 5509 ἐκράτειλόγος,
2634 5435 2688 5483 et
2728 5424 2995 5496 sequenti,
3042 5423 3207 5491 ξόανα
3265 5424 3513 5495 ἐξείργα-

1943 5516 2055 5558 στο,
2091 5506 2423 5553 conveniret.
2868 5538 2873 5543 .

2013 5568 2124 5639 (21)
2154 5567 2511 5639 Δωδωναῖος.
2546 5565 2882 5639 Praestiterit
2922 5564 3239 5639 Διδυμαῖος,
3298 5572 3357 5616 ut
3399 5564 3511 5639 jam

1941 5632 2045 5709 sub
2093 5632 2275 5709 operis
2325 5632 2489 5709 hujus
2544 5637 2759 5709 initium
2809 5651 2897 5691 me
2960 5632 3224 5690 adnotare
3265 5632 3511 5687 memini.

1940 5708 2082 5765 Sunt
2110 5711 2253 5764 enim
2291 5710 2406 5763 haec
2429 5708 2692 5777 Apollinis
2715 5714 3095 5777 cegnomenta.
