3842 6226
346 290 451 345 785

988 286 1260 343 EUSEBH
1301 285 1783 343 CESARIENSIS
1822 287 1969 342 OPP.
2012 289 2192 344 PARS
2228 288 2288 344 ll.
2340 318 2403 328 -—
2440 287 2923 343 APOLOGETILA

3475 282 3582 331 78}

346 409 699 462 hindamenta
748 405 1016 475 jecerunt,
1066 407 1213 461 viros
1265 407 1389 462 illos
1419 406 1644 462 omnino
1698 417 1871 478 scpter

1976 409 2225 481 ,γραφὰς
2288 408 2481 478 μικρὸν
2531 405 2756 477 ὕστερον
2808 403 2992 456 διιόντι
3045 402 3357 472 καταφανὲς
3406 403 3577 458 ἔσται.

344 499 701 568 philosophiae
748 500 802 553 in
851 497 1057 553 Graecia
1106 499 1267 553 laude
1311 500 1596 565 claruisse,
1628 517 1768 572 quos
1802 502 1904 573 ipsi

343 608 558 662 quoque
607 591 1288 663 Sapientesnominarint.
1324 594 1490 664 Atqui
1530 594 1672 666 Cyro
1723 594 1905 652 Persis

341 688 637 754 imperante
658 683 959 738 ﬂoruerunt
987 700 1177 740 omnes
1201 704 1215 739 :
1258 702 1369 756 quo
1394 697 1638 756 tempore
1666 688 1903 757 prophe-

340 785 514 830 tarum
541 776 680 845 apud
719 774 974 830 Hebraeos
1037 776 1283 832 omnium
1316 778 1597 832 novissimi
1624 781 1901 846 exstitere,

339 867 494 923 annis
544 877 667 936 post
703 867 941 938 Trojana
984 870 1205 939 quidem
1243 879 1483 941 tempora
1513 872 1747 942 amplius
1780 887 1902 927 sex-

336 959 540 1024 centis;
584 968 708 1027 post
729 958 968 1030 Moysem
996 975 1126 1014 vero
1149 976 1256 1014 non
1284 962 1636 1031 paucioribus
1662 962 1808 1017 mille
1838 978 1901 1019 ac

333 1051 669 1121 quingentis,
710 1062 770 1107 ut
815 1052 972 1108 facile
1003 1053 1098 1107 tibi
1145 1054 1308 1122 paulo
1342 1063 1465 1122 post
1495 1069 1559 1109 ex
1594 1062 1897 1125 temporum

333 1140 543 1196 ratione
602 1142 851 1212 serieque
911 1144 1206 1199 constabit.
1262 1143 1531 1199 Cazterum
1567 1160 1633 1200 eo
1678 1146 1898 1203 circiter

330 1246 465 1299 aevo,
506 1247 632 1289 cum
676 1234 1008 1291 recentiores
1042 1236 1130 1292 isti
1165 1245 1367 1305 septem
1405 1236 1690 1307 Sapientes
1718 1253 1897 1294 emer-

330 1324 554 1392 sissent,
588 1324 931 1382 humanioris
964 1326 1185 1396 quidem
1228 1336 1282 1383 et
1316 1328 1681 1399 castigatioris
1729 1330 1894 1385 disci-

329 1413 488 1480 plina:
520 1415 767 1485 magistri
796 1414 965 1471 fuisse
993 1417 1371 1485 perhibentur,
1407 1421 1501 1473 sed
1536 1428 1717 1474 tamen
1750 1435 1894 1490 prae-

324 1513 410 1560 ter
445 1505 687 1561 celebres
729 1507 994 1576 quasdam
1051 1509 1403 1578 eruditasque
1441 1509 1763 1573 sententias,
1806 1510 1892 1563 ni-

326 1596 402 1650 hil
423 1596 715 1653 admodum
748 1598 1103 1669 reliquerunt.
1156 1600 1226 1654 At
1252 1601 1413 1671 longe
1439 1601 1615 1657 serius
1647 1602 1892 1672 philoso-

325 1688 557 1758 phorum
583 1690 638 1744 in
684 1688 892 1746 Graecia
928 1692 1112 1762 vigere
1157 1707 1357 1748 nomen
1380 1707 1444 1748 ac
1473 1695 1750 1764 praedicari
1780 1710 1894 1751 caa-

2019 499 2279 555 Ἐνταῦθά
2327 515 2426 551 που
2456 498 2566 550 νέοι
2595 495 2672 566 τῷ
2713 496 2887 565 χρόνῳ
2909 492 3053 545 ἑπτὰ
3093 492 3371 563 γενόμενοι
3400 494 3578 562 Σοφοὶ,

2006 591 2097 645 ἐπὶ
2130 587 2459 659 κατορθώσει
2495 584 2917 658 μνημονεύονται
2946 584 3165 656 ἀγωγῆς
3191 584 3290 654 τῆς
3313 583 3578 654 ὴθικωτέ-

2008 700 2126 755 ρας,
2153 675 2226 735 ὦν
2273 680 2432 734 πλέον
2471 680 2624 732 οὐδὲν
2673 679 2777 732 τῶν
2824 677 3109 749 βοωμένων
3139 675 3579 747 ἀποφθεγμάτων

2007 773 2420 846 μνημονεύεται.
2466 772 2591 842 Ὀψὲ
2634 771 2691 824 δέ
2724 789 2795 834 τι,
2826 772 2920 823 καὶ
2966 763 3165 839 μᾶλλον
3212 771 3325 832 τοῖς
3366 769 3579 840 χρόνοις

2006 867 2425 938 ὑποϐεϐηκότες,
2468 868 2516 919 οἰ
2549 867 2679 936 παρ’
2717 864 2940 933 Ἕλλησι
2975 862 3251 933 φιλόσοφοι
3283 861 3577 933 διαπρέψαι

2006 958 2448 1029 μνημονεύονται.
2493 949 2590 1008 Ὧν
2641 954 2960 1025 Πυθαγόρας
3012 953 3227 1025 πρῶτος
3277 954 3576 1026 Φερεκύδου

2002 1048 2306 1119 γνώριμος,
2346 1045 2405 1100 τὸ
2456 1045 2772 1115 φιλοσοφίαν
2824 1042 3065 1115 ἀνευρὼν
3112 1044 3312 1116 ὄνομα,
3351 1044 3427 1109 ὡς
3475 1045 3577 1116 μέν

2000 1156 2161 1203 τινες,
2188 1139 2411 1210 Σάμιος,
2436 1138 2511 1202 ὡς
2534 1138 2577 1190 δ’
2610 1137 2787 1208 ἕτεροί
2816 1153 2965 1205 φασι,
2997 1137 3275 1208 Τυρρηνὸς
3302 1132 3389 1207 ἦν.
3417 1136 3576 1200 Τινὲς

2000 1230 2042 1283 δ’
2084 1230 2243 1285 αὐτὸν
2287 1229 2477 1301 Σύριον
2522 1229 2555 1298 ἢ
2604 1228 2798 1298 Τύριον
2845 1224 2981 1282 εἶναι
3017 1228 3305 1296 λέγουσιν·
3338 1226 3479 1279 ὥστε
3512 1243 3573 1279 σε

2000 1324 2295 1397 βάρϐαρον,
2329 1323 2442 1376 ἀλλ’
2469 1324 2567 1394 οὐχ
2601 1324 2836 1395 Ἕλληνα
2866 1322 3147 1391 γεγονέναι
3177 1320 3458 1391 ὁμολογεῖν
3481 1321 3573 1373 τὸν

1999 1414 2214 1485 πρῶτον
2242 1414 2351 1466 τῶν
2378 1413 2703 1483 φιλοσόφων,
2736 1412 2841 1487 ἀνὰ
2870 1412 3045 1481 στόμα
3074 1412 3290 1465 πάντων
3305 1408 3572 1481 Ἑλλήνων

1996 1508 2273 1579 ᾀδόμενον.
2302 1508 2411 1561 Καὶ
2438 1507 2528 1560 τὸν
2559 1506 2867 1578 Φερεκύδην
2907 1505 2965 1558 δὲ
2990 1504 3182 1577 Σύριον
3226 1504 3573 1575 ἀναγράφου-

1997 1618 2103 1666 σιν,
2145 1595 2189 1670 ᾦ
2221 1600 2555 1672 μαθητεῦσαι
2592 1601 2681 1654 τὸν
2710 1599 3033 1670 Πυθαγόραν
3076 1597 3263 1666 φασίν.
3289 1598 3365 1651 Οὐ
3411 1597 3571 1668 μόνον

1994 1694 2050 1749 δὲ
2089 1695 2262 1766 τούτῳ
2294 1694 2651 1763 συγγενέσθαι
2690 1694 2719 1745 ὁ
2748 1691 3071 1764 Πυθαγόρας
3097 1690 3339 1759 λέγεται,
3365 1689 3570 1762 διατρί-

325 1754 420 1846 pit.
467 1777 674 1847 ﬂorum
723 1754 1011 1851 ρτίηοερεν
1029 1781 1119 1836 ille
1160 1754 1517 1852 Pythagoras,
1561 1779 1871 1863 Pherecyd'u

1989 1782 2089 1852 ψαι
2113 1782 2169 1836 δὲ
2204 1754 2297 1837 κἀι
2325 1754 2476 1854 παρὰ
2518 1786 2631 1847 τοῖς
2658 1782 2882 1857 Περσῶν
2910 1754 3123 1854 μάγοις,
3149 1754 3375 1844 καὶτοῖς
3405 1754 3570 1853 Atr-u-

322 1877 446 1922 aute
477 1868 804 1939 discipulus,
849 1886 879 1925 a
923 1886 1033 1941 quo
1060 1872 1417 1943 philosophia:
1451 1890 1647 1930 nomen
1693 1876 1888 1932 inveno

323 1969 435 2014 tum
466 1969 568 2025 est,
597 1961 833 2024 Samius,
862 1973 927 2019 ut
973 1966 1220 2019 nonnulli
1275 1966 1482 2036 volunt,
1511 1973 1620 2033 vel,
1658 1978 1720 2026 ut
1762 1970 1888 2028 aliis

322 2050 519 2119 placet,
551 2050 767 2109 Tuscus
799 2062 944 2109 erat.
985 2052 1097 2110 Nec
1135 2056 1330 2112 desunt
1374 2058 1465 2128 qui
1519 2058 1718 2131 Syrum
1758 2076 1885 2121 eum

321 2152 416 2197 aut
443 2141 666 2213 Tyrium
690 2143 859 2200 fuisse
890 2146 1095 2202 dicant.
1139 2145 1273 2202 Utut
1304 2149 1395 2216 sit,
1425 2150 1578 2205 illum
1617 2160 1672 2207 et
1701 2152 1882 2223 philo-

320 2235 617 2304 sophorum
669 2237 990 2307 principem,
1022 2248 1076 2295 et
1121 2239 1435 2299 Graacorum
1493 2244 1743 2300 omnium
1783 2261 1884 2305 ore

314 2328 669 2394 celebratum,
728 2343 837 2384 non
882 2329 1127 2391 Graecum
1165 2340 1369 2401 tamen,
1436 2335 1531 2391 sed
1587 2335 1883 2395 barbarum

316 2432 441 2474 csse
483 2417 759 2475 fatendum
788 2432 891 2476 est.
947 2420 1256 2488 Quinetiam
1287 2425 1465 2494 ipsum
1493 2442 1712 2497 quoque
1744 2426 1884 2486 Phe-

317 2508 589 2579 recydem,
622 2510 709 2565 cui
758 2508 1121 2582 Pythagoram
1157 2528 1380 2588 operam
1415 2515 1632 2574 dedisse
1673 2517 1878 2585 ferunt,

314 2600 510 2670 Syrum
544 2600 716 2657 fuisse
744 2614 1069 2659 memorant.
1126 2606 1454 2677 Quanquam
1503 2622 1614 2663 non
1660 2624 1726 2666 eo
1757 2618 1880 2667 tan-

256 2740 257 2745 η
314 2702 426 2744 tum
456 2690 678 2748 doctore
715 2691 1078 2765 Pythagoram
1125 2713 1284 2752 usum
1317 2713 1440 2754 esse
1488 2699 1735 2767 tradunt,
1783 2701 1879 2759 sed

312 2784 477 2837 etiam
506 2799 629 2839 cum
662 2787 835 2855 magis
860 2788 1000 2856 apud
1034 2786 1252 2855 Persas,
1280 2804 1404 2867 cum
1438 2791 1717 2862 prophetis
1733 2793 1878 2865 apud

250 2876 255 2881 ‘
311 2871 593 2945 Egyplios
638 2877 1087 2931 consuetudinem
1140 2878 1429 2945 habuisse;
1485 2896 1596 2952 quo
1655 2882 1875 2953 quidem

310 2977 551 3036 tempore
596 2968 791 3038 partim
838 2986 893 3023 Ill
935 2966 1252 3041 Egyptum,
1294 2971 1497 3041 partim
1540 2971 1873 3046 Babylonem

1991 1874 2162 1926 πτίων
2209 1872 2267 1927 δὲ
2323 1874 2630 1945 προφήταις
2685 1871 3041 1947 μαθητεῦσαι,
3091 1870 3215 1924 καθ’
3268 1870 3329 1926 ὃν
3376 1871 3569 1943 χρόνον

2001 1965 2266 2037 Ἐϐραίων
2296 1966 2346 2018 οἰ
2392 1965 2491 2036 μὲν
2528 1966 2613 2018 ἐπ’
2639 1964 2937 2036 Αἰγύπτου,
2959 1966 3008 2018 οί
3039 1963 3083 2017 δ’
3125 1964 3218 2017 ἐπὶ
3246 1962 3569 2027 Βαϐυλῶνος

1989 2054 2272 2124 φαίνονται
2312 2052 2411 2126 τὴν
2454 2053 2732 2123 μετοικίαν
2777 2053 3155 2125 πεποιημένοι.
3196 2052 3357 2107 Ἀλλὰ
3394 2053 3505 2126 γὰρ
3533 2053 3568 2108 ό

1985 2145 2331 2217 δηλούμενος,
2356 2144 2427 2198 τὰ
2458 2148 2588 2217 παρ’
2617 2146 2866 2210 ἑκάστοις
2896 2145 3034 2216 σοφὰ
3068 2145 3562 2217 πολυπραγμονῶν,

1983 2236 2186 2309 ἐπῆλθε
2218 2228 2512 2290 Βαϐυλῶνα
2566 2239 2659 2292 καὶ
2690 2238 2980 2307 Αἴγυπτον,
3011 2238 3106 2293 καὶ
3154 2238 3410 2310 Περσίδα,
3448 2241 3565 2302 τοῖς

1984 2345 2043 2381 τε
2077 2328 2270 2400 μάγοις
2294 2327 2528 2392 καὶτοῖς
2564 2327 2767 2400 ἱερεῦσι
2802 2328 3257 2399 μαθητευόμενος.
3301 2329 3563 2400 Ἀκηκοέ-

1985 2437 2071 2473 ναι
2098 2436 2159 2473 τε
2200 2419 2337 2491 πρὸς
2375 2419 2582 2485 τούτοις
2620 2420 2957 2492 Βραχμάνων
3003 2420 3315 2493 ἱστόρηταισ
3348 2419 3561 2491 (Ἰνδῶν

1981 2510 2040 2573 δέ
2065 2511 2201 2564 εἰσιν
2228 2505 2373 2565 οὗτοι
2403 2510 2737 2583 φιλόσοφον)
2768 2513 2862 2566 καί
2895 2515 3025 2586 παρ’
3061 2505 3137 2566 ὧν
3170 2511 3269 2583 μὲν
3300 2510 3558 2583 ἀστρολο-

1982 2602 2127 2670 γίαν,
2172 2604 2302 2674 παρ’
2344 2599 2420 2657 ὧν
2460 2602 2517 2656 δὲ
2548 2602 2910 2674 γεωμετρίαν,
2939 2603 3307 2675 ἀριθμητικήν
3337 2619 3396 2656 τε
3422 2602 3558 2674 παρ’

1980 2692 2154 2748 ἄλλων
2182 2693 2277 2748 καὶ
2311 2694 2596 2770 μουσικὴν,
2640 2693 2732 2746 καὶ
2763 2693 2897 2748 ἄλλα
2924 2694 3053 2765 παρ’
3082 2692 3255 2746 ἄλλων
3303 2692 3556 2765 συλλεξά-

1980 2803 2160 2857 μενος,
2206 2785 2365 2856 μόνον
2396 2786 2544 2858 παρὰ
2566 2785 2674 2839 τῶν
2707 2784 2885 2855 σοφῶν
2923 2784 3189 2857 Ἐλλήνων
3217 2786 3371 2856 ἔσχεν
3402 2785 3557 2839 οὐδὲν

1977 2881 2138 2952 πενίᾳ
2172 2879 2362 2949 σοφίας
2403 2880 2498 2934 καὶ
2525 2881 2728 2954 ᾀπορίᾳ
2762 2880 3169 2934 συνοικούντων.
3206 2878 3481 2950 Ἐμπαλιν
3506 2879 3555 2933 δ’

1975 2966 2069 3026 οὖν
2099 2970 2205 3025 τῶν
2236 2969 2433 3039 ἔξωθεν
2459 2970 2606 3042 αύτῴ
2630 2971 3256 3041 πεπορισμένων,αἰ¹τιος
3270 2970 3431 3034 αὐτὸς
3451 2972 3555 3042 τῆς

308 3057 564 3115 llebraaos
601 3061 866 3130 migrasse
896 3062 1086 3131 liquet.
1132 3062 1294 3136 47],
1322 3066 1400 3119 Ita
1426 3076 1614 3141 noster
1643 3068 1731 3125 hic
1753 3069 1870 3140 phi-

1979 3062 2268 3135 μαθήσεως
2302 3063 2539 3133 κατέστη
2572 3065 2683 3126 τοῖς
2723 3062 2998 3132 Ἕλλησιν.
3040 3062 3098 3115 '0
3127 3062 3226 3134 μὲν
3250 3057 3342 3116 οὖν
3370 3062 3552 3116 Πυθα-

308 3150 591 3219 losOphus.
621 3152 751 3219 quid
780 3153 921 3222 apud
951 3169 1201 3224 quosque
1242 3156 1562 3225 praeclarum
1591 3166 1645 3214 et
1686 3161 1873 3216 erudi-

307 3250 420 3294 tum
464 3250 629 3304 esset,
666 3242 950 3313 diligenter
977 3244 1288 3315 explorans,
1320 3244 1672 3319 Babylonem,
1698 3249 1871 3323 Egy-

210 3330 217 3395 L
306 3346 457 3402 ptum
488 3331 877 3405 Persidemque
905 3337 1233 3407 peragravit,
1266 3353 1554 3410 magorum
1583 3356 1646 3399 ac
1690 3357 1872 3399 sacer-

304 3425 495 3479 dotum
525 3425 829 3496 disciplinis
880 3428 1142 3485 imbutus.
1185 3427 1335 3485 ldem
1375 3440 1635 3500 praeterea
1664 3431 1870 3488 Brach—

304 3532 495 3572 manas
520 3518 804 3586 (lndorum
835 3519 1146 3591 philosophi
1175 3522 1257 3577 illi
1284 3523 1432 3595 sunt)
1473 3524 1712 3581 audiisse
1757 3524 1870 3581 fer-

300 3617 406 3663 tur.
461 3608 511 3665 ls
542 3624 670 3680 ergo
694 3624 818 3665 cum
856 3611 925 3666 ab
944 3611 1065 3668 aliis
1092 3613 1465 3685 astrologiam,
1514 3618 1866 3688 geometriam

307 3699 376 3754 ab
409 3700 552 3767 aliis,
590 3701 659 3756 ab
708 3702 830 3758 aliis
884 3703 1287 3760 arithmeticam
1319 3716 1373 3764 et
1405 3709 1694 3787 musicam,
1728 3711 1866 3767 alia-

299 3806 406 3861 que
435 3792 504 3847 ab
532 3793 654 3847 aliis
683 3794 985 3860 didicisset,
1022 3810 1053 3850 a
1087 3796 1220 3852 solis
1244 3796 1447 3854 Graecis
1478 3799 1694 3857 auferre
1726 3803 1862 3859 nihil

300 3881 475 3950 potuit
502 3899 516 3948 ;
550 3891 698 3937 tanta
726 3882 802 3936 illi
846 3892 957 3937 tum
986 3886 1214 3954 penuria
1248 3888 1549 3957 sapientiae,
1579 3905 1644 3945 ac
1677 3907 1858 3949 rerum

296 3974 539 4027 omnium
579 3974 884 4043 ignorantia
937 3975 1280 4032 laborabant.
1330 3977 1535 4037 Contra
1560 3984 1861 4055 peregrinis

297 4064 411 4133 ipse
462 4065 673 4118 artibus
721 4065 1096 4136 doctrinisque
1142 4069 1475 4135 cumulatus,
1530 4073 1859 4131 eruditionis

293 4154 473 4210 omnis
508 4154 562 4209 in
608 4154 815 4211 Graecia
866 4156 1065 4212 fontem
1111 4160 1340 4230 aperuit.
1395 4162 1476 4218 Ac
1524 4162 1859 4236 Pythagoras

293 4246 513 4315 quidem
561 4246 830 4317 ejusmodi
890 4248 1014 4304 fuit.
1075 4250 1158 4306 Ab
1197 4267 1262 4307 eo
1312 4253 1567 4326 deinceps
1618 4257 1854 4326 primum

292 4338 651 4407 philosophia:
681 4355 854 4408 genus
878 4352 1235 4413 propagatum
1269 4355 1372 4414 est,
1401 4348 1545 4416 quod
1572 4350 1639 4402 ab
1678 4347 1853 4417 Italia,

1975 3155 2165 3227 γόρας,
2202 3153 2459 3220 τοιοῦτος.
2489 3153 2687 3226 Πρώτη
2708 3154 2752 3207 δ’
2788 3155 2853 3206 ἐκ
2882 3154 2982 3224 τῆς
3014 3153 3201 3208 τούτου
3234 3154 3485 3225 διαδοχῆς
3514 3155 3550 3225 ἠ

1974 3246 2237 3317 κληθεῖσα
2271 3246 2500 3317 Ἰταλικὴ
2528 3245 2753 3318 συνέστη
2780 3245 3086 3314 φιλοσοφία,
3112 3246 3210 3317 τῆς
3234 3244 3550 3316 ἐπωνυμίας

1973 3340 2037 3393 ὲκ
2072 3338 2172 3409 τῆς
2203 3336 2345 3390 κατὰ
2367 3336 2465 3406 τὴν
2508 3336 2734 3409 Ἰταλίαν
2766 3335 3046 3406 διατριϐῆς
3072 3335 3362 3400 ἀξιωθεῖσα
3384 3352 3398 3365 °
3426 3333 3547 3406 μεθ’

1970 3429 2036 3498 ἣν
2068 3430 2102 3499 ἡ
2128 3406 2239 3482 άπὸ
2274 3426 2448 3481 Θαλοῦ
2489 3417 2582 3482 τοῦ
2620 3406 2727 3482 τῶν
2765 3429 2906 3481 ἑπτα
2939 3428 3124 3496 Σοφῶν
3152 3427 3289 3492 ἐνὸς,
3336 3424 3547 3498 Ἰωνικὴ

1973 3518 2502 3589 προσαγορευθεῖσα·
2541 3518 2775 3572 κᾶπειτα
2803 3520 2837 3589 ἡ
2887 3517 3188 3588 Ἑλεατικὴ,
3235 3516 3545 3589 Ξενοφάνην

1965 3611 2060 3663 τὸν
2097 3609 2438 3679 Κολοφώνιον
2480 3611 2688 3681 πατέρα
2721 3611 3151 3681 ἐπιγραφομένῃ.
3190 3609 3349 3663 Ἀλλὰ
3375 3610 3473 3663 καὶ
3514 3612 3546 3663 δ

1968 3701 2165 3773 Θαλῆς,
2213 3700 2288 3764 ῶς
2327 3718 2471 3764 τινες
2515 3701 2803 3774 ἱστοροῦσι,
2833 3701 3010 3766 Φοίνιξ
3052 3697 3138 3773 ἦν’
3182 3701 3258 3764 ὡς
3300 3701 3357 3755 δέ
3398 3718 3545 3765 τινες

1969 3793 2319 3863 ὑπειλήφασι,
2349 3792 2631 3866 Μιλήσιος.
2668 3794 2978 3862 Αἰγυπτίων
3005 3793 3062 3846 δὲ
3093 3795 3186 3847 καὶ
3210 3786 3362 3856 οὗτος
3386 3793 3544 3862 λέγε-

1965 3890 2055 3932 ται
2096 3882 2207 3944 τοῖς
2237 3882 2542 3952 προφήταις
2591 3881 3044 3952 συμϐεϐληκέναι.
3086 3883 3299 3937 Σόλωνα
3343 3884 3400 3937 δὲ
3445 3885 3544 3938 καὶ

1965 3971 2125 4023 αὐτὸν
2156 3971 2263 4025 τῶν
2307 3972 2446 4025 ἑπτὰ
2476 3973 2683 4042 Σοφῶν,
2726 3974 2786 4027 ὃν
2816 3975 2880 4047 δὴ
2913 3977 3006 4030 καὶ
3043 3976 3197 4046 λόγος
3238 3978 3542 4050 Ἀθηναίοις

1964 4061 2341 4133 νομοθετῆσαι,
2362 4065 2887 4136 Αίγυπτίοιςόμοίως
2911 4068 3349 4139 φησίνόΠλάτων
3371 4085 3542 4140 προσ-

1964 4152 2273 4223 εσχηκέναι,
2316 4153 2550 4223 ὁπηνίκα
2598 4154 2757 4208 πάλιν
2802 4154 2978 4226 ᾤκουν
3018 4156 3256 4228 Ἑϐραῖοι
3322 4157 3418 4229 τὴν
3451 4158 3543 4210 Δία

1962 4261 2185 4313 γυπτον.
2224 4245 2448 4313 Εἰσάγει
2490 4247 2533 4299 δ’
2572 4243 2665 4300 οὖν
2697 4248 2859 4300 αὐτὸν
2904 4249 2963 4300 ἐν
3017 4250 3225 4318 Τιμαίῳ
3259 4250 3395 4320 πρὸς
3440 4249 3538 4304 τοῦ

1963 4336 2236 4410 βαρϐάρου
2278 4338 2682 4408 παιδευόμενον,
2733 4341 2789 4393 ὲν
2821 4336 2903 4404 οἷς
2954 4358 3115 4412 φησιν
3162 4343 3190 4393 ὁ
3238 4341 3539 4411 Αἰγύπτιος

291 4430 383 4483 ubi
416 4430 711 4498 plurimum
743 4432 1007 4502 viguerat,
1035 4432 1280 4491 Italicum
1314 4438 1677 4506 appellarunt.
1713 4439 1851 4495 Tum

1976 4431 2095 4499 τρὸς
2122 4431 2285 4483 αύτόν
2308 4446 2320 4459 ⁸
2356 4450 2374 4482 ί
2432 4427 2501 4483 ’Ὤ
2530 4432 2728 4495 Σόλων,
2765 4432 2961 4497 Σόλων,
2992 4434 3249 4504 ’Έλληνες
3289 4435 3376 4487 ἀεὶ
3406 4439 3537 4489 παῖ-

291 4522 523 4576 alterum
558 4522 687 4577 illud
724 4533 969 4581 secutum
1019 4536 1121 4595 est,
1167 4529 1313 4598 quod
1347 4527 1543 4585 Thales
1587 4546 1617 4586 e
1644 4540 1852 4602 septem

291 4613 638 4684 Sapientibus
669 4633 810 4673 unus
845 4618 1099 4686 instituit,
1130 4624 1383 4692 quodque
1426 4624 1678 4679 dixerunt
1710 4625 1855 4681 loni-

285 4721 431 4760 cum.
459 4704 598 4762 Huic
623 4711 888 4765 successit
916 4709 1236 4779 Eleaticum,
1268 4714 1415 4783 quod
1451 4713 1850 4785 Xenophanem

282 4794 681 4867 Colophonium
712 4809 991 4869 parentem
1024 4802 1126 4857 sibi
1170 4805 1427 4859 vindicat.
1488 4805 1659 4861 Porro
1693 4806 1845 4861 Tha—

283 4891 359 4945 les
389 4891 503 4959 ipse
528 4906 769 4961 quoque,
804 4893 885 4947 vcl
921 4892 1175 4960 Phoenix,
1204 4904 1267 4949 ut
1296 4897 1540 4951 nonnulli
1582 4898 1847 4965 scribunt,

281 4982 367 5036 vel
399 4990 455 5036 ut
483 4983 609 5050 alii,‘
657 4983 900 5041 Milesius
946 4984 1087 5040 fuit:
1137 4986 1389 5057 idemque
1419 5004 1544 5043 cum
1579 4984 1849 5060 {Egypliis

279 5073 438 5126 etiam
474 5074 753 5143 prophetis
780 5077 1175 5131 commercium
1205 5077 1465 5135 habuisse
1500 5078 1692 5136 fertur.
1724 5079 1845 5135 Jam

281 5161 560 5227 Solonem,
606 5180 775 5219 unum
827 5167 954 5220 item
997 5182 1027 5221 e
1065 5178 1272 5238 septem
1320 5168 1427 5224 illis
1476 5168 1844 5240 Sapientibus,

278 5268 550 5328 quemque
594 5259 1016 5315 Atheniensibus
1064 5260 1209 5330 leges
1258 5262 1448 5318 tulisse
1494 5262 1639 5318 fama
1687 5278 1841 5318 com-

282 5350 464 5404 munis
492 5358 595 5415 est,
632 5349 922 5421 Egyptiis,
954 5366 1064 5421 quo
1108 5360 1348 5421 tempore
1387 5353 1597 5410 Hebraei
1648 5371 1841 5412 rursus

254 5498 255 5509 χ
285 5436 571 5507 :‘Egyptum
607 5440 936 5505 incolebant,
974 5442 1225 5497 similiter
1247 5445 1533 5509 inhaesisse
1574 5447 1729 5502 testis
1759 5457 1843 5502 est

257 5524 452 5605 :l’lato.
489 5526 626 5581 Eum
675 5522 893 5598 quidem
954 5531 1010 5584 in
1067 5529 1285 5598 Timwo,
1341 5534 1500 5603 quasi
1541 5550 1571 5587 a
1606 5537 1840 5591 barbaro

277 5614 512 5679 quodam
562 5618 864 5685 erudiatur,
927 5620 1154 5688 inducit,
1211 5623 1303 5677 ubi
1359 5622 1644 5695 Egyptius
1698 5627 1840 5680 inter

276 5713 471 5762 uetera
520 5726 533 5761 :
596 5710 683 5764 40
735 5710 923 5777 Solon.
954 5713 1145 5779 inquit,
1196 5713 1383 5782 Selon,
1429 5718 1584 5783 pueri
1622 5734 1839 5785 semper

1957 4519 2045 4582 δές
2071 4521 2216 4586 ἐστε,
2245 4522 2424 4592 γέρων
2452 4521 2509 4574 δὲ
2560 4522 2822 4593 Ἑλλήνων
2870 4525 3064 4587 οὐδεὶς,
3093 4525 3213 4577 οὐδὲ
3244 4524 3360 4577 ἔστι
3406 4527 3535 4597 παρ’

1955 4610 2083 4682 ὑμῖν
2116 4612 2291 4685 χρόνῳ
2324 4613 2505 4667 πολιὸν
2540 4614 2785 4684 μάθημα.
2824 4634 2840 4665 ι
2880 4615 2987 4668 Καὶ
3018 4608 3172 4680 οὗτος
3216 4616 3272 4669 δὲ
3307 4619 3335 4670 ὁ
3378 4617 3532 4670 Πλά-

1953 4720 2082 4768 των,
2110 4707 2222 4767 τοῖς
2257 4706 2313 4757 ὲν
2356 4705 2553 4776 Ἰταλία
2581 4706 2968 4777 Πυθαγορείοις
2993 4708 3275 4777 σχολάσας,
3299 4710 3360 4762 οὐ
3391 4710 3535 4784 μόνῃ

1954 4795 2018 4863 τῇ
2048 4792 2197 4865 παρὰ
2224 4794 2435 4858 τούτοις
2467 4796 2706 4868 ἠρκέσθη
2735 4798 3002 4870 διατριϐῇ.
3030 4801 3262 4867 Λέγεται
3289 4802 3347 4854 δὲ
3379 4804 3531 4857 ἀπᾶ-

1955 4901 2046 4955 ραι
2080 4886 2159 4948 εἰς
2194 4886 2485 4955 Αἴγυπτον,
2510 4889 2602 4941 καὶ
2631 4892 2696 4960 τῇ
2731 4889 2931 4943 τούτων
2961 4892 3245 4965 φιλοσοφία
3276 4894 3531 4952 πλεῖστον

1954 4977 2641 5051 ἁναθεῖναιχρόνον.Τοῦτό
2659 5001 2739 5036 τοι
2755 4983 2848 5037 καὶ
2883 4986 3042 5048 αὐτὸς
3076 4989 3187 5051 τοῖς
3227 4987 3529 5061 βαρϐάροις

1951 5070 2219 5141 πολλαχοῦ
2266 5073 2372 5125 τῶν
2435 5074 2579 5127 ἰδίων
2626 5076 2797 5144 λόγων
2822 5082 3107 5150 μαρτυρεῖ,
3155 5077 3213 5133 εὖ
3261 5081 3531 5152 μοιδοκεί

1950 5161 2138 5227 ποιῶν,
2170 5162 2264 5215 καὶ
2286 5164 2355 5217 τὰ
2386 5164 2645 5223 κάλλιστα
2671 5169 3071 5240 ὲμπορευθῆναι
3099 5172 3177 5233 εἰς
3202 5170 3526 5242 φιλοσοφίαν

1950 5254 2101 5325 παρὰ
2150 5255 2254 5308 τῶν
2300 5256 2591 5330 βαρϐάρων
2643 5260 2999 5332 εὐγνωμόνως
3027 5264 3125 5316 οὐκ
3171 5264 3525 5337 ἀπαρνούμε-

1947 5363 2053 5409 νος.
2102 5348 2355 5401 Ἀκοῦσαι
2385 5349 2428 5401 δ’
2463 5346 2556 5403 οὖν
2589 5351 2748 5404 αὐτοῦ
2789 5352 3056 5423 πολλαχοῦ
3100 5356 3197 5425 μὲν
3232 5358 3520 5427 πάρεστιν,

1945 5440 2006 5493 οὐ
2056 5440 2161 5510 μὴν
2205 5440 2338 5493 ἀλλὰ
2384 5441 2479 5494 καὶ
2508 5444 2564 5495 ὲν
2607 5445 2963 5514 Ἐπιμενίδῃ,
3011 5447 3198 5518 Σύρων
3240 5448 3379 5518 ὁμοῦ
3423 5452 3523 5504 καὶ

1943 5532 2255 5599 Αἰγυπτίων
2302 5527 2403 5587 ὧδὲ
2456 5552 2532 5606 πη
2587 5537 3053 5608 μνημονεύοντοςο
3113 5558 3131 5591 ι
3196 5540 3400 5593 Τούτου
3456 5541 3518 5595 δὲ

1943 5621 2114 5685 αἴτιος
2154 5623 2181 5673 ὁ
2214 5623 2427 5695 πρῶτος
2465 5625 2636 5680 ταῦτα
2665 5627 2915 5693 κατιδὼν,
2962 5628 3232 5702 βάρϐαρος
3254 5629 3350 5685 ῶν.
3398 5632 3519 5685 Πα-

1943 5713 2091 5777 λαιὸς
2113 5715 2225 5786 γὰρ
2258 5717 2321 5787 δὴ
2354 5717 2516 5780 τόπος
2557 5718 2750 5789 ἔτρεψε
2777 5721 2903 5784 τοὺς
2944 5720 3193 5791 πρώτους
3222 5721 3395 5777 ταῦτα
3426 5724 3517 5779 ὲν.
