3842 6226
307 297 409 349 787

977 295 1244 352 EUSEBH
1278 291 1763 350 CASSARIENSIS
1802 291 1953 353 OPP.
1989 289 2171 345 PARS
2211 288 2273 343 ll.
2318 317 2385 329 -ι-
2420 279 2918 340 APOLOGETICA.

3456 269 3557 321 788

309 412 504 468 alienis
548 413 654 470 sibi
687 415 910 485 plumis,
952 423 1011 470 ut
1039 425 1124 470 est
1148 415 1201 469 in
1234 413 1439 481 fabula,
1469 415 1675 469 cultum
1709 422 1847 483 atqui

1978 411 2167 480 σοφίαν
2189 407 2550 479 ὼφελημένοι,
2593 402 2732 458 ἀλλὰ
2773 402 2867 454 καὶ
2894 401 3004 461 τοῖς
3043 395 3182 456 Θεοῖς
3212 390 3558 485 αὑτωνᾲὲνδί-

305 513 559 561 ornatum
588 509 936 576 quaerebant:
968 507 1103 562 adeo
1134 507 1378 576 quidem,
1437 516 1495 561 ut
1523 522 1590 562 ex
1625 506 1873 576 precaria

305 595 444 664 stipe
494 612 594 651 sua
623 597 736 666 jam
786 598 894 652 illis
930 597 1276 667 pltilOSOphia
1329 607 1540 653 constet
1596 597 1871 652 universa.

303 683 438 740 Nam
471 687 688 742 aliunde
721 689 826 742 alia
850 689 1266 758 disciplinarum
1323 706 1523 759 genera
1572 689 1877 760 exprimen-

304 785 410 842 tes,
457 780 808 846 geometriam
837 778 906 833 ah
937 777 1229 850 Egyptiis,
1263 795 1294 836 a
1333 779 1603 834 Chaldaeis
1640 779 1877 834 astrolo-

304 867 476 936 giam,
509 867 577 922 ab
608 868 730 924 aliis
761 869 868 924 alia
897 870 1229 925 habuerunt.
1271 869 1384 926 Nec
1423 880 1604 925 tamen
1638 886 1874 940 usquam

302 960 565 1029 gentium,
592 963 639 1014 ei
668 961 810 1016 bono
835 963 1012 1018 simile
1043 963 1346 1034 quidquam
1379 971 1723 1032 repererunt,
1773 979 1873 1018 cu-

296 1049 390 1117 jus
415 1051 556 1120 apud
603 1050 858 1108 Hebraeos
901 1054 1145 1123 ipsorum
1193 1054 1474 1108 nonnullis
1534 1052 1676 1106 facta
1715 1053 1872 1121 copia

299 1150 406 1198 est.
478 1142 693 1198 Summi
768 1162 951 1200 rerum
1024 1147 1270 1202 omnium
1345 1147 1708 1202 moderatoris
1777 1145 1891 1222 Dei_

301 1235 694 1304 cognitionem,
791 1254 1127 1308 suorumque
1238 1238 1528 1293 numinum
1622 1238 1873 1308 rejectio-

303 1341 424 1383 nem
527 1329 792 1400 intelligo,
874 1346 1039 1400 quam
1129 1341 1422 1400 utramque
1503 1331 1663 1401 paulo
1749 1340 1872 1401 post

301 1427 570 1488 susceptae
684 1422 1068 1491 disputationis
1167 1436 1489 1493 prOgressus
1602 1423 1866 1478 ostendet.

297 1507 460 1580 473
487 1509 807 1568 Nuncenim
853 1521 1061 1568 tantum
1093 1513 1143 1567 id
1201 1514 1434 1583 agimus,
1477 1514 1650 1568 nostri
1699 1523 1760 1568 ut
1791 1513 1870 1567 le-

297 1607 474 1657 ctores
525 1603 846 1675 intelligant,
877 1605 1095 1660 Graecos
1149 1605 1270 1659 illos
1316 1615 1524 1659 veteres
1579 1619 1686 1658 non
1741 1618 1868 1657 vera

298 1691 462 1748 modo
528 1697 825 1767 theologia,
877 1697 969 1752 sed
1003 1697 1172 1752 etiam
1219 1696 1614 1762 doctrinarum,
1667 1696 1868 1765 quibus

1979 517 2089 563 κως
2130 497 2594 568 ὲπιμεμψάμενοι,
2641 493 2734 545 καί
2762 507 2906 552 τινες
2957 487 3044 541 διὰ
3078 485 3248 538 ταῦτα
3286 481 3554 550 ἀθεότητα

1981 592 2180 663 μᾶλλον
2213 591 2313 660 τῆς
2343 589 2451 642 τῶν
2477 587 2613 642 θεῶν
2642 582 2938 656 θεραπείας
2975 574 3433 652 προτετιμηκότες
3451 589 3463 601 °
3502 572 3554 624 τί

1977 683 2082 754 χρὴ
2115 683 2298 737 λοιπὸν
2327 683 2474 754 ἡμᾶς
2508 677 2932 750 ἐπιμέμφεσθαι,
2965 679 3085 748 οὑχὶ
3105 678 3162 732 δὲ
3197 672 3554 744 ἀποδέχεσθαι

1977 777 2072 829 καὶ
2100 778 2364 840 ἐπαινεῖν,
2400 776 2503 841 ὅτι,
2537 775 2597 827 τὸ
2631 777 2878 846 κρεῖττον
2919 774 3322 843 ἀγαπήσαντες,
3354 769 3553 841 μᾶλλον

1975 866 2032 918 δὲ
2061 866 2120 920 τὸ
2155 867 2312 937 μόνον
2369 867 2566 938 ἀληθὲς
2617 867 2868 938 εὑρόντες
2908 865 3004 918 καὶ
3042 863 3424 934 ἀπειληφότες,
3454 861 3550 914 τοῦ

1974 959 2200 1029 ψεύδους
2221 961 2664 1033 ἀνεχωρήσαμεν,
2697 959 2818 1012 οὔτε
2863 960 2943 1021 είς
2968 957 3123 1012 ἄθεον
3151 955 3406 1026 λογισμὸν
3435 957 3550 1018 τοῖς

1977 1053 2159 1119 σοφοῖς
2199 1051 2464 1122 Ἑλλήνων
2491 1052 2690 1122 ὁμοίως
2719 1051 3167 1123 περιτραπέντες,
3213 1048 3338 1102 οὔτε
3388 1049 3549 1102 πάλιν

1973 1145 2084 1205 τοῖς
2105 1141 2433 1214 θαυμαστοῖς
2458 1143 2854 1214 παραπλησίως
2883 1141 3187 1211 φιλοσόφοις
3217 1141 3550 1217 ἁναμὶξιτὴν

1973 1235 2179 1304 πλάνην
2208 1235 2308 1307 τὴν
2335 1235 2595 1288 πολύθεον
2623 1238 2688 1306 τῇ
2702 1234 2900 1304 γνώσει
2921 1235 3015 1288 τοῦ
3046 1236 3140 1290 ἐπὶ
3168 1235 3384 1289 πάντων
3411 1233 3548 1287 Θεοῦ

1973 1325 2262 1397 φύραντες,
2280 1327 2400 1380 οὑδέ
2432 1344 2494 1395 γε
2517 1327 2579 1380 τὺ
2606 1326 2799 1396 ψεῦδος
2827 1328 2942 1398 ἅμα
2963 1328 3040 1398 τῷ
3071 1327 3260 1399 ἀληθεί
3289 1327 3549 1399 συγχέαν-

1971 1437 2089 1482 τες;
2135 1420 2293 1472 Ἀλλὰ
2325 1422 2489 1493 μήπω
2508 1419 2700 1485 ταῦτα,
2726 1422 2909 1475 ἐκεῖνα
2932 1421 2988 1475 δέ
3015 1439 3103 1492 μοι
3132 1422 3321 1492 πρῶτα
3350 1423 3545 1487 δίελθε,

1969 1509 2035 1561 δι’
2071 1501 2145 1563 ὧν
2169 1509 2430 1580 Ἕλληνες
2448 1510 2516 1564 τὰ
2542 1511 2720 1565 πάντα
2746 1511 3098 1582 σεσυληκέναι
3127 1511 3454 1584 βαρϐάρους,
3484 1513 3547 1565 οὑ

1975 1604 2111 1673 μόνα
2162 1603 2232 1657 τὰ
2280 1604 2543 1674 φιλόσοφα
2594 1605 2914 1676 μαθήματα,
2951 1605 3086 1658 ἀλλὰ
3115 1605 3333 1670 καὶτὰς
3359 1605 3548 1670 κοινὰς

1973 1697 2067 1750 καὶ
2103 1695 2385 1766 βιωφελεΐς
2415 1697 2679 1768 εὑρέσεις,
2703 1698 3117 1768 ἀπελέγχονται.

292 1784 648 1857 ρὴιιοεοριιὶεε
679 1791 857 1844 studia
879 1792 1182 1860 promoveri
1216 1798 1463 1860 possunt,
1505 1789 1749 1859 adeoque
1807 1789 2022 1844 illarum
2075 1791 2340 1860 ipsarum,
2365 1791 2566 1861 quibus
2605 1792 2918 1863 reipublicae
2971 1801 3145 1847 status
3197 1789 3544 1857 informatur,

294 1881 604 1950 cognitione
646 1885 908 1940 caruisse.
949 1885 1118 1955 Cujus
1192 1899 1293 1958 ego
1364 1883 1443 1939 rei
1501 1884 1899 1953 probationem,
1939 1883 2008 1939 ad
2036 1883 2188 1949 illud,
2237 1885 2382 1954 quod
2409 1883 2746 1940 efﬁciendum
2775 1884 2908 1944 mihi
2939 1883 3192 1953 deinceps
3216 1897 3280 1937 ac
3319 1880 3548 1937 demon-

290 1972 572 2026 strandum
602 1976 884 2044 proposui,
953 1977 1090 2032 lucis
1148 1976 1442 2045 plurimum
1475 1976 1766 2040 allaturum
1813 1991 1935 2031 esse
1973 1977 2187 2032 conﬁdo
2219 1993 2233 2028 :
2269 1977 2536 2047 siquidem
2579 1992 2642 2032 ea
2692 1975 3024 2032 defensionis
3059 1983 3259 2030 nostra:
3291 1983 3543 2043 suscepta

290 2061 432 2115 ratio
460 2073 564 2130 est,
596 2067 674 2119 uti
699 2082 806 2121 non
834 2068 1142 2123 inconsulto
1162 2084 1227 2124 ac
1260 2077 1486 2134 temere,
1512 2068 1888 2134 Hebraeorum,
1931 2071 2035 2126 hoc
2061 2079 2166 2138 est,
2209 2080 2268 2125 ut
2291 2071 2394 2140 ipsi
2426 2071 2644 2140 quidem
2684 2070 3129 2139 interpretantur,
3182 2066 3543 2123 barbarorum

289 2151 573 2210 hominum
598 2198 614 2224 ,
651 2159 1065 2230 philosophiam
1101 2161 1300 2216 Graecae
1344 2169 1375 2216 a
1410 2163 1566 2217 nobis
1632 2163 1992 2233 antepositam
2057 2163 2226 2220 fuisse
2264 2164 2634 2219 ostendamus.
2701 2161 2836 2216 Nam
2874 2162 2921 2217 si
2953 2160 3170 2216 Graecos
3194 2159 3361 2230 ipsos,
3403 2160 3541 2213 clam

288 2244 432 2312 licet,
471 2250 656 2305 omnia
700 2261 882 2307 tamen
926 2270 956 2308 a
996 2254 1244 2310 barbaris
1292 2262 1447 2309 tanto
1494 2264 1620 2309 ante
1675 2272 2014 2325 corrogasse,
2078 2273 2178 2312 nec
2239 2257 2418 2312 solum
2477 2257 2575 2312 abs
2618 2255 2732 2310 Diis
2762 2255 2878 2310 suis
2908 2253 3044 2308 nihil
3097 2253 3166 2308 ad
3205 2266 3543 2321 consequen-

283 2335 410 2391 dam
456 2341 858 2412 philosophiam
913 2346 1033 2414 opis
1099 2346 1396 2415 accepisse,
1427 2362 1617 2402 verum
1683 2349 1846 2402 etiam
1881 2349 2046 2418 justis
2091 2365 2186 2406 eos
2252 2350 2568 2405 nominibus
2602 2348 2949 2404 insimulasse
2979 2345 3302 2412 constiterit,
3346 2359 3542 2414 quam-

283 2426 473 2483 obrem
535 2435 780 2501 nonnulli
861 2452 1080 2508 quoque
1123 2439 1460 2493 divinitatem
1529 2455 1745 2494 onmem
1816 2441 2025 2508 tollere,
2083 2458 2248 2512 quam
2291 2443 2394 2498 hoc
2459 2443 2686 2498 deorum
2734 2455 2906 2512 genus
2964 2437 3145 2494 colere
3201 2436 3536 2491 maluerint:

283 2518 408 2585 quis
459 2521 716 2594 deinceps
765 2527 967 2583 factum
1037 2531 1420 2601 reprehendat,
1449 2549 1513 2589 ac
1565 2550 1675 2590 non
1741 2537 1920 2602 potius
1956 2540 2167 2608 probet,
2227 2539 2516 2609 laudetque
2559 2547 2844 2604 nostrum;
2909 2535 3004 2605 qui
3061 2533 3306 2588 melioris
3352 2547 3540 2588 amore

282 2610 444 2704 sapti,
479 2623 572 2668 aut
604 2617 785 2685 potius
824 2619 878 2674 in
906 2629 1061 2691 parta
1126 2624 1266 2693 ejus,
1311 2626 1455 2694 quod
1503 2643 1692 2683 verum
1754 2646 1924 2686 unum
1970 2641 2073 2698 est,
2128 2634 2438 2704 cognitione
2495 2633 2923 2704 acquiescentes,
2989 2644 3090 2683 nos
3145 2626 3370 2681 vanitati
3405 2626 3540 2682 sub-

281 2699 618 2770 duxerimus,
643 2724 817 2779 neque
841 2711 896 2765 in
928 2712 1235 2771 Divinitatis
1262 2717 1488 2773 sublatae
1529 2726 1704 2777 scelus
1732 2738 1856 2777 cum
1898 2724 2016 2780 istis
2079 2699 2394 2781 Graecorum
2459 2699 2794 2796 sapientibus
2834 2721 3137 2794 praecipites
3170 2721 3298 2785 acti,
3361 2734 3540 2789 neque

279 2804 407 2846 cum
442 2798 672 2884 egregiis
712 2802 1048 2874 philosophis
1078 2809 1361 2864 vecordem
1405 2811 1550 2867 illam
1613 2816 1971 2889 insanamque
2016 2821 2242 2876 deorum
2311 2822 2738 2884 multitudinem,
2795 2834 2920 2874 cum
2983 2816 3182 2873 summi
3214 2831 3278 2870 ac
3326 2829 3537 2886 praepo-

280 2886 444 2942 tentis
494 2888 588 2954 Dei
623 2895 816 2950 notitia
873 2897 1172 2956 foedissime
1207 2905 1646 2974 commiscentes,
1672 2926 1849 2982 neque
1881 2886 2084 2968 ialsum
2108 2916 2333 2972 omnino
2358 2930 2482 2970 cum
2513 2930 2642 2968 vero
2701 2908 3134 2968 confundentes?
3201 2905 3394 2961 Verum
3421 2906 3537 2962 haec

277 2993 465 3079 P251811
530 2986 830 3079 Vif‘eﬂmus
861 3008 875 3043 ε
911 3008 1057 3048 nunc
1085 3009 1150 3049 ea
1196 3002 1256 3050 ῑιι
1309 2999 1442 3052 mihi
1509 3003 1746 3072 Primum
1791 3009 2068 3077 expende,
2104 3009 2312 3079 quibus
2381 3007 2564 3063 Graaci
2605 3021 2713 3062 non
2763 3004 2908 3061 solas
2971 2998 3331 3072 philosophiae
3366 2997 3537 3052 disci-

277 3072 476 3143 plinas,
505 3077 598 3132 sed
621 3079 768 3161 ipsas
803 3083 966 3136 etiam
987 3085 1110 3139 vitae
1126 3091 1432 3156 communis
1463 3095 1676 3150 tuenda:
1702 3072 2138 3156 artes—barbaris-
2165 3099 2480 3156 hominibus
2504 3097 2668 3153 furati
2696 3111 2819 3152 esse
2854 3101 3173 3164 arguantur.

904 3193 1136 3252 CAPUT
1163 3197 1222 3252 ν.
1877 3219 1922 3276 Β

458 3296 610 3352 Nihil
649 3318 750 3356 non
794 3322 825 3357 a
863 3305 1102 3363 barbaris
1134 3309 1342 3367 Graecos
1392 3319 1670 3386 accepisse.

345 3387 610 3446 Cadmum
642 3393 790 3448 illum
831 3408 976 3454 certe
1008 3401 1249 3472 quidem,
1278 3408 1372 3476 qui
1420 3424 1737 3468 communes
1759 3413 1849 3468 lit-

276 3489 422 3535 teras
450 3483 693 3554 adeoque
723 3491 898 3556 prima
937 3494 1327 3559 grammatices
1354 3499 1620 3556 elementa
1641 3501 1847 3560 Graecis

275 3571 607 3641 inﬁrmavit,
655 3593 851 3648 genere
900 3579 1214 3640 Phoenicem
1274 3586 1445 3646 fuisse
1487 3603 1724 3661 constat,
1788 3607 1848 3653 ut

274 3664 489 3718 easdem
517 3667 723 3732 litteras
770 3681 978 3729 veteres
1008 3678 1256 3732 nonnulli
1309 3693 1595 3751 propterea
1625 3685 1846 3744 Phoeni-

276 3757 390 3850 cias.
417 3759 757 3850 appellarint.
790 3761 899 3820 Nec
925 3767 1139 3834 desunt,
1165 3771 1308 3840 quia
1330 3772 1482 3844 Syris
1510 3779 1844 3850 excogitatas

271 3843 395 3901 illas
451 3847 624 3907 fuisse
657 3853 836 3910 velint.
899 3855 1019 3928 Syri
1050 3870 1233 3918 autem
1283 3843 1383 3930 illi,
1435 3843 1843 3927 Hebrzei'etiam

274 3940 462 4008 utique
486 3940 708 4008 fuerint,
764 3950 855 4016 qui
903 3950 1184 4010 ﬁnitimam
1220 3940 1510 4015 Phteniciae
1545 3961 1710 4035 474
1757 3981 1844 4020 re-

269 4034 759 4127 gioncm,qua:que
788 4039 1064 4098 Phoenicia
1113 4051 1391 4116 quondam
1423 4052 1540 4122 ipsa
1599 4034 1838 4127 quoque,

270 4134 384 4178 tum
417 4124 625 4187 Judaaa,
660 4129 821 4186 hodie
865 4149 1038 4190 veroa
1071 4143 1276 4196 nostris
1306 4142 1593 4202 Palaestina
1616 4124 1837 4218 dicitur,

269 4215 596 4272 incolebant.
648 4218 712 4274 Et
756 4238 884 4278 vero
919 4227 1161 4294 proxime
1203 4247 1334 4288 sane
1379 4237 1446 4290 ad
1475 4215 1838 4300 ,Hebraeorum

267 4309 490 4400 nomina
546 4310 854 4374 Graecarum
907 4320 1205 4378 litterarum
1271 4329 1482 4384 accedit
1529 4334 1833 4400 appellatio.

264 4397 404 4454 Cum
459 4401 606 4456 enim
637 4419 799 4459 suum
857 4410 1051 4480 cuique
1074 4417 1214 4484 apud
1269 4416 1522 4475 Hebraeos
1564 4397 1836 4481 eiemento

267 4505 466 4545 nomen
509 4492 768 4565 singulari
801 4501 1033 4566 quadam
1085 4512 1138 4557 et
1187 4509 1404 4576 propria
1440 4509 1836 4578 signiﬁcatione

262 4584 580 4640 attributum
617 4586 800 4653 fuerit,
836 4594 978 4661 quod
1042 4599 1184 4666 apud
1245 4599 1460 4657 Graecos
1489 4604 1668 4658 locum
1715 4621 1838 4675 pro-

261 4676 402 4732 fecto
451 4679 658 4734 nullum
710 4683 892 4750 habet,
943 4689 1191 4755 sequitur
1227 4694 1472 4757 omnino,
1499 4704 1559 4752 ut
1609 4696 1833 4754 minime

260 4768 570 4825 Graecorum
615 4775 830 4844 propria
860 4792 982 4832 esse
1006 4778 1292 4838 fateamur.
1350 4785 1488 4842 Sunt
1516 4798 1694 4844 autem
1722 4791 1833 4846 elc.

258 4869 436 4915 menta
471 4860 710 4918 Hebraeis
745 4870 928 4922 omnia
982 4871 1088 4926 duo
1128 4889 1191 4927 ac
1234 4875 1444 4943 viginti.
1470 4876 1712 4934 Primum
1749 4881 1831 4935 di-

256 4953 398 5007 citur
419 4954 564 5022 alph,
586 4956 872 5027 disciplina
897 4962 1081 5018 Graece
1124 4966 1274 5020 reddi
1305 4969 1496 5036 possit.
1517 4969 1825 5028 Secundum

257 5044 404 5107 heth,
435 5047 590 5112 quasi
626 5047 834 5106 domus.
891 5051 1131 5108 Tertium
1165 5056 1348 5126 gimel,
1393 5059 1496 5115 hoc
1548 5071 1631 5116 est
1655 5063 1828 5132 pleni-

255 5135 404 5189 tudo.
429 5136 697 5202 Quartum
754 5142 919 5206 delth,
961 5147 1117 5214 quasi
1157 5148 1414 5207 librorum
1461 5152 1631 5208 dicas.
1659 5153 1832 5220 Quin-

252 5237 366 5281 tum
398 5229 487 5298 he,
513 5231 566 5285 id
595 5242 679 5288 est
705 5235 841 5302 ipsa.
865 5233 997 5301 Quae
1025 5239 1210 5300 omnia
1235 5241 1279 5295 si
1309 5243 1680 5313 conjuuxeris,
1707 5263 1832 5302 sen-

254 5320 472 5375 tentiam
493 5323 1010 5398 ejusmodialiqnam
1036 5331 1234 5387 eﬂicias
1261 5352 1273 5385 :
1305 5333 1598 5405 Disciplina
1611 5338 1826 5403 domus,

252 5412 530 5479 plenitudo
583 5417 845 5475 librorum
893 5422 1032 5492 ipsa.
1097 5422 1215 5478 Jam
1271 5436 1483 5480 sextum
1515 5430 1584 5483 ab
1615 5430 1683 5484 iis
1713 5429 1824 5484 ele-

250 5515 492 5560 mentum
516 5524 617 5563 vau
666 5524 1028 5582 nuncupatur,
1073 5519 1174 5569 hoc
1198 5527 1298 5581 est,
1346 5520 1399 5571 in
1467 5520 1600 5588 ipsa.
1646 5519 1823 5590 Septi-

251 5613 398 5651 mum
436 5615 539 5661 zal,
585 5601 685 5656 hoc
711 5617 811 5668 cst,
875 5607 1016 5660 vit-it.
1054 5607 1315 5664 Octavum
1361 5612 1514 5678 hell),
1573 5613 1716 5681 quod
1749 5613 1823 5668 si-

252 5686 466 5764 gniﬁcat
495 5693 684 5747 vivens.
719 5695 794 5748 Ex
827 5698 1026 5765 quibus
1073 5700 1158 5754 hic
1199 5717 1393 5758 sensus
1420 5703 1694 5772 colligitur
1720 5723 1732 5758 :
1759 5705 1817 5760 lu

253 5791 363 5847 ipsa
393 5783 522 5850 vivit
547 5786 749 5844 vivens.
778 5785 1012 5847 Nonum.
1047 5791 1176 5852 teth.
1201 5792 1253 5848 id
1289 5804 1373 5852 est
1403 5794 1614 5850 bonum.
1667 5795 1819 5854 Deci-

1865 4559 1906 4616 C

2475 3209 2870 3266 ΚΕΦΑΛΑΙΟΝ
2915 3209 2990 3261 E'.

1963 3323 2056 3391 Ὧς
2071 3325 2141 3378 τὰ
2161 3324 2356 3378 πάντα
2367 3320 2847 3392 παρὰβαρϐάρων
2855 3321 3146 3388 Ἕλληνες
3169 3319 3527 3390 ὠφέληνται.

2022 3416 2245 3488 Πρῶτος
2267 3415 2554 3487 τοιγαροῦν
2582 3415 2609 3466 ὁ
2641 3413 2709 3466 τὰ
2742 3413 2897 3472 κοινὰ
2925 3413 3248 3484 γράμματα,
3282 3410 3424 3466 αὐτὰ
3462 3411 3530 3483 δὴ

1950 3507 2017 3560 τὰ
2047 3508 2236 3580 πρῶτα
2271 3507 2371 3576 τῆς
2411 3505 2806 3578 γραμματικῆς
2851 3508 3108 3574 στοιχεῖα,
3158 3503 3382 3574 Ἕλλησι
3416 3506 3530 3558 εἰσ-

1947 3597 2295 3669 ηγησάμενος
2315 3597 2556 3667 Κάδμος,
2579 3597 2640 3648 τὸ
2660 3596 2814 3664 γένος
2833 3593 3011 3660 Φοίνιξ
3033 3590 3121 3664 ἧν,
3149 3593 3269 3647 ὅθεν
3291 3595 3386 3646 καὶ
3404 3594 3528 3648 Φοι-

1949 3692 2134 3761 νικήῖα
2166 3689 2234 3744 τὰ
2273 3690 2576 3760 γράμματά
2607 3705 2751 3750 τινες
2795 3687 2904 3741 τῶν
2953 3685 3197 3744 παλαιῶν
3231 3685 3526 3755 ἐπικεκλῆ-

1948 3799 2126 3836 κασιν.
2148 3783 2268 3834 Εἰσὶ
2283 3781 2340 3833 δὲ
2362 3781 2410 3834 οἳ
2429 3781 2497 3834 Σύ
2508 3797 2631 3852 ρους
2662 3780 2964 3850 γράμματα
2993 3779 3273 3849 ἐπινοῆσαι
3306 3776 3526 3845 λέγουσι

1951 3872 2217 3944 πρώτους,
2250 3873 2409 3944 Σύροι
2439 3871 2482 3926 δ’
2513 3871 2578 3924 ἂν
2611 3868 2719 3923 εἷεν
2745 3870 2840 3923 καὶ
2883 3869 3150 3940 Ἑϐραῖοι,
3184 3869 3283 3939 τὴν
3308 3869 3530 3936 γείτονα

1945 3964 2213 4034 Φοινίκης,
2247 3965 2342 4017 καὶ
2374 3964 2544 4034 αὐτὴν
2578 3964 2640 4017 τὸ
2673 3962 2772 4034 μὲν
2804 3962 3029 4018 παλαιὸν
3093 3961 3361 4032 Φοινίκην,
3397 3979 3532 4032 μετ-

1945 4058 2136 4110 έπειτα
2165 4058 2219 4110 δὲ
2256 4056 2530 4122 Ἰουδαίαν,
2554 4055 2722 4125 καθ’ἡ
2733 4057 2837 4126 μᾶς
2864 4055 2920 4108 δὲ
2952 4054 3312 4126 Παλαιστίνην
3327 4055 3527 4126 ὀνομα-

1945 4147 2201 4217 ζομένην,
2253 4147 2554 4210 οἰκοῦντεςο
2593 4140 2666 4200 ὧν
2705 4147 2797 4199 καὶ
2839 4147 3072 4218 μάλιστα
3127 4147 3227 4202 οὐκ
3267 4146 3529 4217 ἀλλοτρίι

1946 4240 2190 4308 φαίνεται
2219 4239 2252 4308 ἡ
2281 4238 2390 4292 τῶν
2427 4237 2754 4308 Ἑλληνικῶν
2782 4239 3124 4308 γραμμάτων
3151 4239 3324 4309 φωνή.
3354 4238 3527 4291 Ἐκα-

1945 4348 2067 4384 στον
2100 4330 2231 4399 γοῦν
2253 4330 2362 4386 τῶν
2398 4329 2680 4400 στοιχείων
2707 4332 2834 4400 παρ’
2863 4331 3045 4392 αὐτοῖς
3078 4329 3220 4384 κατά
3247 4347 3394 4393 τινος
3424 4347 3525 4401 ση-

1945 4423 2211 4492 μαντικῆς
2243 4422 2480 4486 διανοίας
2522 4422 2619 4493 τὴν
2651 4422 3020 4494 προσηγορίαν
3049 4420 3228 4493 φέρει,
3254 4421 3392 4493 ὅπερ
3419 4423 3523 4477 οὐκ

1941 4512 2087 4564 ἔστιν
2113 4513 2294 4583 εὑρεῖν
2324 4512 2472 4581 παρὰ
2499 4515 2612 4574 τοῖς
2641 4511 2861 4581 Ἕλλησι
2888 4528 2900 4541 °
2933 4511 3014 4564 διὸ
3040 4511 3136 4565 καὶ
3174 4511 3406 4583 μάλιστα
3441 4515 3519 4586 μὴ

1944 4603 2072 4656 ὄντα
2097 4603 2202 4657 ἴδια
2242 4603 2504 4674 Ἑλλήνων
2553 4603 2914 4675 ὡμολόγηται.
2971 4605 3128 4656 Ἔστι
3158 4605 3213 4657 δὲ
3240 4604 3310 4658 τὰ
3337 4605 3520 4660 πάντα

1943 4699 2072 4768 παρ’
2109 4696 2378 4769 Ἑϐραίοις
2436 4701 2673 4768 στοιχεῖα
2705 4697 2798 4751 δύο
2827 4699 2921 4752 καὶ
2956 4700 3188 4752 εἴκοσιν·
3214 4691 3289 4752 ὧν
3319 4698 3382 4750 τὸ
3416 4699 3520 4768 μὲν

1939 4788 2154 4859 πρῶτόν
2213 4790 2358 4842 ἐστιν
2404 4789 2532 4859 ἂλφ,
2589 4790 2617 4842 ὃ
2663 4789 3004 4861 μεταληφθὲν
3037 4793 3116 4853 εἰς
3148 4791 3246 4860 τὴν
3290 4790 3520 4844 Ἑλλάδα

1939 4882 2120 4950 φωνὴν
2172 4882 2369 4949 λέγοιτ’
2415 4881 2480 4935 ἂν
2506 4881 2768 4952 μάθησις
2793 4899 2806 4912 ο
2850 4883 2910 4935 τὸ
2959 4883 3015 4935 δὲ
3055 4882 3306 4953 δεύτερον
3339 4881 3462 4953 βὴθ,
3485 4882 3520 4934 ὃ

1939 4972 2401 5044 μεθερμηνεύεται
2432 4974 2602 5028 οἴκου
2623 4991 2635 5004 ·
2670 4975 2732 5026 τὸ
2751 4974 2930 5044 τρίτον
2949 4975 3176 5044 γίμελ,ὅ
3208 4977 3326 5028 ἐστι
3359 4974 3519 5041 πλή-

1925 5082 2146 5133 ρωσις’
2200 5067 2262 5119 τὸ
2293 5068 2546 5137 τέταρτον
2602 5066 2743 5131 δὲλθ,
2795 5067 2823 5119 ὃ
2868 5068 3119 5138 σημαίνει
3145 5067 3404 5121 δέλτων·
3451 5069 3518 5122 τὸ

1933 5158 2180 5227 πέμπτον
2210 5159 2266 5230 ἢ,
2293 5158 2321 5210 ὅ
2347 5159 2494 5210 ἐστιν
2521 5158 2689 5225 αὕτη.
2747 5158 2912 5227 Ὁμοῦ
2941 5158 2998 5224 δὲ
3023 5158 3090 5212 τὰ
3121 5159 3299 5213 πάντα
3332 5160 3518 5232 ἀπαρ-

1930 5247 2066 5311 τίζει
2097 5250 2349 5318 τοιαύτην
2399 5248 2521 5303 τινὰ
2560 5249 2793 5302 διάνοιαν
2821 5267 2832 5279 ·
2870 5249 3122 5319 Μάθησις
3162 5250 3335 5316 οἴκου,
3370 5251 3516 5322 πλή-

1936 5358 2100 5411 ρωσις
2139 5341 2336 5394 δέλτων
2373 5340 2532 5411 αὕτη.
2578 5338 2711 5396 Εἶτα
2747 5341 2883 5413 μετὰ
2910 5342 3082 5396 ταῦτά
3110 5344 3224 5395 ἐστι
3247 5347 3514 5413 στοιχεῖον

1929 5433 2085 5486 ’ἐκτον
2108 5474 2121 5497 ,
2146 5434 2435 5504 λεγόμενον
2460 5435 2588 5503 παρ’
2615 5436 2798 5496 αὐτοῖς
2820 5434 2975 5498 οὑαῦ,
3005 5436 3032 5487 ὃ
3048 5437 3192 5488 ἐστιν
3219 5435 3290 5488 ἐν
3315 5435 3470 5504 αὐτῇ
3494 5453 3509 5466 ⁶

1931 5524 2118 5578 ἔπειτα
2140 5524 2249 5592 Cati,
2272 5527 2299 5579 ὃ
2317 5528 2431 5580 ἐστι
2449 5525 2534 5595 ζῇ·
2561 5527 2676 5596 μεθ’
2697 5526 2724 5579 ὃ
2743 5527 2832 5597 ἣθ,
2857 5530 2886 5580 ὃ
2906 5528 3051 5579 ἐστιν
3070 5530 3102 5580 ὁ
3127 5525 3261 5586 ζῶνο
3292 5527 3359 5580 ἵν’
3447 5529 3512 5581 τὸ

1930 5616 2047 5669 ὅλον
2068 5634 2080 5647 ο
2129 5618 2216 5670 Ἐν
2243 5618 2379 5688 αὑτῇ
2417 5617 2480 5689 ζῇ
2511 5621 2538 5670 ὁ
2565 5617 2692 5682 ζῶν.
2729 5618 2883 5671 Μετὰ
2928 5618 3099 5673 ταῦτα
3134 5621 3392 5688 στοιχεῖον
3422 5619 3513 5671 ἔν-

1920 5725 2094 5771 νατον,
2123 5707 2183 5760 τὸ
2203 5707 2324 5778 me,
2347 5709 2376 5762 ὅ
2401 5711 2513 5761 ἐστι
2531 5707 2685 5773 καλή
2705 5725 2717 5737 ⁸
2743 5707 2929 5764 ἔπειτα
2951 5707 3064 5770 ίὼθ,
3096 5707 3124 5760 ὃ
3146 5709 3511 5778 ἑρμηνεύεται

1919 5798 2102 5872 ἀρκτΓ
2140 5798 2274 5863 ὁμοῦ
2323 5799 2389 5854 τὰ
2433 5799 2555 5854 δύο·
2587 5801 2740 5869 Καλὴ
2769 5802 2930 5874 ἀρχή.
2969 5800 3090 5855 Ἐπὶ
3113 5799 3319 5863 τούτοις
3370 5802 3511 5871 κὰφ,
