3842 6226
429 294 537 349 795

1072 290 1340 349 EUSEBII
1380 288 1863 346 CZESARIENSIS
1900 286 2051 343 OPP.
2092 285 2274 341 PARS
2313 284 2374 338 ll.
2410 315 2479 325 -—
2514 278 3013 337 APOLOGETICA.

3577 273 3675 329 79f-

427 423 552 463 esse
596 406 828 472 volunt,
882 421 976 461 eas
1027 405 1104 458 illi
1156 420 1276 460 sese
1316 421 1347 458 a
1397 403 1749 459 Plimnicibus
1781 410 1943 472 atque
1976 417 1994 454 ιι

2110 401 2182 452 Οὐ
2235 398 2338 469 μὴν
2368 398 2474 450 οὐδ’
2507 396 2602 450 ἀπ’
2628 395 2833 448 ἐκείνου
2872 392 2983 464 (41)
3012 391 3105 444 τοῦ
3135 391 3327 461 χρόνου
3356 389 3567 443 δύναιτό
3595 407 3677 454 τις

428 497 637 553 Cadmo
692 499 971 567 accepisse
1014 497 1333 568 gloriantur.
1378 495 1560 566 Neque
1610 506 1791 549 tamen
1849 493 2004 564 quis.

430 602 593 656 quam
624 594 718 640 aut
745 586 798 639 in
831 586 1025 653 sacris,
1060 592 1155 639 aut
1186 584 1239 638 in
1284 585 1517 655 publicis
1554 599 1782 655 usquam
1812 597 2005 635 monu-

434 677 671 743 mentis,
730 676 1030 730 litterarum
1078 676 1249 730 ullutn
1306 676 1425 744 ejus
1471 677 1729 744 temporis
1791 679 2006 727 exstare

427 765 718 834 vestigium
764 765 1083 837 ostenderit,
1117 781 1242 820 cum
1276 764 1343 819 de
1373 764 1479 819 illis
1527 765 1658 834 ipsis
1688 765 1781 834 qui
1810 761 2003 830 Troja-

428 874 553 912 nam
586 858 986 929 expeditionem
1017 866 1168 912 tanto
1200 865 1324 926 post
1350 872 1660 926 suscepere,
1697 859 2003 917 dubitatum

428 950 619 1018 perdiu
655 952 1058 1021 qumsitumque
1109 951 1199 1014 sit,
1254 966 1384 1005 num
1442 952 1640 1007 litteris
1701 963 2000 1011 uterentur.

429 1037 548 1103 Qua
575 1039 641 1094 de
666 1054 724 1093 re
764 1039 942 1093 verior
967 1054 1029 1092 ea
1059 1039 1506 1109 constantiorque
1538 1044 1804 1097 sententia
1837 1044 2005 1117 478

425 1127 541 1197 jam
575 1128 805 1193 obtinet,
857 1129 1166 1199 ignoratum
1197 1129 1265 1182 ab
1308 1129 1375 1184 iis
1413 1131 1735 1186 hodiernum
1786 1135 2000 1190 illarum

430 1236 591 1274 usum
650 1220 841 1275 fuisse.
902 1220 1090 1291 Neque
1147 1230 1201 1276 tu
1260 1222 1522 1290 scriptum
1576 1226 1798 1281 omnino
1862 1230 2002 1299 apud

428 1307 649 1363 Graecos
681 1310 875 1373 ullum,
909 1310 1068 1377 cujus
1096 1310 1163 1364 de
1195 1311 1299 1365 fide
1334 1313 1497 1365 modo
1526 1324 1758 1381 constet,
1800 1314 2002 1372 Home--

428 1402 546 1455 rica
572 1402 723 1471 poesi
749 1401 1025 1470 antiquius
1058 1401 1321 1456 invenias.
1354 1402 1425 1456 At
1452 1418 1575 1457 eum
1609 1414 1734 1474 post
1765 1404 2003 1474 Troiana

426 1496 676 1561 tempora
709 1500 897 1546 natum
932 1507 1054 1547 csse
1085 1507 1245 1546 nemo
1278 1509 1385 1547 non
1421 1494 1620 1549 fatetur
1651 1514 1664 1549 :
1699 1496 1808 1551 imo
1838 1513 1906 1552 ne
1935 1499 2003 1553 ab

2108 490 2172 544 ἂν
2210 490 2379 554 δεῖξαι
2418 490 2514 559 τὴν
2546 486 2857 558 σωζομένην
2908 481 3227 554 ἀναγραφὴν
3270 479 3378 533 οὒτ’
3405 482 3464 533 ἐν
3517 481 3677 551 ἱεροῖς

2105 584 2216 637 οὔτ’
2268 586 2325 636 ἐν
2370 581 2646 652 δημοσίοις
2690 579 3057 650 ἀναθήμασινο
3108 577 3239 633 ὅπου
3293 591 3356 643 γε
3408 574 3501 626 κα)⁵
3550 574 3678 645 περὶ

2103 676 2213 728 τῶν
2256 675 2349 728 ἐπὶ
2405 673 2607 745 Τροίας
2656 671 2933 733 τοσούτοις
2976 669 3197 740 ὓστερον
3230 666 3373 719 ἔτεσι
3423 681 3679 736 στρατευ-

2108 768 2314 821 σάντων
2350 764 2516 836 πολλὴ
2542 764 2762 833 γέγονεν
2787 761 2988 833 ἀπορία
3014 760 3107 813 καὶ
3133 759 3356 830 ζήτησις
3375 798 3389 823 ,
3432 758 3479 809 εί
3501 756 3680 826 γράμ-

2108 875 2271 929 μασιν
2322 856 2597 929 ἐχρῶντοο
2678 855 2771 907 καὶ
2822 851 3052 921 τάληθὲς
3113 850 3398 922 ἐπικρατεῖ
3457 847 3677 921 μᾶλλον,

2105 951 2232 1023 περὶ
2260 949 2351 1003 τοῦ
2380 949 2478 1019 τὴν
2504 947 2597 1001 νῦν
2620 942 2783 999 οὖσαν
2808 945 2916 998 τῶν
2945 943 3284 1016 γραμμάτων
3313 940 3507 1012 χρῆσιν
3534 939 3679 993 ἐκεί-

2104 1060 2227 1105 νους
2280 1042 2509 1110 ἀγνοεῖν.
2573 1038 2747 1101 ὐλως
2779 1037 2835 1090 δὲ
2884 1036 3034 1108 παρά
3080 1038 3191 1099 τοῖς
3243 1034 3497 1105 Ἕλλησιν
3526 1031 3680 1085 οὐδὲν

2103 1131 2531 1203 ὁμολογούμενον
2607 1128 2922 1200 εὑρίσκεται
2996 1124 3233 1197 γράμμα
3283 1124 3381 1193 τῆς
3440 1123 3678 1193 Ὀμήρου

2104 1225 2373 1295 ποιήσεως
2426 1219 2830 1292 πρεσϐύτερον·
2894 1210 3049 1280 οὗτος
3104 1216 3162 1270 δέ
3211 1215 3304 1267 καὶ
3350 1213 3457 1267 τῶν
3506 1213 3682 1283 Τρωϊ-

2104 1314 2214 1369 κῶν
2258 1314 2481 1385 ὕστερος
2526 1312 2771 1381 φαίνεται
2822 1310 3126 1381 γενόμενος.
3181 1306 3291 1361 Καί
3341 1321 3504 1375 φασιν
3555 1303 3679 1356 οὐδὲ

2101 1406 2287 1460 τοῦτον
2328 1408 2385 1458 ὲν
2416 1404 2704 1475 γράμμασι
2749 1402 2848 1473 τὴν
2890 1400 3052 1454 αὐτοῦ
3085 1400 3302 1470 ποίησιν
3341 1396 3676 1460 καταλιπεῖν,

2102 1497 2238 1551 ἀλλὰ
2260 1493 2847 1566 διαμνημονευομένην,
2884 1492 2973 1545 διὰ
3003 1491 3345 1563 γραμμάτων
3375 1487 3487 1559 (42)
3517 1485 3678 1539 ὔστε-

429 1579 551 1651 ipso
580 1582 799 1651 quidem
851 1582 1046 1637 litteris
1089 1599 1242 1637 suam
1292 1584 1437 1638 illam
1468 1586 1655 1653 poesin
1690 1587 1994 1641 mandatam

2109 1606 2197 1660 ρον
2254 1586 2609 1657 συντεθῆναι·
2690 1585 2784 1637 καὶ
2853 1581 2943 1637 διά
2985 1580 3143 1635 τοῦτο
3189 1579 3388 1643 πολλὰς
3435 1580 3494 1631 ἐν
3539 1578 3677 1649 αὐτῇ

432 1688 554 1729 esse
586 1674 797 1742 ferunt,
843 1675 937 1729 sed
963 1683 1324 1744 .posterorum
1357 1676 1620 1731 memoria
1650 1688 1994 1748 pr0pagatam

2108 1683 2250 1751 σχεῖν
2304 1678 2400 1741 τὰς
2444 1676 2757 1747 διαφωνίας.
2824 1677 2888 1729 OE
2918 1676 3099 1747 μέντοι
3149 1672 3248 1737 τάς
3293 1671 3531 1742 ἱστορίας
3558 1673 3679 1724 ἐπι-

429 1765 772 1835 aliquandiu,
822 1766 986 1821 variis
1014 1782 1082 1821 ex
1130 1768 1417 1822 cantilenis
1448 1767 1729 1823 collectam
1779 1770 1994 1824 demum

2102 1772 2452 1843 χειρήσαντες
2503 1769 2837 1839 συγγράφειν
2882 1769 3009 1839 παρ’
3043 1766 3259 1830 αὐτοῖς,
3294 1763 3436 1832 λέγω
3465 1761 3522 1816 δέ
3553 1763 3682 1825 τοὺς

424 1863 481 1907 et
529 1862 839 1908 contextam
890 1853 1060 1909 fuisse
1090 1894 1105 1920 ,
1142 1871 1206 1910 ac
1254 1867 1539 1926 propterea
1594 1866 1803 1912 tantum
1854 1859 1907 1912 in
1936 1874 1999 1915 ea

424 1946 586 2016 vulgo
626 1945 1006 2016 discrepantiae
1039 1950 1288 2019 reperiri.
1329 1949 1471 2021 Ergo
1521 1951 1614 2021 qui
1661 1967 1727 2007 ex
1779 1953 1885 2009 illis
1933 1956 2000 2010 ad

426 2037 771 2092 scribendam
812 2038 1096 2095 historiam
1130 2043 1374 2096 animum
1400 2044 1655 2113 appulere
1676 2086 1689 2109 ,
1736 2046 1997 2113 Cadmus,

426 2127 678 2195 inquam,
705 2125 969 2197 Milesius,
999 2140 1053 2185 et
1093 2132 1383 2210 Acusilaus
1426 2136 1681 2206 Argivus,
1730 2155 1793 2193 ac
1828 2141 1873 2194 si
1905 2139 1998 2210 qui

423 2225 685 2285 praeterea
727 2219 1103 2286 nominantur,
1133 2207 1354 2291 paulum
1396 2225 1689 2281 admodum
1720 2207 1998 2285 Persicam

424 2308 685 2365 adversus
711 2308 929 2367 Graecos
977 2315 1374 2383 expeditionem
1404 2326 1647 2388 tempore
1697 2330 2001 2378 anteverte-

422 2408 573 2453 runt.
605 2400 685 2454 Ad
718 2402 831 2456 hate
855 2404 949 2472 qui
980 2404 1047 2458 de
1071 2406 1230 2461 rebus
1258 2409 1574 2463 caelestibus
1602 2419 1764 2479 atque
1796 2411 1997 2469 divinis

423 2492 585 2560 primi
619 2493 761 2562 apud
802 2510 896 2549 eos
930 2496 1304 2566 philosophari
1345 2510 1657 2569 coeperunt,
1701 2512 1759 2557 ut
1797 2503 1999 2560 Phere—

423 2586 585 2654 cydes
617 2585 808 2655 Syrus,
840 2585 1176 2658 Pythagoras
1219 2598 1273 2643 ct
1306 2589 1524 2656 Thales,
1588 2595 1708 2650 illos
1739 2606 1793 2649 et
1824 2596 1996 2668 Egy—

422 2675 660 2744 ptiorum
692 2676 1182 2748 Chaldreorumque
1215 2679 1512 2750 discipulos
1544 2682 1733 2751 fuisse,
1766 2702 1866 2742 nec
1892 2689 1997 2742 nisi

422 2781 599 2835 pauca
634 2769 922 2837 scripsisse
948 2810 964 2835 ,
999 2785 1094 2825 ore
1124 2787 1314 2827 omnes
1350 2789 1459 2827 uno
1487 2778 1843 2844 pronuntiant
1870 2798 1884 2845 ;
1916 2789 1998 2834 at-

420 2874 528 2926 que
563 2859 655 2914 illa
688 2858 859 2915 Graeci
895 2877 1019 2917 cum
1067 2866 1312 2919 omnium
1351 2868 1717 2923 vetustissima
1752 2887 1872 2927 esse
1910 2888 1998 2926 ar-

420 2949 714 3018 hitrantur,
766 2960 880 3005 tum
933 2952 1023 3006 vix
1076 2954 1240 3007 etiam
1290 2955 1359 3008 ab
1414 2956 1521 3011 illis
1577 2959 1775 3028 scripta
1828 2961 1997 3017 fuisse

420 3042 671 3096 credunt.
702 3041 838 3109 Quis
871 3044 1035 3114 igitur
1064 3061 1206 3100 vano
1238 3047 1546 3118 stolidoque
1590 3049 1735 3106 fastu
1777 3051 1995 3111 Graecos
2020 3087 2066 3149 Ο

420 3131 671 3188 laborare
696 3150 803 3188 non
834 3135 1029 3201 videat,
1061 3137 1154 3205 qui
1185 3138 1288 3191 sibi
1329 3148 1382 3193 et
1408 3155 1495 3194 res
1527 3143 1781 3212 antiquas
1809 3153 1993 3201 tenere

423 3225 549 3291 soli,
582 3233 637 3280 et
664 3226 768 3281 soli
805 3236 1117 3282 accuratam
1151 3229 1369 3284 illarum
1401 3231 1779 3305 integramque
1806 3240 1995 3293 verita-

425 3323 532 3368 tem
567 3315 783 3369 tradere
824 3316 1153 3371 videantur?
1205 3319 1341 3387 lmo,
1383 3321 1507 3390 quis
1549 3338 1657 3376 non
1692 3342 1757 3378 ex
1802 3326 1992 3381 iisdem

424 3407 789 3478 scriptoribus
819 3409 950 3465 illud
979 3408 1239 3480 perfacile
1272 3411 1506 3483 auferat,
1531 3418 1797 3487 perspecti
1832 3420 1901 3474 ab
1928 3420 1996 3476 iis

424 3498 563 3554 nihil
608 3500 987 3571 exploratique
1032 3504 1440 3573 conscriptum,
1475 3506 1571 3561 sed
1619 3518 1828 3564 tantum
1857 3527 1986 3581 qua-

424 3598 583 3645 tenus
614 3592 836 3662 assequi
864 3593 1178 3664 conjectura
1208 3597 1528 3666 potuerint?
1562 3600 1750 3670 Itaque
1781 3603 1997 3673 scriptis

424 3684 540 3738 suis
592 3684 731 3739 alios
774 3686 981 3755 passim
1032 3689 1125 3742 alii
1158 3690 1608 3760 reprehendunt,
1662 3710 1761 3750 nec
1799 3696 1994 3752 iisdem

423 3776 649 3832 omnino
696 3779 763 3833 de
812 3780 978 3835 rebus
1009 3781 1168 3852 longe
1216 3783 1431 3839 diversa
1464 3785 1613 3855 loqui
1645 3788 1992 3846 erubescunt.

420 3867 536 3938 Ego
565 3886 696 3925 vero
728 3871 1075 3942 importunus
1107 3882 1160 3928 et
1206 3875 1420 3932 otiosus
1451 3877 1641 3948 utique
1693 3881 1897 3946 videar,
1949 3883 1993 3938 si

420 3959 620 4028 quibus
677 3960 730 4014 id
794 3977 957 4031 quam
1009 3961 1111 4031 ipsi
1160 3963 1293 4017 mihi
1363 3966 1544 4022 notius
1604 3977 1724 4032 est,
1766 3986 1994 4040 percen—

420 4066 542 4105 sere
575 4052 758 4119 velim,
809 4070 972 4124 quam
1007 4055 1062 4108 in
1101 4057 1430 4128 genealogis:
1467 4061 1774 4117 rationibus
1826 4065 1993 4119 multa

421 4142 550 4206 sint,
580 4143 634 4196 in
664 4145 865 4213 quibus
914 4144 1227 4202 Hellanicus
1275 4149 1343 4204 ab
1393 4152 1651 4209 Acusilao
1687 4154 1991 4210 dissideat:

419 4248 585 4302 quam
635 4234 780 4303 apud
824 4233 1120 4293 Hesiodum
1170 4240 1458 4296 Acusilaus
1506 4244 1676 4298 multa
1723 4246 1991 4317 castiget:

418 4340 585 4395 quam
622 4341 764 4397 saepe
814 4328 1083 4384 mendacii
1131 4347 1283 4387 reum
1339 4332 1677 4391 Hellanicum
1717 4337 1991 4408 Ephorus,

2102 1865 2230 1936 περὶ
2287 1862 2508 1933 Κάδμον
2558 1878 2618 1913 τε
2666 1861 2755 1914 τὸν
2804 1859 3065 1931 Μιλήσιον
3084 1899 3099 1923 ,
3162 1856 3378 1912 καὶτὸν
3437 1856 3682 1927 Ἀργεῖον

2114 1955 2479 2020 Ἀκουσίλαον,
2510 1956 2603 2009 καὶ
2648 1952 2784 2025 μετά
2818 1952 3020 2006 τούτων
3056 1952 3111 2005 εί
3139 1968 3285 2014 τινες
3315 1949 3462 2003 ἄλλοι
3493 1948 3681 2017 λέγον-

2098 2057 2189 2093 ται
2246 2043 2531 2111 γενέσθαι,
2605 2043 2775 2115 βραχὺ
2812 2043 2911 2113 τῆς
2965 2041 3075 2094 τῶν
3144 2040 3370 2112 Περσῶν
3415 2040 3509 2093 ἐπὶ
3579 2038 3681 2110 τὴν

2111 2132 2335 2189 Ἐλλάδα
2369 2135 2747 2207 διαστρατείας
2788 2133 2864 2205 τῷ
2895 2134 3077 2205 χρόνῳ
3119 2131 3444 2204 προύλαϐον.
3522 2130 3682 2184 Ἀλλά

2103 2226 2210 2298 μὴν
2262 2228 2355 2280 καὶ
2407 2228 2534 2291 τοὺς
2587 2227 2708 2300 περὶ
2755 2227 2863 2280 τῶν
2891 2225 3153 2298 οὐρανίων
3197 2241 3255 2277 τε
3294 2224 3421 2295 παρ’
3454 2222 3679 2290 Ἕλλησι

2100 2317 2192 2367 καὶ
2235 2314 2392 2369 θείων
2431 2314 2679 2387 πρώτους
2730 2315 3227 2387 φιλοσοφήσαντας,
3281 2308 3395 2367 οἷον
3446 2313 3680 2387 Φερεκύ-

2099 2406 2194 2477 δην
2244 2405 2336 2459 τὸν
2390 2406 2614 2479 Σύριον,
2698 2408 2793 2460 καὶ
2848 2406 3206 2476 Πυθαγόραν,
3291 2405 3384 2459 καὶ
3435 2404 3676 2474 Θάλητα,

2100 2497 2299 2560 πάντες
2329 2496 2635 2568 συμφώνως
2656 2495 3008 2568 ὁμολογοῦσιν
3028 2536 3043 2559 ,
3077 2496 3388 2567 Αἰγυπτίων
3414 2494 3508 2547 καὶ
3536 2493 3681 2547 Χαλ-

2097 2588 2261 2642 δαίων
2302 2589 2624 2660 γενομένους
2669 2588 2945 2660 μαθητὰς,
2994 2588 3149 2657 ὀλίγα
3195 2586 3543 2658 συγγράψαιο
3583 2585 3680 2638 καὶ

2096 2679 2267 2733 ταῦτα
2308 2684 2421 2743 τοῖς
2448 2679 2704 2750 Ἕλλησιν
2734 2676 2872 2732 εἶναι
2904 2679 3051 2733 δοκεῖ
3079 2678 3294 2732 πάντων
3322 2676 3677 2750 ἀρχαιότατα,

2096 2772 2191 2826 καὶ
2249 2771 2400 2843 μόλις
2443 2771 2579 2825 αύτά
2647 2772 2988 2826 πιστεύουσιν
3043 2772 3133 2825 ὑπ’
3184 2771 3407 2824 ἐκείνων
3467 2770 3679 2840 γεγρά-
3732 2818 3737 2819 ,

2098 2864 2248 2933 φθαι.
2301 2863 2427 2926 Πῶς
2460 2859 2555 2917 οῦν
2604 2864 2697 2917 οὐκ
2745 2862 2891 2917 ἔστιν
2939 2863 3129 2932 ἄλογον
3176 2861 3515 2931 τετυφῶσθαι
3546 2863 3678 2925 τοὺς

2099 2954 2394 3025 Ἕλληνας,
2452 2954 2529 3017 ὡς
2568 2954 2761 3025 μόνους
2801 2953 3194 3024 ἐπισταμένους
3243 2954 3480 3024 τάρχαῖα
3505 2990 3520 3013 ,
3581 2950 3680 3004 καὶ

2096 3044 2194 3118 τὴν
2225 3045 2477 3118 ἀλήθειαν
2511 3045 2638 3116 περὶ
2665 3045 2840 3101 αὐτῶν
2863 3044 3103 3117 ἀκριϐῶς
3130 3044 3558 3116 παραδιδόντας;
3601 3043 3676 3094 Ἢ

2094 3137 2180 3202 τίς
2212 3139 2272 3191 οὐ
2304 3137 2454 3209 παρά
2480 3137 2589 3191 τῶν
2623 3138 2800 3191 αὐτῶν
2853 3136 3209 3209 συγγραφέων
3259 3135 3419 3206 μάθοι
3453 3133 3677 3205 ῥᾳδίως,

2095 3232 2177 3284 ὄτι
2211 3231 2375 3303 μηδὲν
2433 3230 2634 3295 εἰδότες
2685 3232 2917 3302 βεϐαίως
2969 3231 3339 3303 συνέγραφον,
3418 3227 3533 3282 ἀλλ’
3598 3227 3678 3290 ὡς

2096 3323 2313 3378 ἕκαστοι
2368 3326 2494 3395 περὶ
2530 3324 2637 3378 τῶν
2677 3324 3014 3396 πραγμάτων
3045 3321 3290 3386 εῖκαζον;
3346 3320 3514 3373 Πλέον
3543 3319 3679 3388 γοῦν

2096 3416 2183 3470 διὰ
2213 3415 2321 3469 τῶν
2356 3415 2572 3485 βιϐλίων
2604 3416 2865 3486 ἀλλήλους
2890 3415 3202 3485 ἐλέγχουσιν
3242 3413 3337 3468 καὶ
3386 3411 3679 3466 rivali-mb-

2095 3522 2233 3557 τατα
2261 3505 2389 3575 περὶ
2415 3504 2523 3558 τῶν
2547 3506 2725 3558 αὐτῶν
2750 3504 2926 3574 λέγειν
2955 3506 3055 3557 οὐκ
3084 3503 3320 3558 ὀκνοῦσι.
3378 3501 3678 3575 Περίεργος

2094 3596 2140 3649 δ’
2184 3595 2250 3651 ἂν
2291 3596 2407 3667 εἵην
2450 3578 2592 3665 ἐγώ,
2625 3598 2751 3660 τοὺς
2779 3596 2912 3668 ἐμοῦ
2948 3596 3147 3667 μᾶλλον
3176 3598 3573 3667 ἐπισταμένους
3599 3596 3678 3649 δι-

2095 3688 2335 3754 δάσκων,
2366 3689 2467 3742 ὅσα
2516 3688 2615 3759 μὲν
2667 3688 2974 3752 Ἑλλάνικος
3027 3688 3359 3759 Ἀκουσιλάῳ
3409 3688 3678 3760 περὶτῶν

2097 3777 2455 3847 γενεαλογιῶν
2482 3778 2927 3851 διαπεφώνηκεν·
2984 3780 3086 3833 ὅσα
3126 3779 3182 3832 δὲ
3233 3778 3537 3851 διορθοῦται
3582 3779 3676 3832 τὸν

2108 3869 2345 3923 Ἡσίοδον
2376 3870 2718 3933 Ἀκουσίλαος
2732 3887 2745 3899 ⁵
2766 3869 2799 3941 ἢ
2819 3871 2939 3923 τίνα
2959 3871 3155 3944 τρόπον
3175 3871 3405 3943 Ἔφορος
3428 3870 3682 3925 Ἑλλάνιε

2097 3978 2190 4014 κον
2207 3963 2263 4014 ὲν
2278 3964 2387 4025 τοῖς
2410 3961 2677 4025 πλείστοις
2691 3962 3015 4034 ψευδόμενον
3035 3963 3411 4026 ἐπιδείκνυσιν,
3440 3964 3677 4036 Ἔφορον

2095 4055 2152 4108 δὲ
2198 4054 2426 4126 Τίμαιος
2449 4094 2463 4119 ,
2496 4054 2590 4107 καὶ
2628 4055 2856 4124 Τίμαιον
2898 4056 2947 4107 οί
2983 4055 3097 4125 μετ’
3123 4056 3327 4108 ἐκεῖνον
3354 4058 3672 4126 γεγονότες,

2107 4144 2386 4216 Ἡρόδοτον
2423 4144 2478 4197 δὲ
2505 4144 2721 4207 πάντες.
2782 4143 2918 4196 Ἀλλ’
2945 4144 3064 4197 οὐδὲ
3098 4145 3224 4217 περὶ
3249 4143 3356 4199 τῶν
3378 4146 3675 4201 Σικελικῶν

2094 4238 2205 4299 τοῖς
2233 4236 2359 4306 περὶ
2391 4234 2658 4305 Ἀντίοχον
2683 4235 2778 4288 καὶ
2823 4234 3067 4287 Φίλιστον
3089 4276 3102 4301 ,
3124 4235 3157 4305 ἢ
3182 4235 3419 4288 Καλλίαν
3442 4236 3681 4307 Τίμαιος

2099 4329 2403 4398 συμφωνεῖν
2427 4326 2656 4398 ἠξίωσεν
2674 4343 2689 4359 ’
2713 4326 2821 4380 οὐδ’
2842 4322 2908 4380 αὖ
2937 4326 3064 4399 περὶ
3084 4324 3191 4379 τῶν
3224 4326 3484 4381 Ἀττικῶν
3503 4330 3555 4380 οί
3576 4328 3683 4392 τάς

418 4417 700 4487 Ephorum
736 4416 995 4485 Titnatus,
1029 4418 1402 4495 Timaeumque
1444 4429 1792 4496 recentiores,
1834 4432 1989 4486 deni-

2105 4419 2370 4485 Ἀτθίδας
2422 4419 2962 4492 συγγεγραφότες,ἦ
3014 4420 3113 4485 τὰς
3142 4420 3268 4491 περὶ
3317 4419 3427 4472 τῶν
3483 4420 3685 4491 Ἀργο-

417 4525 525 4580 que
552 4508 886 4566 Herodotum
917 4515 1158 4571 universi
1204 4527 1485 4586 peragant.
1519 4518 1703 4591 Neque
1739 4539 1867 4578 vero
1894 4533 1989 4580 aut

414 4602 483 4656 de
514 4603 679 4659 rebus
731 4602 929 4660 Siculis
955 4606 1143 4662 eadem
1185 4607 1456 4677 Timaeus,
1490 4628 1613 4682 quae
1662 4616 1986 4682 Antiochus,

411 4691 699 4759 Philistus,
733 4706 785 4751 et
818 4697 1041 4764 Callias,
1072 4701 1276 4756 sentire
1307 4704 1476 4757 voluit
1504 4723 1517 4758 :
1558 4715 1649 4759 aut
1699 4706 1753 4760 in
1783 4707 1989 4763 Attica-

412 4800 559 4851 rum,
615 4784 697 4840 vel
749 4786 1126 4858 Argolicarum
1187 4791 1437 4857 historia,
1489 4795 1583 4864 qui
1627 4812 1798 4867 genus
1844 4799 1987 4854 idem

413 4877 686 4932 scribendi
713 4893 1040 4949 suscepere,
1076 4883 1310 4938 aliorum
1346 4886 1437 4940 alii
1467 4902 1689 4943 sensum
1722 4899 1990 4945 mentem-

410 4984 518 5039 que
546 4969 717 5025 secuti
734 4980 883 5026 sunt.
912 4970 1236 5044 Quanquam
1261 4977 1392 5045 quid
1414 4993 1476 5032 ea
1501 4981 1750 5050 persequi
1776 4982 1986 5047 attinet,

409 5072 532 5130 qua
556 5077 652 5132 per
679 5065 844 5120 urbes
890 5066 1094 5135 passim
1126 5069 1423 5135 contigere,
1487 5083 1541 5125 et
1579 5074 1988 5143 angustioribus

410 5157 636 5213 omnino
661 5158 975 5227 regionibus
996 5160 1371 5230 continentur,
1401 5180 1525 5218 cum
1551 5165 1606 5219 in
1628 5166 1746 5236 ipsa
1769 5183 1988 5239 quoque

410 5241 634 5301 Persica
662 5248 1034 5317 expeditione,
1083 5267 1148 5306 ac
1179 5253 1425 5309 rebusin
1465 5272 1529 5311 ea
1571 5259 1759 5327 gestis,
1800 5260 1989 5316 lauda-

484 5425 596 5501 (41)
642 5427 769 5480 Ἀπ’
794 5428 1031 5486 ἐκείνου
1076 5449 1129 5487 τ.
1173 5451 1231 5501 χ.
1270 5433 1451 5489 Malim
1482 5437 1569 5489 ἐπ’
1600 5438 1827 5501 ἐκείνου,
1862 5455 1985 5494 cum

410 5492 646 5580 loseplio
674 5512 689 5549 :
716 5509 876 5567 negat
915 5504 1059 5555 enim
1083 5492 1284 5580 certam
1312 5504 1459 5580 illius
1486 5509 1584 5561 aevi
1622 5492 1987 5580 cognitionem

414 5565 643 5646 publicis
692 5582 761 5621 ex
794 5565 1165 5646 monumentis
1198 5575 1405 5646 ltauriri
1438 5592 1630 5646 posse;
1664 5565 1770 5632 non
1807 5588 1985 5634 autem

416 5649 595 5709 rerum
630 5644 871 5709 tempore
899 5641 990 5694 illo
1026 5644 1405 5709 posteriorum.

489 5703 601 5771 (42)
644 5703 757 5761 Διὰ⁷
798 5703 1167 5780 γραμμάτων.
1218 5713 1513 5784 Joscphum
1567 5728 1791 5775 secutus
1843 5735 1964 5776 sum

2092 4511 2257 4564 λικῶν
2294 4511 2401 4583 (45)
2428 4513 2478 4565 οἱ
2524 4512 2593 4565 τά
2625 4513 2752 4584 περὶ
2786 4513 2988 4584 Ἀργος
3038 4511 3376 4583 ἱστοροῦντες
3418 4510 3681 4581 ἀλλήλοις

2092 4602 2506 4673 ὴκολουθήκασι.
2546 4602 2655 4656 Kal.
2682 4602 2734 4655 τί
2766 4601 2845 4655 δεῖ
2884 4601 3063 4670 λέγειν
3098 4603 3226 4674 περὶ
3259 4601 3367 4655 τῶν
3400 4601 3546 4654 κατά
3576 4604 3683 4656 πό-

2090 4694 2229 4758 λεις,
2289 4696 2380 4749 καὶ
2430 4694 2777 4766 βραχυτέρων
2805 4734 2819 4757 ,
2873 4695 3004 4747 ὅπου
3043 4710 3107 4762 γε
3150 4694 3276 4766 περὶ
3323 4694 3423 4763 τῆς
3465 4695 3674 4766 Περσι.

2092 4787 2193 4856 κῆς
2248 4788 2533 4858 στρατείας
2591 4786 2686 4839 καὶ
2735 4783 2844 4837 τῶν
2898 4786 2956 4837 ἐν
3014 4786 3150 4856 αὐτῇ
3205 4784 3559 4857 πραχθέντων
3626 4788 3682 4840 οι

2088 4879 2443 4951 δοκιμώτατοι
2472 4878 2953 4949 διαπεφωνήκασι;
3006 4878 3185 4931 [Ιολλά
3230 4877 3287 4930 δὲ
3331 4878 3425 4931 καὶ
3462 4876 3685 4932 Θουκυ-

2088 4971 2237 5042 δίδης
2277 4970 2353 5035 ὡς
2380 4971 2705 5043 ψευδόμενος
2744 4971 2848 5024 ὑπό
2874 4988 3037 5025 τινων
3077 4972 3487 5041 κατηγορεῖται,
3547 4969 3682 5023 καί-

2088 5081 2170 5117 τοι
2199 5063 2370 5117 δοκῶν
2420 5063 2815 5135 ἀκριϐεστάτην
2864 5063 2982 5117 καθ’
3031 5063 3223 5116 ἐαυτὸν
3252 5062 3492 5133 ἱστορίαν
3535 5079 3680 5132 συγ-

2088 5151 2339 5223 γράφειν.
2398 5152 2577 5204 Αἰτίαι
2608 5151 2663 5204 δὲ
2703 5152 2803 5224 τῆς
2854 5153 3110 5224 τοιαύτης
3141 5151 3435 5221 διαφωνίας
3471 5152 3679 5207 πολλαὶ

2092 5245 2188 5315 μὲν
2241 5243 2369 5307 ἴσως
2419 5242 2485 5298 ἂν
2545 5245 2637 5300 καὶ
2686 5245 2867 5316 ἕτεραι
2914 5247 3025 5308 τοῖς
3087 5244 3429 5315 βουλομένοις
3480 5244 3678 5314 ζητεῖν

2090 5445 2229 5514 apud
2258 5460 2421 5514 quem
2467 5444 2684 5517 legitur,
2713 5444 2775 5497 ὲκ
2814 5443 2921 5497 τῶν
2962 5441 3242 5512 ᾀσμάτων,
3272 5455 3394 5513 quae
3421 5455 3552 5495 vera
3584 5441 3674 5496 le-

2089 5524 2376 5655 θιιδιὲῗίίῑι
2401 5585 2508 5650 τὰς
2555 5585 2687 5653 περὶ
2730 5581 2863 5655 τῶν⁸
2886 5584 3114 5655 Ἀρτολν.
3146 5581 3378 5655 Omnino
3405 5580 3506 5645 τάς
3534 5580 3678 5637 illud

2089 5652 2373 5712 delendum
2401 5664 2503 5722 est,
2539 5652 2636 5710 nec
2670 5653 2810 5725 apud
2841 5652 3059 5723 Just-ph.
3092 5652 3305 5724 legitur.
