3842 6226
117 310 223 366 797

1272 306 1595 365 PRIEPAR.
1640 303 1895 360 EVANG.
1936 302 2067 358 LIB.
2106 302 2176 357 Χ.

3270 302 3372 358 798

114 427 437 495 dvatpavsi'sv
454 440 468 454 ·
501 422 610 494 ἐγὼ
653 423 711 477 δέ
735 423 855 478 δυσὶ
883 426 1001 486 ταῖς
1021 422 1474 496 ἐκτεθησομέναις
1495 424 1690 488 αἰτίαις

1800 423 2140 478 tissimorum
2174 420 2504 491 scriptorum
2558 434 2755 490 magna
2797 420 2868 475 sit
2914 420 3234 489 plerumque
3261 421 3376 475 dis-

115 518 213 588 τὴν
245 518 508 589 μεγίστην
557 518 710 588 ἰσχὺν
737 516 1100 587 άναθήσομαι.
1161 518 1272 571 Καὶ
1324 517 1596 589 προτέραν
1634 534 1699 586 γε

114 609 225 680 ἐρῶ
256 608 354 681 τὴν
381 610 718 681 κυριωτέραν
747 605 884 663 εἷναί
919 626 1007 679 μοι
1033 608 1312 664 δοκοῦσαν.
1348 610 1422 663 To
1456 610 1565 681 γὰρ
1612 607 1701 675 ἐξ-

114 702 408 772 ετασθῆναι
438 702 549 772 (44)
597 701 672 774 μὴ
701 701 1101 772 σπουδασθῆναι
1143 702 1295 774 ποιρά
1321 705 1434 767 τοῖς
1477 701 1701 773 Ἕλλησι

113 797 354 868 δημοσίᾳ
402 795 646 865 γίνεσθαι
694 794 799 859 τὰς
842 794 969 866 περὶ
1018 793 1126 848 τῶν
1159 795 1417 849 ἑκάστοτε
1466 811 1703 866 πραττο-

120 887 296 957 μένων
340 886 688 958 ἀναγραφὰς,
737 885 896 940 τοῦτο
946 886 1178 958 μάλιστα
1211 886 1276 957 δὴ
1309 887 1403 940 καὶ
1428 887 1530 958 τὴν
1557 887 1695 940 πλά-

116 996 234 1050 νην,
275 979 372 1032 ml.
414 977 512 1049 τὴν
569 978 815 1043 ἐξουσίαν
862 977 959 1032 τοῦ
1012 977 1337 1031 σπεύδεσθαι
1396 980 1506 1041 τοῖς
1553 977 1693 1048 μετά

115 1069 292 1123 ταῦτα
318 1070 321 1073 ’
345 1068 649 1140 βουληθεῖσι
707 1070 837 1141 περὶ
891 1068 1001 1123 τῶν
1059 1068 1302 1123 παλαιῶν
1351 1086 1407 1121 τι
1460 1067 1693 1140 γράφειν

116 1161 409 1233 παρέσχεν.
461 1162 536 1214 Οὐ
563 1161 673 1231 γὰρ
726 1161 884 1232 μόνον
934 1162 1084 1233 παρά
1129 1164 1241 1225 τοῖς
1274 1161 1455 1225 ἀλλοις
1500 1159 1694 1231 Ἐλλη-

117 1271 203 1308 σιν
254 1251 505 1325 ἠμελήθη
556 1252 628 1306 τὰ
682 1252 809 1324 περὶ
853 1253 951 1317 τὰς
995 1253 1360 1323 ἀναγραφάς,
1415 1252 1529 1306 ἀλλ’
1572 1252 1693 1307 οὐδὲ

115 1346 251 1416 παρ’
281 1345 462 1407 αὐτοῖς
501 1342 801 1414 Ἀθηναίοις
820 1383 835 1409 ,
868 1342 961 1407 οὒς
990 1343 1315 1414 αὐτόχθονας
1340 1339 1479 1399 εἶναι
1505 1345 1692 1414 λέγου-

115 1456 203 1503 σι,
262 1440 359 1493 καὶ
404 1437 651 1503 παιδείας
694 1437 1002 1508 ἐπιμελεῖς,
1057 1438 1208 1491 οῦδὲν
1261 1437 1500 1491 τοιοῦτον
1546 1438 1693 1508 εὑρί-

116 1548 309 1585 σκεται
355 1529 677 1600 γενόμενον·
748 1527 885 1582 ἀλλὰ
947 1528 1056 1582 τῶν
1098 1529 1374 1600 δημοσίων
1430 1528 1692 1601 γραμμά-

1799 516 2028 572 sensio?
2059 515 2292 571 Prorsus
2328 514 2495 588 479
2522 524 2581 570 ut
2611 515 2727 584 ipse
2755 529 2975 584 quoque
3008 514 3372 584 Thucydides,

1799 609 1928 664 licet
1957 607 2429 663 accnratissimam
2472 618 2779 676 temporum
2811 621 3038 661 suorum
3085 606 3374 660 historiam

1798 699 2140 771 perscribere
2169 700 2439 766 videatur,
2474 715 2506 753 a
2540 699 2820 755 nonnullis
2848 709 3033 754 tamen
3074 698 3279 753 erroris
3308 713 3376 752 ac

1798 793 2057 848 vanitatis
2103 802 2385 864 arguatur.
2433 790 2604 862 Cujus
2650 807 2782 847 sane
2813 790 3049 855 discidii,
3098 806 3222 845 cum
3255 791 3374 845 alite

1799 885 2051 941 fortassis
2091 885 2341 955 plurimae
2390 884 2516 939 aliis
2548 885 2603 938 in
2651 884 2784 938 illud
2831 883 3246 953 anquirentibus
3278 899 3375 938 oc-

1799 994 2020 1035 currere
2068 979 2313 1048 possint,
2361 987 2475 1032 tum
2526 978 2626 1031 has
2677 977 2950 1046 praecipue
2983 977 3121 1031 duas
3171 978 3373 1032 summi

1799 1072 2059 1127 momenti
2085 1086 2282 1126 causas
2310 1086 2434 1125 esse
2462 1069 2724 1139 intelligo.
2753 1069 2931 1138 Atque
2958 1077 3020 1123 ut
3047 1069 3115 1124 ab
3135 1085 3221 1134 ea,
3250 1082 3377 1140 quae

1799 1164 1932 1217 mihi
1962 1163 2140 1233 potior
2172 1162 2405 1225 videtur,
2436 1162 2715 1232 incipiam,
2752 1177 2876 1216 cum
2907 1169 3078 1216 totum
3110 1161 3239 1217 illud
3284 1177 3375 1217 res

1798 1269 1914 1320 eas,
1955 1271 2078 1324 quas
2110 1256 2311 1325 ubique
2342 1254 2552 1320 tierent,
2601 1253 2850 1324 publicas
2882 1253 2935 1307 in
2979 1252 3195 1308 tabulas
3233 1252 3375 1307 refe-

1796 1346 1953 1402 rendi
2000 1346 2241 1402 studium
2272 1363 2302 1402 a
2345 1345 2550 1402 Graecis
2575 1346 2690 1416 jam
2734 1361 2911 1416 usque
2957 1347 3029 1403 ab
3075 1347 3231 1400 initio
3281 1361 3375 1400 ne-

1798 1440 2032 1510 glectum
2070 1440 2281 1503 fuisset,
2317 1439 2369 1493 id
2404 1454 2537 1495 sane
2585 1454 2710 1494 cum
2740 1439 2915 1494 errori
2949 1440 3185 1494 maxime
3227 1438 3371 1492 viam

1798 1531 2028 1601 aperuit,
2060 1539 2174 1585 tum
2210 1531 2277 1586 iis
2310 1530 2472 1585 etiam
2504 1531 2780 1593 omnibus,
2812 1529 2906 1599 qui
2941 1529 3007 1584 de
3037 1528 3198 1583 rebus
3226 1529 3379 1582 anti-

112 1641 222 1676 των
278 1623 663 1695 ἀρχαιοτάτους
715 1617 853 1674 εἷναί
899 1638 1032 1691 φασι
1078 1621 1206 1685 τοὺς
1255 1620 1363 1676 ὑπὸ
1394 1622 1690 1693 Δράκοντος

1796 1624 2085 1695 quiorihus
2139 1624 2379 1678 scribere
2434 1623 2778 1692 cogitarent,
2844 1623 3118 1677 licentiam
3176 1621 3375 1677 obtulit

118 1708 303 1773 αὐτοῖς
334 1711 465 1782 περὶ
500 1712 608 1764 τῶν
652 1712 887 1781 φονικῶν
929 1712 1233 1784 γραφέντας
1269 1715 1493 1784 νόμους,
1524 1714 1687 1784 ὀλίγῳ

118 1801 386 1872 πρότερον
436 1803 536 1872 τῆς
594 1788 1008 1876 Πεισιστράτου’
1041 1805 1348 1876 τυραννίδος
1403 1806 1687 1876 ἀνθρώπου

117 1892 422 1961 γεγονότος.
452 1894 586 1964 Περὶ
631 1894 732 1962 μὲν
776 1895 884 1967 γὰρ
927 1894 1200 1967 Ἀρκάδων
1243 1895 1295 1949 τί
1343 1897 1447 1967 χρὴ
1478 1896 1684 1966 λέγειν,

119 1981 434 2052 αὐχούντων
479 1984 847 2055 άρχαιότητα;
894 1984 1046 2056 μόλις
1082 1985 1190 2057 γὰρ
1231 1980 1370 2038 οὗτοι
1413 1986 1504 2038 καὶ
1552 1986 1688 2055 μετά

117 2071 288 2126 ταῦτα
339 2074 662 2145 γράμμασιν
715 2074 1126 2146 ἐπαιδεύθησαν.
1187 2076 1316 2127 "Ars
1380 2076 1444 2145 δὴ
1506 2076 1687 2129 τοίνυν

116 2164 377 2234 οὐδεμιᾶς
424 2165 870 2238 προδεδλημένης
926 2168 1274 2238 ἀναγραφῆς,
1330 2168 1362 2237 ἦ
1419 2168 1510 2220 καὶ
1559 2169 1684 2231 τοὺς

118 2254 313 2324 μαθεῖν
348 2256 704 2329 βουλομένους
747 2257 974 2324 διδάξειν
1016 2259 1227 2330 ἔμελλε,
1270 2260 1364 2312 καὶ
1399 2259 1523 2322 τοὺς
1551 2258 1685 2329 ψευα-

112 2344 373 2414 δομένους
425 2347 663 2416 ἐλέγξειν
683 2392 697 2416 ,
741 2349 777 2421 ἡ
837 2348 1005 2420 πολλὴ
1057 2350 1191 2422 πρὸς
1256 2349 1514 2422 ἀλλήλους
1567 2349 1687 2419 ἐγέ-

108 2459 231 2496 νετο
274 2442 538 2512 διαφωνία
561 2444 676 2506 τοῖς
717 2440 1109 2514 συγγραφεῦσι.
1169 2441 1436 2513 Δευτέραν
1464 2441 1521 2495 δέ
1559 2441 1696 2513 πρὸς

107 2537 316 2606 ταύτην
364 2535 545 2589 θετέον
578 2534 794 2606 ἐκείνην
822 2533 919 2605 τὴν
949 2534 1151 2591 αἰτίαν.
1235 2535 1298 2586 Οί
1342 2532 1451 2605 γὰρ
1496 2534 1589 2586 ἐπὶ
1633 2533 1694 2587 τό

106 2629 343 2700 γράφειν
387 2629 727 2699 ὁρμήσαντες
757 2626 818 2679 οὐ
870 2625 1000 2706 περί
1051 2625 1150 2697 τὴν
1202 2625 1455 2696 ἀλήθειαν
1499 2625 1696 2678 ἐσπού-

104 2723 306 2787 δασαν,
355 2721 532 2775 καίτοι
562 2719 719 2774 τοῦτο
758 2717 1049 2790 πρόχειρον
1093 2719 1275 2781 αὐτοῖς
1317 2720 1465 2772 ἐστιν
1501 2719 1590 2772 ἀεὶ
1630 2717 1694 2771 τὸ

106 2813 468 2886 ἐπάγγελμα·
537 2812 712 2881 λόγων
755 2809 812 2863 δὲ
856 2809 1086 2881 δύναμιν
1134 2810 1546 2863 ἐπεδείκνυντο·
1598 2810 1693 2863 καὶ

106 2907 234 2962 καθ’
280 2908 464 2960 ὅντινα
508 2905 711 2977 τρόπον
750 2904 811 2957 ἐν
851 2905 1026 2974 τούτῳ
1070 2903 1539 2975 παρευδοκιμῆσαι
1566 2905 1693 2968 τοὺς

108 3000 304 3063 ἄλλους
331 2998 711 3068 ὑπελάμϐανον
731 3036 745 3061 ,
782 2996 923 3050 κατά
964 2996 1150 3049 τοῦτον
1183 2994 1513 3067 ήρμόζοντο·
1549 2997 1692 3060 τινὲς
1717 2983 1761 3043 C

109 3092 210 3161 μὲν
260 3091 356 3143 ἐπὶ
402 3088 463 3142 τὸ
499 3087 813 3161 μυθολογεῖν
860 3087 1227 3158 τραπόμενοι,
1278 3087 1423 3151 τινὲς
1474 3087 1529 3140 δέ
1556 3087 1693 3159 πρὸς

105 3181 269 3253 χάριν
290 3221 305 3243 ,
358 3179 391 3250 ἦ
422 3178 518 3245 τὰς
550 3179 765 3243 πόλεις,
806 3178 839 3250 ἢ
869 3179 996 3241 τοὺς
1029 3177 1283 3248 βασιλέας
1311 3178 1688 3243 ἐπαινοῦντες·

104 3275 255 3328 ἄλλοι
298 3273 359 3327 δὲ
408 3272 501 3325 ἐπὶ
543 3271 605 3324 τὸ
654 3273 978 3342 κατηγορεῖν
1022 3271 1131 3323 τῶν
1180 3270 1465 3341 πράξεων,
1520 3270 1692 3341 ἢτῶν

105 3366 460 3440 γεγραφότων
485 3364 799 3435 ἐχώρησαν,
846 3364 1225 3435 εὐδοκιμήσειν
1253 3365 1311 3417 ἐν
1339 3363 1513 3434 τούτῳ
1540 3365 1693 3435 νομί-

106 3465 310 3527 ζοντες.
376 3459 550 3522 Ὀλως
575 3457 633 3512 δὲ
663 3457 724 3509 τὺ
778 3456 996 3512 πάντων
1049 3456 1435 3510 ἐναντιώτατον
1482 3457 1693 3529 ἱστορίᾳ

107 3554 442 3626 πράττοντες
476 3548 810 3603 διατελοῦσι·
846 3546 947 3618 τῆς
994 3548 1093 3618 μὲν
1138 3546 1248 3619 γὰρ
1292 3546 1528 3618 ἀληθοῦς
1574 3548 1691 3599 ἐστι

106 3647 408 3718 τεκμήριον
440 3642 712 3714 ἱστορίας,
755 3642 805 3693 εί
839 3640 968 3711 περὶ
996 3639 1106 3693 τῶν
1135 3638 1317 3693 αὐτῶν
1350 3640 1589 3703 ἆπαντες
1622 3640 1691 3694 τὰ

110 3740 250 3796 αὑτά
299 3738 397 3793 καὶ
446 3736 657 3805 λέγοιεν
688 3733 782 3788 καλ⁸
811 3732 1108 3806 γράφοιεν·
1148 3734 1197 3785 oi
1249 3732 1342 3795 δὲ,
1394 3733 1443 3785 εί
1496 3732 1571 3804 μὴ
1620 3731 1692 3786 τὰ

110 3832 250 3907 «ﬁci
301 3828 574 3903 γράψειαν
629 3827 838 3898 ἑτέροις
865 3867 881 3892 ,
943 3823 1115 3888 οὕτως
1173 3822 1485 3895 ἐνομίζοντο
1536 3825 1690 3879 αὐτοὶ

110 3920 395 3991 φαίνεσθαι
450 3918 667 3973 πάντων
724 3915 1096 3989 ἀληθέστατοι.
1156 3933 1176 3968 ι
1241 3913 1491 3970 Τοσαῦτα
1522 3915 1618 3969 καὶ
1660 3915 1691 3967 ὁ

117 4015 397 4085 Ἰώσηπος.
453 4010 622 4079 Εῖηδ’
670 4008 736 4063 ἂν
782 4008 889 4062 τῶν
917 4006 1224 4079 εἰρημένων
1277 4007 1691 4078 ἐπισφράγισμα

105 4107 200 4163 καὶ
226 4108 263 4179 ἡ
296 4104 564 4176 Διοδώρου
608 4101 880 4175 μαρτυρία
906 4141 920 4165 ,
977 4100 1046 4171 ἢν
1080 4099 1189 4152 ἀπὸ
1220 4097 1311 4151 τοῦ
1326 4090 1560 4169 ίπρώτου
1589 4100 1691 4171 τῆς

108 4197 471 4270 συναχθείσης
492 4194 639 4265 αὐτῷ
660 4192 1053 4262 Βιϐλιοθήκης
1082 4191 1493 4264 παραθήσομαι,
1518 4191 1691 4269 οὕτως

104 4293 336 4363 ἔχουσαν
370 4288 508 4360 πρὸς
540 4286 705 4351 λέξιν.

1796 1717 2017 1786 impune
2039 1715 2357 1773 mentiendi.
2386 1712 2497 1770 Nec
2525 1716 2671 1770 enim
2698 1716 2905 1785 reliqua
2931 1715 3196 1769 duntaxat
3222 1713 3374 1769 Grae-

1794 1824 1986 1865 corum
2016 1809 2167 1863 natio
2188 1807 2331 1863 hanc
2358 1807 2667 1863 tabularum
2692 1808 3152 1864 conﬁciendarum
3181 1822 3371 1863 curam

1789 1899 1979 1969 jacere
2001 1900 2252 1967 permisit
2279 1917 2292 1953 :
2331 1899 2425 1953 sed
2461 1916 2526 1954 ne
2551 1900 2695 1971 apud
2725 1900 3086 1955 Athenienses
3115 1900 3332 1968 quidem
3352 1940 3370 1965 ,

1795 2008 1934 2063 quos
1969 2003 2146 2046 tamen
2181 2002 2235 2047 et
2259 1993 2563 2063 indigenas,
2604 2003 2658 2047 et
2682 1992 3096 2062 disciplinarum
3128 1992 3373 2060 apprime

1795 2084 2073 2140 studiosos
2101 2098 2223 2137 esse
2267 2082 2469 2144 ferunt.
2516 2082 2812 2152 quidquam
2855 2082 3124 2152 ejusmodi
3167 2081 3368 2136 factum

1794 2173 2035 2245 reperias
2064 2192 2076 2227 :
2111 2188 2236 2228 cum
2266 2189 2296 2228 e
2340 2172 2573 2242 publicis
2601 2172 2820 2242 quidem
2852 2172 3070 2235 litteris,
3102 2172 3372 2240 antiquis—

1795 2268 1968 2323 sitnas
1997 2267 2142 2336 leges
2175 2282 2270 2322 eas
2308 2265 2477 2323 fuisse
2502 2266 2739 2331 tradant,
2771 2280 2910 2334 quas
2939 2265 3072 2335 ipsis
3104 2264 3279 2320 Draco
3303 2264 3371 2320 de

1795 2357 1939 2413 caede
1968 2357 2109 2419 tulit,
2146 2356 2311 2412 homo
2337 2357 2430 2427 qui
2491 2356 2711 2411 nonnisi
2742 2356 2904 2425 paulo
2943 2363 3067 2410 ante
3101 2354 3371 2410 Pisistrati

1796 2450 2141 2521 tyrannidem
2172 2450 2351 2505 lucem
2384 2458 2688 2519 aspexerat.
2719 2446 2854 2502 Nam
2884 2448 3156 2503 Arcadum
3185 2447 3374 2501 memi-

1796 2542 1943 2596 nisse
1987 2541 2118 2611 quid
2165 2542 2377 2606 attinet,
2410 2541 2501 2608 qui
2532 2556 2656 2595 cum
2688 2540 2755 2594 de
2784 2553 2883 2594 sua
2908 2547 3190 2607 tantopere
3216 2546 3372 2592 vctu-

1796 2641 1939 2687 state
1966 2633 2290 2703 glorientur,
2323 2632 2413 2685 vix
2452 2640 2631 2685 tamen
2659 2631 2819 2684 etiam
2850 2638 2973 2700 post
3000 2630 3089 2684 illa
3124 2638 3371 2699 tempora

1793 2724 2099 2780 litterarum
2165 2724 2450 2779 informari
2515 2723 2828 2793 cognitione
2895 2721 3228 2790 coeperunt?
3290 2722 3370 2776 ita

1793 2817 1975 2886 plane,
2002 2832 2125 2871 cum
2150 2818 2411 2871 vetustior
2437 2815 2867 2870 commentarius
2896 2813 3080 2867 nullus
3107 2820 3369 2876 exstaret,

1794 2908 1889 2977 qui
1942 2907 2025 2960 vel
2072 2908 2268 2961 docere
2300 2903 2544 2959 discendi
2594 2903 2862 2972 cupidos,
2911 2900 2996 2954 vel
3048 2898 3372 2953 mentientes

1792 3014 2019 3070 arguere
2044 3006 2247 3067 posset,
2276 2996 2515 3050 maxima
2542 3004 2625 3050 est
2650 2994 2947 3062 scriptores
2971 2992 3109 3044 inter
3135 2988 3371 3045 excitata

1794 3094 2089 3150 dissensio.
2143 3091 2242 3145 Cui
2294 3099 2351 3145 tu
2399 3105 2579 3145 causae
2627 3089 2856 3143 alteram
2908 3087 3048 3140 hanc
3102 3084 3370 3154 adjungas

1793 3188 1941 3243 licet.
1984 3186 2088 3252 Qui
2118 3185 2262 3239 enim
2290 3184 2358 3239 ad
2399 3183 2745 3239 scribendum
2779 3196 2899 3235 sese
2932 3178 3300 3243 contulerunt,
3331 3176 3367 3231 ii

1794 3294 1903 3333 non
1949 3277 2193 3332 veritatis
2239 3277 2425 3345 utique
2464 3275 2648 3331 studio
2684 3273 3040 3334 ducebantur,
3068 3271 3217 3329 .licet
3267 3270 3369 3325 hoc

1792 3371 2037 3441 profiteri
2086 3370 2331 3426 solemne
2359 3368 2564 3439 passim
2622 3365 2878 3421 omnibus
2937 3362 3368 3429 tralatitiumque

1791 3463 1864 3519 sit
1889 3480 1902 3515 :
1933 3462 2027 3517 sed
2066 3461 2176 3515 vim
2206 3459 2472 3514 orationis
2497 3472 2660 3512 unam
2691 3454 3072 3518 ostendebant,
3102 3460 3266 3521 atque
3291 3451 3365 3506 ita

1789 3567 1899 3620 quo
1913 3567 1974 3607 se
1989 3550 2222 3621 quisque
2238 3565 2434 3620 genere
2451 3549 2587 3604 alios
2603 3555 2984 3617 superaturum
2997 3558 3119 3598 esse
3132 3542 3368 3597 maxime

1791 3643 2120 3708 conﬁdebat,
2155 3643 2210 3697 in
2248 3658 2314 3697 eo
2366 3642 2683 3697 elaborabat
2725 3638 3042 3712 plurimum.
3087 3634 3228 3704 Ergo
3272 3632 3366 3687 alii

1791 3736 2006 3791 fabulas
2055 3744 2272 3799 texere,
2306 3734 2397 3787 alii
2439 3734 2721 3788 civitatum
2755 3738 2849 3784 aut
2880 3742 3068 3795 regum
3125 3726 3364 3781 benevo-

1790 3828 2013 3884 lentiam
2062 3836 2118 3882 et
2160 3825 2388 3897 gratiam
2438 3822 2846 3878 laudationibus
2888 3818 3157 3874 eblandiri
3185 3831 3367 3885 coepe-

1790 3929 1958 3976 runt:
2006 3918 2255 3973 nonnulli
2304 3932 2392 3973 res
2426 3917 2606 3987 ipsas,
2663 3923 2756 3969 aut
2803 3913 3020 3967 illarum
3072 3910 3366 3979 scriptorcs

1790 4025 2014 4080 carpere
2044 4024 2107 4064 ac
2141 4010 2452 4077 vituperare
2486 4006 2836 4067 maluerunt,
2872 4004 3018 4072 quod
3061 4001 3115 4054 in
3145 4015 3211 4053 eo
3245 4013 3366 4053 sese

1789 4100 2005 4157 facilius
2027 4101 2292 4156 excellere
2317 4114 2478 4169 posse
2503 4105 2802 4168 sperarent.
2831 4094 3099 4149 Caeterum
3124 4091 3213 4146 isti
3238 4105 3365 4145 cum

1790 4193 2035 4248 historia:
2081 4193 2290 4263 legibus
2341 4191 2566 4245 omnino
2612 4195 2873 4259 pugnant.
2910 4184 3049 4241 Cum
3104 4184 3250 4238 enim
3298 4197 3365 4237 eo

1788 4283 2131 4353 potissimum
2150 4289 2469 4351 argumento
2486 4278 2725 4334 historiae
2746 4277 2945 4332 veritas
2960 4273 3363 4345 comprobetur,

105 4388 149 4438 si
194 4386 261 4439 de
288 4383 455 4437 rebus
506 4378 699 4434 iisdem
744 4375 933 4433 eadem
983 4390 1174 4431 omnes
1219 4373 1572 4445 pronuntient
1622 4390 1686 4430 ac
1722 4375 2009 4442 scribant;
2064 4376 2136 4430 ita
2200 4388 2323 4429 sese
2410 4372 2625 4428 demum
2674 4370 2764 4424 isti
2817 4368 3053 4423 maxime
3126 4365 3365 4435 reliquos

103 4492 294 4532 omnes
324 4471 879 4540 veritatisopinione
926 4481 1281 4539 superaturos
1312 4476 1619 4538 putarunt,
1676 4468 1795 4524 siab
1859 4469 2086 4538 reliquis
2150 4467 2388 4522 maxime
2436 4462 2788 4520 dissiderent.
2825 4480 2846 4513 ι
2896 4458 3168 4514 Hactenus
3200 4459 3365 4512 etiam

106 4579 396 4638 Jesepnus.
441 4562 604 4635 480
639 4562 884 4629 Quorum
918 4563 1169 4617 omnium
1207 4561 1481 4631 quoddam
1525 4562 1683 4631 quasi
1716 4562 1955 4633 sigillum
1989 4571 2109 4617 esto
2140 4561 2356 4616 Diodori
2420 4555 2816 4616 testimonium,
2861 4553 3007 4623 quod
3074 4567 3139 4607 ex
3187 4550 3367 4621 primo

104 4661 351 4717 conﬂatm
374 4658 446 4713 ab
471 4671 536 4713 eo
556 4655 898 4711 Bibliotheca:
924 4653 1285 4726 proferemus.
1320 4654 1411 4709 Sic
1438 4653 1582 4708 enim
1627 4655 1695 4710 ad
1732 4657 1957 4711 verbum
1999 4655 2181 4711 habet.

635 4818 1025 4873 ΚΕΦΑΛΑΙΟΝ
1072 4820 1117 4871 Η
1130 4826 1163 4870 ’.

237 4917 372 4971 Ἔτι
394 4913 528 4982 περὶ
561 4913 666 4967 τοῦ
693 4909 880 4965 αὐτοῦ
898 4951 912 4974 ,
940 4911 1059 4965 ἀπὸ
1087 4910 1206 4963 τῶν
1235 4909 1545 4979 Διοδώρου.

180 5027 198 5061 ι
217 5008 439 5063 Τούτων
463 5006 507 5059 δ’
532 5008 660 5077 ἡμῖν
687 5004 797 5073 (45)
827 5003 1288 5074 διευκρινημένων
1308 5042 1322 5067 ,
1360 5003 1549 5075 ῥητέον
1572 5004 1684 5065 ὅσοι

104 5101 211 5153 τῶν
255 5100 387 5172 παρ’
440 5097 664 5169 Ἕλλησι
721 5093 1120 5166 δεδοξασμένων
1177 5094 1271 5147 ἐπὶ
1328 5095 1537 5147 συνέσει
1592 5094 1686 5145 καὶ

104 5193 326 5263 παιδείᾳ
373 5189 683 5262 παρέϐαλον
732 5189 814 5251 εἰς
864 5186 1136 5254 Αἴγυπτον
1179 5187 1236 5238 ἐν
1286 5188 1398 5249 τοῖς
1439 5184 1686 5256 ἀρχαίοις

103 5289 316 5359 χρόνοις
336 5327 351 5351 ,
390 5287 477 5340 ἶνα
514 5284 620 5337 τῶν
651 5282 883 5337 ἐνταῦθα
915 5281 1162 5352 νομίμων
1190 5281 1283 5333 καὶ
1313 5279 1558 5342 παιδείας
1592 5296 1687 5349 με-

105 5382 400 5451 τάσχωσιν.
467 5379 529 5431 Oi
566 5376 675 5448 γὰρ
710 5378 873 5447 ἱερεῖς
911 5374 1019 5427 τῶν
1047 5372 1357 5441 Αἰγυπτίων
1386 5370 1686 5442 ἱστοροῦσιν

105 5475 169 5523 ἐκ
198 5471 309 5524 τῶν
334 5468 669 5541 ἀναγραφῶν
700 5468 808 5521 τῶν
848 5470 904 5519 ἐν
933 5468 1052 5527 ταῖς
1081 5466 1250 5535 ἱεραῖς
1284 5462 1483 5533 βίϐλοις
1507 5478 1683 5532 παρα-

104 5563 289 5617 ϐαλεῖν
332 5562 470 5634 πρὸς
494 5562 718 5624 ἑαυτοὺς
760 5559 960 5632 Ὀρφέα
988 5575 1047 5611 τε
1096 5557 1189 5610 καὶ
1236 5557 1536 5621 Μουσαῖον,
1589 5556 1682 5608 καὶ¹

105 5697 289 5822 ΒΨ)
306 5694 776 5778 ,Ἐξετασθῆναα
806 5691 1198 5763 Corrigendum
1222 5706 1286 5746 ex
1310 5688 1545 5759 Josepho
1569 5698 1679 5745 est:

138 5788 167 5822 ξ
240 5784 391 5822 mna.

138 5784 169 5834 ξ
198 5784 391 5839 αρχης·

1719 4825 1766 4883 D

2386 4801 2612 4860 CAPUT
2645 4799 2774 4854 Vill.

2040 4899 2125 4954 Ea:
2160 4898 2388 4953 Diodoro
2416 4898 2468 4950 in
2490 4895 2726 4949 eamdem
2753 4890 3083 4946 sententiam.

1870 5015 1888 5048 ι
1920 4994 2036 5061 liis,
2069 4992 2266 5062 inquit,
2298 5006 2327 5045 a
2357 4990 2512 5045 nobis
2528 4987 2810 5057 diligenter
2829 4982 3145 5046 enueleatis,
3180 4989 3364 5035 osten-

1791 5088 2030 5144 dendum
2066 5085 2224 5140 nobis
2250 5095 2352 5148 est,
2383 5097 2546 5153 quam
2578 5078 2733 5133 multi
2767 5076 3078 5131 Graecorum
3122 5088 3232 5127 non
3261 5073 3365 5132 mi—

1794 5195 1898 5234 nus
1949 5175 2277 5248 prudentia,
2332 5189 2496 5244 quain
2548 5169 2853 5225 eruditione
2914 5173 3253 5235 praestantes,
3306 5163 3362 5216 in

1792 5271 2085 5342 Egyptum
2117 5268 2247 5323 olim
2287 5265 2513 5335 profecti
2543 5265 2673 5329 sint,
2711 5270 2768 5313 ut
2796 5260 2916 5330 ejus
2955 5257 3139 5327 p0puli
3180 5270 3361 5309 mures

1789 5364 2161 5431 doctrinaeque
2189 5375 2360 5431 genus
2393 5362 2803 5427 cognoscerent.
2837 5351 3125 5405 Enimvero
3174 5362 3361 5401 sacer-l

1790 5458 1943 5511 dotes
1984 5453 2220 5524 IEgyptii
2269 5463 2552 5506 sacrorum
2584 5448 2844 5501 librorum
2880 5440 3201 5496 auctoritate
3230 5453 3363 5491 con.

1790 5551 2031 5609 firmant,
2087 5546 2151 5600 ad
2189 5560 2320 5599 suos
2368 5542 2645 5611 Orpheum
2697 5536 3010 5607 aliquando,
3050 5530 3310 5586 Musarum
3342 5568 3363 5601 ,γ

1863 5684 1974 5751 (45)
2013 5682 2241 5735 Τούτων
2268 5680 2319 5732 δ’
2352 5677 2521 5751 ἡμῖνἒ
2540 5674 2757 5751 Diodo_ri
2791 5673 2943 5729 locus
2985 5677 3071 5726 est
3094 5685 3163 5726 ex
3210 5668 3305 5725 lib.

1788 5744 2200 5823 Biblio'tlt.,pag.
2225 5750 2315 5818 86,
2331 5744 2457 5807 edit.
2483 5744 2823 5804 Graeco—Lat.
