3842 6226
439 298 542 357 799
1073 296 1349 353 EUSEBII
1386 296 1866 354 CIESARiENSiS
1900 295 2049 353 OPP.
2094 292 2273 350 PARS
2310 293 2373 348 11.
2409 324 2478 334 -
2519 290 3019 348 APOLOGETICA.
3588 292 3690 346 800

440 414 853 486 Melampodem,
887 427 949 467 ac
980 410 1290 476 Daedalum,
1338 426 1551 466 necnon
1605 421 1659 467 et
1718 413 2011 468 Homerum

2125 409 2484 480 Μελάμποδα,
2515 408 2609 461 καὶ
2642 405 2897 460 Δαίδαλον
2915 447 2930 471 ,
2963 404 3098 475 πρὸς
3126 404 3183 458 δὲ
3210 403 3420 468 τούτοις
3452 403 3692 476 Ὅμηρόν

441 517 680 578 poetam,
712 505 1015 577 Lycurgum
1046 501 1399 571 Spartiatem,
1433 502 1687 557 Solonem
1716 505 2012 557 Atheuien-

2125 519 2172 555 re
2217 502 2307 554 τὸν
2368 500 2633 572 ποιητὴν,
2701 501 2794 553 καὶ
2838 498 3152 569 Λυκοῦργον
3182 496 3273 550 τὸν
3315 497 3689 569 Σπαρτιάτην·

441 613 580 665 sem,
610 597 892 651 Platonem
916 594 1328 664 philosophum,
1356 593 1716 665 Pythagoram
1743 595 2010 659 Samium,

2125 593 2193 645 ἔτι
2247 592 2299 645 δὲ
2347 592 2563 644 Σόλωνα
2609 590 2702 643 τὸν
2763 580 3044 659 ’Ἀθηναῖον
3068 629 3082 652 ,
3138 589 3232 641 καὶ
3290 587 3554 663 Πλάτωνα
3604 589 3696 642 τὸν

444 690 725 744 Eudoxum
751 687 1198 742 mathematicum
1222 729 1235 753 ,
1274 686 1640 743 Democritum
1676 689 2013 757 Abderitam,

2125 682 2424 753 φιλόσοφον.
2501 680 2706 734 Ἐλθεῖν
2733 681 2789 734 δὲ
2834 682 2928 734 καὶ
2975 678 3296 750 Πυθαγόραν
3340 679 3431 733 τὸν
3472 680 3695 751 Σάμιον,

2116 776 2211 830 καὶ
2235 775 2325 829 τὸν
2351 775 2732 846 μαθηματικὸν
2755 774 2981 840 Εὔδοξον
3005 772 3125 837 ,ἔτι
3168 772 3222 826 δὲ
3243 773 3338 826 καὶ
3358 773 3697 844 Δημόκριτον

2114 869 2208 921 τὸν
2253 867 2611 939 Ἀϐδηρίτην,
2665 866 2759 920 καὶ
2807 864 3090 935 Οἰνοπίδην
3117 864 3210 918 τὸν
3251 865 3399 918 Χῖον.
3473 864 3699 918 Πάντων

2115 960 2173 1013 δὲ
2212 959 2421 1012 τούτων
2463 960 2665 1029 σημεῖα
2696 956 3034 1021 δεικνύουσι,
3083 956 3191 1010 τῶν
3244 959 3340 1027 μὲν
3365 997 3380 1022 ,
3448 958 3697 1023 εἰκόνας,

2113 1051 2224 1103 τῶν
2251 1049 2307 1102 δὲ
2337 1049 2518 1101 τόπων
2563 1048 2596 1118 ἢ
2649 1048 3191 1120 κατασκευασμάτων
3237 1046 3345 1119 (46)
3374 1047 3699 1120 ὁμωνύμους

2116 1139 2507 1212 προσηγορίας.
2579 1140 2683 1192 Ἕκ
2712 1154 2772 1191 τε
2804 1139 2902 1211 τῆς
2947 1139 3162 1208 ἑκάστῳ
3204 1136 3540 1211 ζηλωθείσης
3570 1156 3700 1192 παι-

2113 1234 2261 1296 δείας
2296 1230 2597 1298 ἀποδείξεις
2637 1232 2903 1303 φέρουσι,
2946 1232 3290 1294 συνιστάντες
3327 1230 3386 1296 ἐξ
3418 1230 3701 1299 Αἰγύπτου

2119 1324 2527 1398 μετενηνοχέναι
2573 1324 2752 1377 πάντα
2777 1363 2792 1385 ,
2851 1322 2918 1375 δι’
2968 1316 3043 1376 ὧν
3094 1323 3248 1394 παρά
3293 1326 3408 1386 τοῖς
3438 1322 3701 1394 Ἕλλησιν

2115 1415 2556 1487 ἐθαυμάσθησαν.
2638 1416 2839 1487 Ὀρφέα
2881 1416 2978 1487 μὲν
3015 1414 3126 1487 γὰρ
3157 1415 3265 1470 τῶν
3300 1415 3576 1486 μυστικῶν
3607 1433 3703 1469 τε·

2114 1505 2283 1559 λετῶν
2336 1504 2405 1558 τὰ
2439 1503 2664 1558 πλεῖστα
2686 1544 2701 1569 ,
2758 1506 2853 1558 καὶ
2877 1504 2948 1558 τά
2983 1505 3111 1576 περὶ
3141 1506 3240 1576 τὴν
3264 1505 3456 1560 ἑαυτοῦ
3488 1505 3705 1577 πλάνην

2117 1598 2228 1670 (47)
2266 1598 2652 1670 ὀργιαζόμενα,
2683 1599 2779 1651 καὶ
2818 1597 2915 1666 τὴν
2953 1597 3060 1652 τῶν
3088 1599 3145 1651 ἐν
3184 1597 3312 1669 ᾆδου
3351 1597 3701 1675 μυθοποιίαν,

441 1701 807 1766 celebrantur,
844 1717 907 1756 ac
937 1710 1105 1757 totam
1147 1702 1294 1755 illam
1337 1701 1636 1756 inferorum
1673 1699 1912 1754 fabulam
1946 1700 2015 1754 ab

2125 1691 2245 1761 παρ’
2260 1689 2573 1760 Αἰγυπτίων
2596 1690 3022 1758 ἀπενέγκασθαι.
3052 1690 3165 1761 Τὴν
3189 1690 3287 1760 μὲν
3304 1689 3411 1760 γὰρ
3437 1689 3705 1762 Ὀσίριδος

442 1791 715 1865 Egyptiis
762 1763 1060 1849 derivasse.
1117 1792 1254 1847 Nam
1310 1802 1364 1848 et
1411 1793 1642 1848 Osiridis
1699 1793 2009 1863 religiones,

2125 1781 2336 1853 τελετὴν
2358 1784 2422 1853 τῇ
2451 1781 2703 1835 Διονύσου
2723 1781 2821 1852 τὴν
2853 1780 3022 1852 αὐτὴν
3042 1780 3181 1834 εἶναι
3199 1796 3214 1811 ο
3240 1781 3339 1852 τὴν
3359 1780 3415 1834 δὲ
3438 1780 3539 1852 τῆς
3565 1782 3706 1834 Ἰσι-

441 1885 564 1940 illas
612 1886 759 1955 ipsas
791 1901 932 1948 esse,
977 1901 1115 1955 quas
1166 1884 1378 1939 Baccho
1428 1884 1698 1948 attribuit,
1752 1893 1808 1938 et
1844 1882 2014 1939 ‘lsidis

2125 1874 2203 1938 5ος
2231 1877 2299 1946 τῇ
2322 1875 2423 1945 τῆς
2453 1876 2742 1946 Δήμητρος
2767 1873 3108 1943 ὁμοιωτάτην
3134 1873 3400 1945 ὑπάρχειν
3422 1915 3437 1939 ,
3461 1872 3571 1926 τῶν
3589 1874 3705 1927 ὀνο-

442 1980 584 2033 iuter
624 1978 951 2045 Cererisque
999 1977 1208 2030 cultum
1262 1976 1576 2031 aﬂinitatem
1626 1990 1747 2031 esse
1800 1990 2015 2045 permao

2125 1965 2302 2034 μάτων
2338 1964 2513 2035 μόνων
2546 1963 2958 2034 ἐνηλλαγμένων
2976 1980 2990 1994 ·
3022 1963 3123 2027 τὰς
3153 1963 3211 2017 δὲ
3240 1962 3452 2017 ἀσεϐῶν
3478 1966 3538 2017 ὲν
3576 1963 3709 2034 ᾅδου

442 2086 625 2141 gnam,
652 2071 896 2140 adeoque
930 2071 1103 2126 solam
1139 2068 1421 2124 nominum
1455 2069 1810 2124 mutationem
1847 2067 2016 2122 inter-

2125 2057 2388 2129 τιμωρίας
2405 2098 2419 2122 ,
2452 2058 2692 2120 καὶτοὺς
2720 2056 2828 2110 τῶν
2855 2055 3101 2110 εὐσεϐῶν·
3129 2055 3398 2126 λειμῶνας
3422 2097 3437 2121 ,
3477 2057 3573 2110 καὶ
3608 2056 3708 2121 τὰς

443 2179 586 2218 esse.
618 2161 773 2228 Quod
813 2170 991 2215 autem
1037 2171 1090 2215 et
1134 2162 1428 2231 impiorum
1460 2160 1600 2230 apud
1631 2157 1834 2212 inferos
1882 2172 2014 2227 ευρ-

2125 2148 2270 2220 παρὰ
2291 2151 2402 2211 τοῖς
2421 2147 2635 2211 πολλοῖς
2653 2146 3019 2211 εἰδωλοποιίας
3047 2146 3543 2218 ἀναπεπλασμένας
3567 2164 3705 2218 παρ-

442 2252 627 2325 plicia,
675 2261 731 2306 et
776 2263 929 2322 prata
984 2252 1198 2321 piorum
1247 2250 1654 2315 ammnissima,
1701 2258 1755 2303 et
1798 2248 2017 2303 ﬁctitias

2125 2241 2433 2307 εισαγαγεῖν
2449 2278 2464 2302 ,
2487 2239 2868 2309 μιμησάμενον
2884 2238 2953 2292 τὰ
2972 2240 3101 2310 περί⁸
3121 2238 3219 2303 τὰς
3232 2238 3411 2307 ταφὰς
3444 2239 3545 2303 τὰς
3583 2242 3709 2294 κατ’

443 2344 568 2400 illas
602 2344 918 2415 passimque
966 2344 1215 2413 vulgatus
1267 2351 1607 2397 mortuorum
1657 2340 1881 2395 umbras
1933 2339 2018 2393 in-

2125 2330 2414 2398 Αίγυπτον.
2474 2329 2578 2384 Τὸν
2610 2330 2708 2401 μὲν
2733 2331 2842 2403 γὰρ
2869 2330 3233 2402 ψυχοπομπὸν
3267 2330 3472 2403 Ἑρμῆν
3492 2370 3508 2394 ,
3564 2332 3711 2384 κατά

443 2437 690 2502 vexerit,
750 2436 803 2492 in
856 2436 924 2491 iis
981 2436 1234 2491 omnibus
1286 2436 1558 2491 solemnes
1617 2433 1670 2491 in
1731 2432 2014 2489 funeribus

2125 2423 2182 2477 τὸ
2203 2422 2431 2476 παλαιὸν
2457 2423 2686 2494 νόμιμον
2717 2426 2845 2496 παρ’
2867 2423 3181 2493 Αἰγυπτίοις
3200 2463 3214 2487 ,
3247 2424 3592 2493 ἀναγαγόντα
3614 2424 3713 2478 τοῦ

445 2527 825 2600 Egyptiorum
852 2528 992 2585 ritus
1025 2528 1295 2582 imitatum
1336 2526 1524 2581 fuisse.
1549 2523 1685 2579 Nam
1714 2524 1883 2580 veteri
1913 2521 2013 2578 1E-

2125 2513 2347 2576 Ἀπιδος
2369 2511 2429 2565 τὺ
2460 2512 2620 2583 σῶμα
2652 2512 2812 2584 μέχρι
2831 2513 2975 2578 τινὸς
2997 2555 3012 2581 ,
3060 2513 3411 2584 παραδιδόναι
3438 2513 3519 2584 τῷ
3544 2531 3712 2586 περι-

443 2621 753 2692 gyptiorum
802 2619 1076 2681 instituto,
1114 2617 1442 2673 Mercurium
1496 2617 1647 2673 illum
1681 2614 2015 2671 deducendis

2125 2605 2355 2676 κειμένῳ
2393 2603 2491 2676 τὴν
2525 2602 2620 2657 τοῦ
2655 2604 2934 2676 Κερϐέρου
2975 2605 3296 2677 περιτομήν.
3349 2603 3455 2657 Τοῦ
3495 2605 3554 2660 δὲ
3589 2607 3702 2677 Ὀρε

443 2709 730 2763 animabus
755 2708 1129 2778 praepositum,
1153 2707 1342 2777 Apidis
1365 2705 1685 2776 corpus,ubi
1708 2705 1777 2760 ad
1806 2711 2015 2759 certum

2125 2696 2264 2767 φέως
2299 2695 2458 2751 τοῦτο
2494 2696 2909 2762 καταδείξαντος
2948 2696 3102 2769 παρὰ
3137 2701 3250 2762 τοῖς
3292 2697 3516 2769 Ἕλλησι
3544 2739 3561 2764 ,
3618 2698 3715 2752 τδν

443 2812 621 2869 usque
670 2798 851 2853 locum
884 2797 1220 2869 perduxerit,
1272 2804 1388 2850 tum
1439 2795 1625 2850 nescio
1671 2793 1758 2849 cui
1807 2791 2018 2847 dimidii

2125 2790 2370 2861 ’Όμηρον
2424 2787 2732 2852 ἀκολούθως
2760 2791 2935 2859 τούτῳ
2970 2788 3140 2843 θεῖναι
3166 2788 3307 2843 κατὰ
3333 2790 3434 2861 τὴν
3461 2790 3711 2860 ποίησιν

443 2889 666 2946 Cerberi
692 2891 901 2945 larvam
933 2889 1125 2944 induto
1160 2889 1375 2943 tradere
1403 2888 1648 2943 solitum.
1684 2885 1742 2940 Id
1777 2884 2026 2956 Orpheus
2063 2897 2187 2938 cum
2224 2880 2430 2939 Graecis
2496 2880 2813 2936 hominibus
2882 2880 3196 2948 indicasset,
3245 2879 3543 2937 Homerum
3587 2882 3713 2953 ejus

442 2982 640 3037 deinde
688 2990 938 3036 secutum
990 2981 1236 3050 vestigia,
1283 2982 1399 3037 suis
1436 2981 1510 3036 ita
1570 2980 1816 3035 versibus
1866 2976 2166 3033 inseruisse
2206 2990 2221 3028 :

442 3073 605 3147 48],
640 3072 975 3147 Remumque
1013 3073 1221 3147 animus
1253 3071 1527 3142 Cyllenius
1556 3079 1734 3127 evocat
1765 3069 2018 3136 Hermes;

2136 3063 2347 3147 Ἑρμῆς
2369 3064 2668 3147 deum:de
2694 3062 3037 3147 {Elin-ir,th
3064 3063 3406 3147 ὲξεκατῖεῒτο

530 3133 738 3213 Vi—rgam
762 3133 950 3196 dextra
986 3143 1140 3212 gerit.
1186 3161 1206 3194 ι
1298 3133 1321 3142 ⁷
2000 3133 2009 3136 ⁷

2136 3133 2389 3205 Ἆκδρῶν
2417 3133 2625 3204 ἡρώων
2644 3151 2657 3166 ο
2684 3135 2788 3203 ἔχε
2799 3133 2867 3186 δὲ
2873 3133 3100 3202 ῥάϐδον
3122 3135 3273 3204 μετὰ
3293 3134 3506 3204 χερσίν
3531 3133 3709 3206 (48).»

2123 3246 2263 3305 Εἶτα
2310 3248 2471 3304 πάλιν
2514 3248 2720 3320 προϐὰς
2765 3247 3037 3316 ὲπιλέγειυ
3085 3266 3106 3301 ι
3142 3246 3479 3318 Μελάμποδα
3512 3246 3629 3318 (49)
3653 3246 3713 3302 δέ

2124 3357 2257 3412 φασι
2299 3343 2643 3413 μετενεγκεῖν
2682 3340 2741 3407 ἐξ
2785 3340 3061 3410 Αἰγύπτου
3118 3340 3185 3394 τὰ
3216 3339 3455 3410 Διονύσῳ
3482 3338 3712 3410 νομιζό-

2127 3452 2265 3507 μενα
2287 3432 2558 3488 τελεῖσθαι
2587 3432 2739 3506 παρὰ
2768 3437 2882 3498 τοῖς
2915 3433 3160 3503 Ἕλλησι,
3189 3433 3283 3487 καὶ
3313 3431 3384 3487 τὰ
3407 3431 3540 3503 περὶ
3564 3432 3714 3504 Κρό-

2123 3544 2217 3581 νου
2255 3524 2714 3599 μυθολογούμενα,
2750 3527 2846 3581 καῖ
2881 3525 2949 3580 τὰ
2979 3526 3106 3598 περὶ
3144 3526 3245 3596 τῆς
3281 3524 3712 3596 Τιτανομαχίας,

2124 3617 2311 3672 καὶτὸ
2342 3617 2559 3671 σύνολον
2587 3616 2686 3688 τὴν
2717 3618 2845 3690 περὶ
2875 3618 2944 3671 τὰ
2972 3617 3119 3689 πάθη
3144 3617 3252 3670 τῶν
3277 3615 3415 3670 θεῶν
3439 3616 3711 3689 ἱστορίαν.

2124 3712 2227 3765 Τὸν
2277 3711 2334 3765 δὲ
2370 3710 2626 3765 Δαίδαλον
2672 3710 2920 3780 λέγουσιν
2970 3708 3421 3783 ἀπομιμήσασθαι
3464 3709 3565 3780 τὴν
3615 3707 3712 3763 τοῦ

2124 3804 2443 3876 λαϐυρίνθου
2486 3804 2713 3875 πλοκὴν,
2757 3802 2849 3857 τοῦ
2893 3803 3234 3874 διαμένοντος
3279 3802 3374 3872 μὲν
3416 3801 3581 3873 μέχρι
3613 3802 3712 3856 τοῦ

2125 3896 2220 3950 νῦν
2251 3893 2466 3968 καιροῦ,
2496 3893 2938 3966 οἰκοδομηθέντος
2978 3894 3054 3959 δὲ,
3095 3893 3172 3958 ὡς
3212 3893 3310 3963 μέν
3338 3893 3484 3956 τινές
3518 3909 3715 3963 φασιν,

2125 3989 2229 4042 ὑπὸ
2263 3989 2558 4059 Μένδητος
2586 3988 2666 4051 ὡς
2703 3987 2746 4039 δ’
2787 3987 2915 4041 ἔνιοι
2953 3987 3223 4055 λέγουσιν,
3256 3985 3359 4038 ὑπὸ
3386 3984 3584 4056 Μάρου
3615 3985 3713 4040 τοῦ

2126 4080 2407 4152 βασιλέως,
2454 4079 2663 4143 πολλοῖς
2702 4078 2845 4131 ἔτεσι
2896 4079 3159 4150 πρότερον
3209 4078 3307 4148 τῆς
3352 4076 3512 4131 Μίνω
3551 4077 3717 4149 βαστ-

2124 4171 2307 4234 λείας’
2357 4171 2448 4224 τόν
2485 4187 2545 4223 τε
2588 4169 2792 4240 ῥυθμὸν
2835 4168 2941 4222 τῶν
2990 4168 3229 4240 ἀρχαίων
3273 4168 3390 4222 κατ’
3429 4169 3712 4238 Αἴγυπτον

451 4248 829 4321 Egyptiorum
865 4250 1039 4321 signis
1071 4253 1370 4307 etiamnum
1432 4268 1716 4323 apparere,
1752 4269 1863 4322 quo
1901 4252 2018 4308 Da:-

2125 4262 2454 4331 ἀνδριάντων
2481 4261 2570 4314 τὸν
2602 4261 2761 4315 αὐτὸν
2798 4256 2935 4314 εἶναι
2971 4262 3083 4323 τοῖς
3116 4260 3219 4312 ὑπὸ
3249 4259 3512 4313 Δαιδάλου
3542 4278 3710 4314 κατα-

452 4342 562 4397 dali
593 4342 734 4412 apud
764 4341 983 4399 Graecos
1021 4353 1213 4399 statuae
1236 4346 1715 4401 commendantur:
1743 4345 2016 4411 eumdem,

2128 4351 2467 4405 σκευασθεῖσι
2525 4351 2676 4423 παρά
2733 4353 2846 4414 τοῖς
2898 4350 3143 4420 Ἕλλησι.
3191 4350 3264 4403 Τὸ
3318 4350 3374 4402 δὲ
3419 4351 3714 4406 κάλλιστον

451 4434 598 4504 quod
634 4435 1098 4504 elegantissimum
1139 4438 1281 4506 apud
1306 4436 1600 4506 Memphim
1622 4435 1851 4491 Vulcani
1883 4446 2017 4491 temw

2125 4446 2393 4517 πρόπυλον
2428 4447 2487 4499 έν
2513 4445 2754 4516 Μέμφιδι
2802 4445 2897 4499 τοῦ
2935 4443 3227 4513 Ἡφαίστου
3260 4443 3521 4497 Δαίδαλον
3550 4445 3712 4515 ἁρχι-

450 4526 527 4595 pli
564 4526 895 4581 vestibulum
951 4528 1259 4583 admirabili
1304 4528 1537 4583 artificio
1582 4529 2017 4594 construxisset,

2125 4538 2460 4608 τεκτονῆσαι,
2491 4537 2585 4591 καὶ
2611 4536 3008 4608 θαυμασθέντα,
3036 4537 3217 4605 τυχεῖν
3250 4533 3457 4598 εἰκόνος
3490 4534 3713 4607 ξυλίνης

450 4617 687 4688 ligneam
714 4618 768 4672 in
793 4618 982 4674 eodem
1015 4620 1215 4689 templo
1252 4628 1488 4674 statuam
1513 4619 1630 4675 suis
1685 4619 1857 4690 ipsius
1906 4635 2018 4674 ma-

2125 4629 2264 4684 κατά
2293 4629 2355 4683 τὸ
2384 4629 2779 4701 προειρημένον
2816 4627 2979 4698 ἱερὸν,
3017 4628 3135 4691 ταῖς
3170 4625 3326 4688 ἰδίαις
3356 4626 3518 4696 χερσὶ
3556 4624 3713 4697 δεδη-

450 4708 615 4763 nibus
635 4707 1006 4775 elaboratam;
1045 4709 1156 4762 imo
1184 4709 1414 4774 divinos
1450 4709 1617 4764 etiam
1660 4709 1920 4776 honores,
1949 4710 2018 4765 ob

2125 4721 2561 4794 μιουργημένηςο
2600 4721 2772 4793 πέρας
2802 4720 2859 4773 δὲ
2897 4719 2984 4773 διὰ
3017 4719 3114 4790 τὴν
3149 4718 3376 4786 εὐφυΐαν
3405 4715 3712 4782 ἀξιωθέντα

449 4799 781 4870 singularem
814 4801 946 4854 artis
971 4801 1367 4866 excellentiam,
1399 4816 1507 4870 qua
1543 4809 1597 4855 et
1632 4816 1888 4871 magnum
1914 4802 2018 4856 sibi

2125 4814 2365 4885 μεγάλης
2413 4813 2569 4886 δόξης
2586 4853 2601 4878 ,
2644 4814 2738 4867 καὶ
2784 4812 2954 4867 πολλά
3001 4810 3434 4884 προσεξευρόντα
3452 4854 3466 4874 ,
3522 4813 3710 4882 τυχεῖν

449 4903 652 4948 nomen
685 4889 1012 4958 confecerat,
1049 4899 1102 4945 et
1131 4905 1270 4945 nova
1307 4892 1568 4962 pleraque
1599 4893 2018 4963 excogitaverat,

2125 4905 2341 4959 ἰσοθέων
2373 4905 2563 4977 τιμῶν.
2598 4905 2755 4959 Κατὰ
2787 4905 2896 4976 γὰρ
2939 4904 3065 4974 μίαν
3112 4901 3220 4956 τῶν
3266 4901 3406 4973 πρὸς
3450 4905 3521 4974 τῇ
3552 4903 3707 4974 Μέμ-

441 791 492 838 et
522 781 861 851 (Enopidam
893 780 1090 835 Chium
1122 782 1441 836 accessisse.
1492 781 1735 848 Quorum
1785 784 1861 837 illi
1894 799 2016 837 mo-

440 882 693 928 numenta
729 873 975 942 quaedam
1006 873 1307 927 etiamnum
1343 883 1750 942 reprtcsentant,
1782 874 2012 929 aliorum

441 966 661 1035 quidem
723 967 1011 1036 imagines,
1041 964 1273 1018 aliorum
1306 979 1455 1034 vero,
1485 967 1682 1034 partim
1722 967 1860 1033 loca,
1895 982 2015 1037 par-

441 1060 535 1113 tim
584 1067 748 1128 opera
777 1059 1026 1129 quaa'dam
1058 1058 1301 1128 ipsorum
1337 1059 1711 1127 cognomentis
1759 1059 2012 1129 insignia.

441 1151 750 1217 Quinetiam
777 1166 844 1205 ex
876 1152 1141 1221 singulari
1168 1152 1434 1221 cujusque
1467 1165 1530 1205 ac
1558 1150 1778 1220 pr0prio
1806 1149 2014 1204 doctri—

441 1260 528 1299 nae
562 1260 758 1314 genere
786 1245 842 1298 id
872 1244 1046 1314 ipsum
1081 1244 1371 1299 manifeste
1416 1244 1697 1313 colligunt,
1732 1243 1859 1297 dum
1895 1230 2011 1307 eos,

441 1336 705 1406 quidquid
755 1345 962 1390 tantum
1005 1337 1138 1406 ipsis
1193 1337 1335 1406 apud
1381 1334 1599 1391 Graecos
1638 1334 2021 1389 admirationis

440 1426 669 1495 peperit,
720 1425 779 1479 id’
823 1434 995 1480 totum
1048 1441 1112 1481 ex
1148 1425 1384 1496 IEgypto
1428 1426 1745 1496 deportasse
1787 1425 2016 1479 demon-

441 1525 638 1572 strant.
671 1517 904 1588 Quippe,
932 1517 1210 1588 Orpheum
1253 1519 1400 1573 enim
1426 1529 1632 1588 partem
1662 1518 2013 1589 mysticorum

443 1623 727 1664 sacrorum
759 1611 1079 1674 maximam,
1111 1625 1342 1680 quaeque
1370 1609 1437 1663 de
1463 1609 1634 1678 ipsius
1657 1624 1839 1663 errore
1864 1608 2015 1680 orgia

445 3254 590 3310 Tum
639 3254 763 3309 aliis
811 3255 1061 3310 eamdem
1132 3255 1188 3310 in
1241 3270 1356 3310 rem
1406 3253 1875 3322 commemoratis,
1943 3254 2020 3310 ita

451 3348 853 3419 prosequitum
871 3346 1262 3418 Melampodem
1276 3362 1494 3418 quoque
1510 3345 1715 3411 ferunt,
1735 3354 1906 3402 statas
1926 3360 2020 3402 so-

450 3437 767 3505 lemnesque
787 3433 1102 3490 Graecorum
1137 3434 1192 3488 in
1216 3435 1388 3491 sacris
1410 3434 1610 3490 Bacchi
1639 3434 2019 3500 ceremonias,

448 3544 575 3584 cum
610 3528 679 3584 iis
703 3543 824 3598 qum
850 3528 937 3583 vel
974 3527 1043 3584 de
1068 3527 1327 3596 Saturno,
1357 3530 1444 3583 vel
1469 3529 1537 3585 de
1563 3528 1860 3585 commisso
1893 3542 2018 3583 cum

447 3616 738 3675 Titanibus
771 3620 1091 3685 certamine,
1124 3620 1209 3675 vel
1240 3621 1468 3675 omnino
1490 3620 1557 3675 de
1587 3620 1873 3675 numinum
1898 3634 2023 3675 suo-

448 3727 573 3767 rum
607 3713 832 3767 casibus
866 3710 1202 3778 fabulantur,
1233 3727 1300 3766 ex
1355 3710 1592 3783 IEgypto
1653 3711 2016 3767 transtulisse.

447 3801 518 3857 At
538 3816 669 3858 vero
690 3801 961 3857 Daedalum
988 3802 1109 3872 ejus
1137 3802 1431 3874 labyrinthi
1458 3802 1719 3857 ﬂexiones
1747 3802 2039 3881 imitatum;

450 3907 593 3958 esse,
616 3892 708 3963 qui
731 3907 762 3946 a
792 3891 1057 3959 Mendete,
1095 3903 1155 3949 ut
1187 3895 1434 3949 nonnulli
1462 3895 1703 3960 tradunt,
1730 3895 1815 3949 vel
1838 3903 1896 3949 ut
1920 3894 2022 3949 ali-

450 3984 500 4039 is
525 3983 721 4054 placet,
750 3999 781 4038 a
819 3984 953 4039 Mari
978 4000 1121 4056 rege,
1162 3987 1348 4041 multis
1370 3996 1662 4056 antequam
1711 3985 1888 4041 Minos
1929 4000 2018 4040 re-

449 4083 641 4150 gnaret
666 4073 847 4137 annis,
878 4073 1197 4139 aedificatus,
1233 4073 1300 4128 ad
1325 4073 1647 4129 hodiernum
1676 4089 1847 4143 usque
1874 4073 2016 4128 diem

448 4163 664 4219 visitur.
690 4163 997 4229 Quinetiam
1028 4164 1168 4219 idem
1197 4164 1330 4219 artis
1365 4164 1645 4234 ingenium
1676 4165 1731 4218 in
1777 4163 2020 4232 antiquis

522 5020 634 5092 (46)
674 5023 876 5096 Τόπων
914 5022 953 5092 ἣ
980 5038 1425 5093 κατασκευασμ.
1462 5027 1736 5096 Interpres
1778 5027 2017 5095 Diodori,

449 5090 753 5164 deSumptas
783 5110 817 5146 a
841 5090 971 5146 locis
1002 5103 1093 5164 aut
1119 5090 1776 5164 operibus'appellali'ones.
1805 5090 2021 5156 Rectius

450 5162 630 5217 visum
657 5172 759 5225 est,
785 5163 1149 5237 portgr'm‘loca,
1172 5165 1375 5237 partim
1409 5162 1565 5234 opera
1591 5169 1851 5237 quadam,
1881 5170 2022 5235 ipso-

451 5248 575 5287 rum
603 5234 945 5311 fognominis
977 5234 1234 5311 _ir_z_signiq.
1266 5234 1737 5311 Quomodocnim
1773 5234 2020 5311 ili—Egy—

449 5311 566 5375 pto,
595 5303 908 5375 Graecorum
940 5303 1385 5373 philosophorum
1427 5307 1813 5375 appellationes
1840 5303 2021 5364 osteu-

452 5373 664 5438 ﬂerent,
692 5389 741 5445 a7
764 5374 898 5428 locis
932 5375 1255 5444 operibusve
1305 5373 1654 5445 desumptas?
1702 5377 1882 5433 Facile
1922 5395 2020 5433 au-

455 5451 582 5507 tem,
608 5444 850 5519 .et_loea
893 5445 1180 5519 quaedam,
1231 5455 1283 5499 et
1329 5444 1513 5514 opera
1544 5448 1787 5516 ipsorum
1819 5464 2020 5519 cogno-

452 5512 653 5583 mentis
707 5512 942 5583 insignia
983 5515 1269 5569 ostendere
1302 5512 1636 5583 potuerunt:
1687 5532 1810 5572 cum
1859 5512 1933 5573 ibi
1968 5527 2022 5573 et

452 5582 644 5648 perdiu
672 5582 871 5637 versati
920 5592 1139 5650 essent,
1184 5596 1237 5638 et
1288 5582 1548 5639 nonnulla
1596 5588 1877 5641 industriae
1909 5604 2021 5642 suae

456 5652 1207 5724 monumenta,reliquissent.
1252 5652 1370 5724 Huc
1414 5663 1593 5719 autem
1622 5659 1855 5724 pertinet
1889 5658 2018 5711 illud

458 5717 766 5789 Strabonis,
785 5722 877 5777 lib.
897 5717 1010 5779 xv'u
1036 5739 1050 5776 :
1090 5725 1238 5776 Ἐκεῖ
1264 5720 1356 5778 οὖν
1383 5724 1471 5787 (de
1494 5717 1729 5787 IEgv'uto
1758 5727 2017 5783 loauiturl

2120 5037 2423 5110 agger;ch
2462 5038 2517 5110 οἱξ
2557 5055 2617 5090 τε
2665 5036 2772 5110 τῶν
2830 5037 3019 5110 ἱερέων
3057 5031 3226 5101 οἶκοι,
3263 5034 3357 5088 καὶ
3392 5036 3707 5101 Πλάτωνος,

2120 5108 2214 5180 καὶ
2226 5107 2470 5180 Ἐὐδόξου
2499 5108 2790 5180 διατριϐαί.

2193 5177 2302 5249 (47)
2354 5177 2482 5249 Τὴν
2535 5173 2758 5249 ἐαὺτοῦν
2807 5175 3070 5249 πλάξ-ην.
3121 5173 3353 5249 Μειιβω
3381 5175 3482 5247 τὴν
3542 5176 3709 5229 αὑτοῦ

2121 5245 2292 5319 πλάνῃ.⁷
2309 5248 2364 5301 Id
2397 5257 2500 5319 est,
2538 5249 2637 5319 τὴν
2670 5246 2960 5319 ὑπ’ῌαὺτού
2994 5245 3387 5319 πεποιημένην.

2193 5317 2303 5387 (48)
2325 5318 2485 5372 Μετὰ
2514 5313 2743 5385 χερσίν.
2772 5316 2905 5371 Post
2927 5317 3043 5387 haec
3066 5313 3254 5387 verba,
3279 5313 3702 5387 sequiturapud

2120 5384 2414 5442 Didddrum
2461 5384 2636 5450 locus,
2662 5396 2723 5440 ut
2750 5388 2803 5440 in
2845 5402 2902 5440 re
2936 5384 3179 5440 fabulosa
3201 5424 3215 5447 ,
3250 5386 3612 5454 perinsignis,
3642 5385 3703 5437 al

2119 5472 2244 5510 eum
2299 5455 2500 5511 fontem
2550 5456 2934 5520 indicandum,
2971 5457 3114 5510 unde
3158 5454 3469 5519 Homerus,
3503 5455 3708 5524 aliique

2120 5527 2374 5650 geinceps
2410 5534 2585 5597 poeta:
2625 5527 2694 5579 τὰ
2737 5526 2873 5598 πρὸς
2915 5525 3013 5597 τὴν
3055 5525 3276 5579 νεκυίαν
3314 5524 3579 5583 hausisse
3628 5524 3703 5577 Vi-

2156 5606 2368 5650 cantur.

2156 5606 2368 5651 cantur.

2194 5666 2306 5736 (49)
2338 5665 2720 5736 λιίελάμποδα.
2762 5664 3004 5731 Diodor.,
3030 5680 3151 5737 pag.
3181 5665 3269 5719 87.
