3842 6226
450 265 559 323 803

1086 266 1354 323 EUSEBil
1394 266 1871 323 CIESARIENSIS
1908 266 2056 321 OPP.
2098 263 2278 320 PARS
2316 264 2379 320 ll.
2421 294 2492 304 —
2536 262 3035 319 APOLOGETICA.

3609 270 3706 325 804

451 399 577 440 cum
641 384 747 438 alia
801 384 1078 454 pleraque,
1135 394 1250 440 tum
1291 387 1425 442 solis
1490 388 1731 443 maxime
1792 403 2018 443 conver-

2127 403 2295 439 σαντα
2324 385 2451 457 παρ’
2475 385 2678 449 αὐτοῖς,
2708 384 2801 437 καὶ
2829 383 3000 437 πολλά
3025 384 3135 438 τῶν
3163 384 3449 457 χρησίμων
3478 386 3560 451 είς
3590 390 3709 452 τοὺς

448 476 665 532 sionem
697 475 972 541 didicisse,
999 484 1166 547 utque
1196 478 1478 548 obliquum
1504 488 1556 533 et
1580 478 1883 535 ﬂexuosum
1906 495 2027 534 cur-

454 583 578 623 sum
606 568 881 634 instituat,
918 584 983 624 ac
1012 578 1161 624 motu
1201 558 1427 640 reliquis
1452 572 1722 628 sideribus
1747 574 2025 629 contrario

450 660 720 729 rapiatur.
748 658 1032 714 Eudoxum
1061 676 1280 730 quoque
1314 670 1437 730 post
1478 670 1730 716 navatam
1768 662 1912 731 apud
1964 677 2025 716 se

448 752 760 822 astrologiae
794 768 1038 821 operam,
1061 753 1209 821 quod
1234 754 1404 807 multa
1427 752 1623 808 deinde
1659 770 1889 809 summa:
1918 754 2026 808 uti-

447 842 615 897 litatis
649 857 714 897 ac
747 842 960 898 fructus
982 858 1105 897 cum
1130 842 1336 898 Graecis
1360 844 1679 899 hominibus
1709 844 2022 899 communi-

446 940 646 995 cassct,
688 932 902 987 laudem
938 933 1042 987 sibi
1075 934 1369 987 maximam
1405 935 1703 1003 peperisse.
1737 933 2023 988 Postremo

412 1075 426 1089 ,
448 1032 724 1093 quotquot
759 1039 790 1077 e
825 1024 1021 1093 priscis
1055 1024 1336 1079 lictoribus
1365 1025 1417 1078 in
1452 1023 1735 1079 hominum
1763 1039 1860 1079 ore
1901 1024 2023 1093 plu-

445 1116 645 1170 rimum
701 1125 756 1170 et
813 1117 1219 1172 existimatione
1278 1118 1476 1172 versati
1524 1127 1673 1181 sunt,
1725 1116 2020 1189 Egyptum

446 1206 821 1276 frequentasse
846 1222 1058 1271 omnes,
1091 1218 1254 1276 atque
1293 1209 1432 1263 inter
1455 1209 1592 1264 alios
1627 1208 1931 1274 Teraclem,
1956 1224 2021 1264 ac

446 1296 818 1362 Theodorum,
861 1300 1024 1353 ambo
1061 1299 1248 1354 Rhmci
1295 1300 1465 1366 ﬁlios,
1501 1301 1595 1369 qui
1654 1300 1853 1355 Samiis
1887 1300 2020 1355 illud

443 1390 711 1461 Apollinis
770 1390 950 1462 Pythii
1006 1384 1360 1446 simulacrum
1420 1391 1782 1461 perfecerunt.
1827 1412 1845 1445 ι
1903 1392 2021 1448 Huc

444 1499 618 1552 usque
645 1482 937 1538 Diodorus.
962 1482 1135 1548 Quam
1179 1484 1313 1538 mihi
1353 1485 1777 1554 disputationem
1802 1524 1817 1547 ,
1850 1500 2017 1555 supe-

444 1575 681 1631 rioribus
696 1575 1027 1630 testimoniis
1060 1575 1274 1629 abunde
1296 1576 1643 1641 illustratam,
1663 1577 1769 1631 hoc
1797 1577 2016 1632 demum

444 1666 565 1722 loco
591 1667 885 1721 terminare
917 1666 1067 1720 libet.
1093 1665 1172 1721 Ac
1195 1667 1449 1721 desinant
1487 1668 1578 1722 isti
1614 1684 1779 1737 porro
1804 1684 1906 1723 nos
1940 1678 2019 1723 te-

445 1759 715 1813 meritatis
761 1774 1013 1829 arguere,
1036 1758 1183 1827 quod
1217 1774 1357 1812 verae
1394 1760 1609 1828 pietatis
1639 1761 1841 1825 studio,
1867 1759 2018 1815 Graa-
2049 1741 2092 1798 Β

443 1850 542 1905 cia:
571 1851 875 1920 sapientum
916 1849 1476 1919 philosophorumque
1504 1852 1757 1906 doctores
1776 1891 1792 1919 ,
1826 1850 2021 1905 barba-

443 1959 558 2008 ros,
594 1943 836 2012 inquam,
865 1944 1006 2007 illos,
1042 1946 1113 2015 (si
1135 1944 1355 1999 barbari
1391 1954 1572 1997 tamen
1610 1942 2017 2014 Hebraeisunt),

443 2035 731 2090 consulere
761 2035 1096 2090 voluerimus
1121 2036 1223 2105 ipsi
1251 2050 1490 2104 quoque.
1528 2034 1795 2104 Deinceps
1816 2034 2017 2106 quibus

445 2128 545 2196 ipsi
590 2127 943 2196 temporibus,
973 2127 1185 2197 Moyses
1213 2139 1364 2198 puta,
1403 2126 1693 2197 caeterique
1723 2136 1848 2196 post
1890 2142 2018 2181 eum

444 2220 722 2288 propheta:
743 2219 1061 2286 claruerint,
1090 2221 1476 2275 excutiendum
1502 2220 1606 2275 erit
1630 2237 1645 2285 ;
1677 2234 1801 2274 cum
1831 2219 1898 2285 is,
1922 2220 2017 2289 qui

442 2312 511 2365 de
541 2311 672 2366 viris
707 2311 845 2366 inter
875 2327 1067 2367 omnes
1103 2313 1431 2368 eruditionis
1464 2327 1528 2366 ac
1553 2311 1833 2381 sapientiae
1855 2312 2016 2366 laude

443 2404 833 2472 praestantibus
882 2418 1190 2459 sermonem
1222 2405 1493 2469 instituat,
1526 2419 1640 2459 rem
1675 2403 1743 2458 ad
1775 2404 2013 2472 suscepti

443 2493 745 2561 argumenti
768 2494 1006 2548 rationes
1036 2494 1193 2564 longe
1217 2494 1543 2563 praecipuam
1569 2492 1812 2548 facturus
1835 2493 2016 2547 videa-

443 2595 554 2650 tur,
584 2583 632 2638 si
663 2584 729 2639 de
754 2585 975 2639 illorum
1002 2587 1328 2655 antiquitate
1345 2586 1478 2640 certi
1508 2586 1661 2655 prius
1683 2585 1889 2655 aliquid
1922 2600 2013 2640 ex-

442 2677 751 2746 ploratique
789 2678 1106 2732 constituat.
1137 2676 1291 2735 Nam.
1312 2678 1386 2732 ita
1420 2678 1661 2743 demum,
1695 2678 1741 2732 si
1794 2677 2014 2748 quando

443 2781 569 2822 cum
604 2765 953 2822 Hebraeorum
993 2767 1272 2837 prophetis
1307 2778 1470 2833 atque
1514 2766 1785 2837 theologis
1844 2765 2017 2821 Gnaei

441 2858 808 2923 consentient,
837 2858 955 2913 sine
1004 2860 1111 2913 ulla
1146 2859 1485 2913 dubitatione
1512 2860 1808 2930 intelligas,
1861 2870 2018 2915 utros

2127 476 2392 547 ’Έλληνας
2425 476 2669 541 ἐκδόντα,
2701 478 2884 547 τυχεῖν
2908 476 3010 548 τῆς
3043 476 3324 546 ἀξιολόγου
3363 477 3540 549 δόξης.
3574 480 3702 533 Πάν-

2122 586 2231 622 των
2265 568 2322 620 δὲ
2365 567 2475 621 τῶν
2518 568 2762 621 παλαιῶν
2804 568 3262 639 ἀγαλματοποιῶν
3300 570 3431 634 τοὺς
3480 570 3710 640 μάλιστα

2121 656 2595 728 διωνομασμένους
2646 658 3049 730 διατετριφέναι
3104 660 3233 730 παρ’
3279 660 3487 725 αὐτοῖς,
3530 660 3712 733 Τηραα-

2123 748 2255 800 κλέα
2303 749 2395 802 καὶ
2437 748 2707 819 Θεόδωρον
2751 749 2894 819 (57),
2951 751 3078 814 τοὺς
3120 750 3328 804 Ῥοίκου
3396 751 3495 821 μὲν
3539 752 3709 815 υἱοὺς,

2122 839 2644 903 κατασκευάσαντας
2673 840 2731 891 δὲ
2761 842 2876 902 τοῖς
2907 840 3131 911 Σαμίοις
3158 840 3220 894 τὸ
3246 839 3341 894 τοῦ
3382 841 3712 905 Ἀπόλλωνος

2119 933 2214 985 τοῦ
2244 933 2443 987 Πυθίου
2474 933 2681 1000 ξόανον.
2714 952 2735 987 ι
2765 933 3014 988 Τοσαῦτα
3045 935 3104 988 δὲ
3127 934 3222 988 καὶ
3254 935 3539 1007 Διόδωρος.
3570 934 3713 988 Ἀλλ’

2119 1019 2273 1089 οῦτος
2303 1027 2399 1096 μὲν
2423 1028 2450 1079 ὁ
2472 1025 2648 1095 λόγος,
2684 1019 2785 1080 ὧδέ
2815 1043 2932 1090 πως
2973 1026 3442 1098 ἀποδεδειγμένος,
3477 1026 3712 1081 ἐνταῦθά

2123 1136 2212 1189 μοι
2242 1117 2511 1189 εἰληφέτω
2542 1118 2711 1180 τέλος.
2745 1118 2819 1171 Οὐ
2865 1118 2946 1172 δεῖ
2987 1117 3051 1188 δὴ
3095 1117 3277 1171 λοιπὸν
3307 1117 3526 1186 ἀλογίας
3556 1118 3713 1189 ἡμῶν

2119 1214 2468 1283 κατηγορεῖν,
2490 1210 2537 1263 εί
2562 1209 2625 1281 δὴ
2654 1211 2781 1273 τοὺς
2807 1209 2915 1263 τῶν
2944 1209 3123 1280 σοφῶν
3164 1211 3449 1282 Ἑλλήνων,
3484 1211 3581 1264 καὶ
3616 1212 3715 1265 αὐ-

2118 1303 2227 1357 τῶν
2254 1320 2318 1372 γε
2343 1304 2451 1357 τῶν
2479 1305 2608 1374 παρ’
2638 1304 2823 1366 αὐτοῖς
2847 1303 3151 1372 φιλοσόφων
3183 1303 3556 1367 διδασκάλους,
3584 1305 3713 1367 τοὺς

2120 1396 2430 1469 βαρϐάρους
2461 1396 2623 1464 λέγω,
2675 1394 2826 1466 πόοῳ
2881 1395 2985 1465 τῆς
3024 1395 3257 1464 ἀληθοῦς
3289 1395 3573 1459 εὐσεϐείας
3615 1396 3715 1449 καὶ

2118 1489 2270 1543 αὐτοὶ
2305 1487 2662 1560 μετήλθομεν,
2694 1484 2748 1537 εἰ
2783 1501 2847 1553 γε
2883 1484 3147 1557 βάρϐαροι
3181 1484 3453 1557 Ἑϐραῖοι’
3488 1479 3565 1540 ὧν
3587 1488 3713 1549 τοὺς

2117 1579 2364 1650 χρόνους,
2394 1576 2517 1631 καθ’
2559 1576 2652 1639 οὒς
2694 1578 2950 1648 ἤκμασαν
2995 1577 3237 1648 Μωῦσῆς
3260 1594 3322 1630 τε
3365 1578 3460 1631 καὶ⁵
3491 1580 3542 1631 oi
3573 1577 3713 1649 μετά

2117 1670 2356 1725 Μωῦσέα
2400 1669 2698 1741 προφῆται,
2750 1665 2810 1724 εὗ
2860 1669 2927 1724 ἂν
2976 1669 3089 1740 ἔχοι
3138 1670 3397 1724 διελθεῖν·
3449 1672 3577 1725 ἐπεὶ
3619 1673 3711 1726 καὶ

2118 1760 2263 1813 τοῦτ’
2294 1760 2359 1814 ἂν
2388 1760 2475 1831 εἴη
2520 1761 2579 1813 ἓν
2605 1777 2659 1813 τι
2702 1760 2809 1813 τῶν
2843 1759 3080 1830 μάλιστα
3129 1760 3612 1815 συνεκτικωτάτων
3645 1765 3712 1833 τῇ

2117 1852 2456 1925 προκειμένῃ
2480 1852 2852 1923 πραγματείᾳ,
2876 1851 2955 1915 τὸ,
2978 1850 3269 1921 μέλλοντας
3291 1851 3399 1904 τῶν
3421 1852 3575 1923 παρά
3598 1856 3714 1917 τοῖς

2118 1944 2344 2016 ἀνδράσι
2375 1943 2570 2012 λογίων
2602 1944 2960 2013 ἐφάπτεσθαι,
3012 1942 3390 2016 προδιαλαϐεῖν
3436 1945 3569 2015 περὶ
3611 1947 3714 2015 τῆς

2125 2036 2482 2108 ἀρχαιότητος
2532 2035 2746 2089 αὐτῶν·
2793 2036 2880 2100 ἵν’,
2933 2036 2982 2089 εί
3039 2038 3253 2104 φανεῖεν
3291 2037 3402 2097 τοῖς
3445 2034 3715 2105 Ἑϐραίων

2126 2127 2433 2197 προφήταις
2458 2142 2517 2179 τε
2557 2126 2652 2179 καὶ
2678 2123 2947 2193 θεολόγοις
2989 2125 3038 2176 οἱ
3070 2124 3200 2195 παρ’
3238 2122 3494 2195 Ἕλλησιν
3523 2124 3723 2194 ὁμοδοο

2124 2214 2358 2279 ξοῦντες,
2397 2213 2587 2285 μηκέτ’
2628 2212 2973 2284 ἀμφιϐάλοις,
2998 2213 3147 2276 τίνας
3184 2207 3252 2283 ἦν
3276 2212 3421 2276 εἰκὸς
3451 2212 3523 2264 τά
3560 2212 3715 2283 παρὰ

2120 2307 2280 2359 τίνων
2310 2304 2687 2370 ἀναλέξασθαι⁸
2711 2304 2915 2375 πότερα
2938 2304 3064 2367 τοὺς
3079 2303 3479 2376 πρεσϐυτέρους
3506 2302 3578 2357 τά
3602 2303 3716 2356 τῶν

2121 2398 2278 2463 νέων,
2319 2397 2604 2469 Ἐϐραίους
2626 2415 2686 2450 τε
2730 2396 2800 2451 τά
2841 2396 3126 2467 Ἑλλήνων,
3170 2398 3264 2451 καὶ
3297 2396 3607 2467 βαρϐάρους
3648 2397 3716 2449 τὰ

2122 2489 2445 2560 φιλοσόφων,
2477 2483 2551 2543 ὧν
2583 2489 2703 2542 οὐδὲ
2735 2489 2833 2559 τῆς
2868 2488 3012 2559 ὀπῆς
3037 2488 3180 2553 εἰκὸς
3214 2489 3452 2541 ἐπαΐειν·
3484 2486 3541 2558 ἢ,
3572 2488 3717 2557 ὅπερ

2122 2583 2218 2637 καὶ
2248 2583 2446 2654 μᾶλλον
2474 2582 2640 2645 εἰκὸς,
2683 2583 2809 2645 τοὺς
2839 2581 2992 2645 νέους
3037 2582 3106 2635 τά
3146 2581 3255 2633 τῶν
3300 2579 3717 2652 πρεσϐυτέρων,

2122 2676 2219 2730 καὶ
2264 2677 2389 2739 τοὺς
2433 2675 2502 2729 τά
2548 2674 2773 2727 πλεῖστα
2808 2672 2917 2727 τῶν
2969 2673 3136 2727 ἐθνῶν
3182 2671 3717 2744 περιειργασμένους

2128 2766 2415 2839 Ἕλληνας,
2462 2767 2555 2822 καὶ
2598 2766 2667 2820 τά
2710 2765 2972 2837 Ἐϐραίων
3011 2767 3086 2837 μὴ
3131 2767 3427 2835 ἀγνοῆσαι,
3469 2761 3717 2834 ἀρχῆθεν

2125 2860 2219 2914 ἐπὶ
2242 2860 2342 2932 τὴν
2377 2860 2600 2914 Ἐλλάδα
2623 2861 2806 2932 φωνὴν
2837 2859 3143 2931 μεταϐεϐλη
3152 2858 3306 2930 μένα.

441 2952 702 3007 credibile
730 2953 800 3007 sit
835 2953 1066 3008 aliorum
1094 2954 1334 3007 mutuari
1396 2955 1736 3021 sententias,
1772 2954 2188 3025 antiquioresne
2233 2955 2541 3025 juniorum,
2611 2953 2666 3008 id
2720 2961 2806 3008 est
2840 2952 3157 3008 Graacorum
3223 2947 3523 3012 Hebraeos,
3582 2944 3719 3000 bar-

441 3043 716 3115 barosque
731 3044 1207 3114 philosophorum,
1234 3061 1467 3115 quorum
1493 3046 1571 3099 illi
1594 3062 1661 3101 ne
1689 3062 1882 3102 vocem
1937 3046 2156 3116 quidem
2190 3046 2382 3102 audire
2440 3045 2719 3116 patuerint
2751 3064 2765 3100 :
2797 3043 2963 3116 “3
3015 3059 3107 3108 an,
3172 3042 3317 3112 quod
3355 3039 3518 3108 longe
3553 3050 3698 3091 vero

442 3136 682 3190 similius
708 3136 1087 3214 est,juniores
1127 3137 1521 3206 antiquiorum,
1574 3138 1821 3208 adeoque
1867 3138 2088 3194 Graecos
2155 3139 2301 3205 illos,
2342 3138 2438 3209 qui
2482 3147 2592 3192 tam
2640 3138 2859 3193 curiose
2903 3135 3145 3206 gentium
3213 3132 3575 3203 plurimarum
3623 3129 3717 3182 inc

444 3228 633 3281 stituta
665 3228 891 3282 scrutati
917 3236 1067 3292 sunt,
1099 3242 1166 3282 ne
1189 3229 1393 3298 scripta
1416 3229 1636 3298 quidem
1665 3229 2045 3299 Hebraeorum,
2091 3247 2213 3304 quat
2228 3231 2475 3287 Graecam
2499 3232 2555 3286 in
2575 3231 2812 3301 linguam
2836 3228 3042 3284 fuerint
3063 3237 3215 3283 tanto
3254 3234 3382 3280 ante
3419 3237 3716 3288 conversa,

444 3320 688 3375 latuisse.

1086 3417 1269 3474 APUT
1301 3418 1396 3474 IX.

1086 3418 1172 3472 AP
1228 3417 1269 3472 T
1323 3418 1396 3474 Χ.

444 3509 522 3563 De
552 3508 753 3577 Moysis
787 3521 835 3563 et
866 3417 1241 3580 prophgaruliiz
1284 3418 1628 3565 Iliebra’orum
1671 3514 2010 3585 antiquitate.

514 3668 590 3723 Ac
613 3667 815 3740 Moysis
838 3671 1058 3740 quidem
1088 3683 1142 3727 et
1159 3674 1544 3744 prophetarum
1567 3688 1634 3728 eo
1647 3673 2016 3743 posteriorum

443 3763 850 3833 antiquitatem,
880 3766 997 3820 suis
1038 3766 1092 3820 in
1126 3768 1385 3837 operibus
1428 3766 1519 3822 alii
1545 3767 1856 3837 complures
1893 3768 2017 3823 dili-

445 3865 631 3923 genter
671 3855 964 3912 admodum
998 3874 1063 3912 ac
1100 3859 1343 3914 studiose
1372 3859 1782 3929 comprobatam
1808 3867 1862 3913 et
1889 3874 2049 3913 con-'

446 3956 696 4001 testatam
748 3949 1108 4018 reliquerunt,
1159 3967 1227 4004 ex
1265 3951 1466 4020 quibus
1524 3965 1698 4018 pauca
1765 3950 2013 4018 quaedam

444 4038 607 4107 paulo
630 4047 752 4107 post
788 4039 1097 4108 subjiciam.
1128 4040 1232 4094 Sed
1259 4049 1441 4094 tamen
1466 4040 1620 4110 prius
1656 4054 1853 4094 novam
1903 4040 2018 4108 ipse

443 4131 590 4184 viam
639 4131 918 4197 insistens,
968 4133 1289 4202 caeterisque
1331 4133 1444 4203 jam
1483 4133 1626 4187 trita:
1654 4133 2013 4199 dissimilem,

446 4237 570 4293 quze
600 4222 849 4291 sequitur
874 4223 1145 4277 rationem
1176 4238 1242 4277 ac
1260 4224 1577 4278 methodum
1612 4223 1751 4278 inire
1777 4225 2013 4280 decrevi.

442 4314 581 4372 Cum
609 4314 917 4370 Servatoris
957 4317 1132 4371 nostri
1164 4316 1397 4371 natalem
1431 4316 1678 4370 omnium
1708 4332 2015 4383 consensu,

2661 3410 3059 3464 ΚΕΦΑΛΛΙΟΝ
3096 3408 3174 3462 8’.

2121 3506 2262 3574 Περὶ
2309 3504 2420 3574 τῆς
2457 3505 2849 3579 ἀρχαιότητος
2901 3500 3222 3579 Μωῦσέως,
3264 3498 3363 3553 καὶ
3403 3498 3525 3552 τῶν
3571 3496 3716 3562 παρ’

2587 3574 2869 3643 Ἑϐραίοις
2913 3574 3255 3641 προφητῶν.

2194 3668 2471 3733 Μωύσὲως
2496 3658 2663 3739 πέρι,
2682 3667 2776 3720 καὶ
2803 3667 2900 3737 τῆς
2935 3664 3044 3717 τῶν
3073 3663 3192 3733 μετ’
3220 3661 3383 3716 αὐτὸν
3414 3658 3719 3733 προφητῶν

2124 3764 2500 3838 ἀρχαιότητος,
2545 3763 2785 3816 πλεῖστοι
2842 3761 2937 3832 μὲν
2984 3759 3131 3814 ἄλλοι
3176 3758 3266 3812 διά
3317 3757 3555 3828 σπουδῆς
3610 3755 3717 3827 τὴν

2122 3854 2392 3921 ἀπόδειξιν
2432 3855 2488 3907 ὲν
2530 3853 2751 3916 οἰκείοις
2790 3849 3223 3920 καταϐέϐληνται
3257 3849 3718 3920 συγγράμμασιν,

2122 3948 2215 4015 ἀφ’
2249 3941 2323 4000 ὧν
2347 3946 2542 3999 αὐτίκα
2579 3944 2721 4016 μάλα
2749 3943 2920 4015 μικρά
2940 3942 3077 3996 ἄττα
3104 3942 3493 4014 παραθήσομαι
3514 3957 3528 3970 ·
3556 3938 3721 4009 κάγὼ

2121 4037 2198 4101 δὲ,
2223 4038 2544 4108 καινοτέραν
2575 4034 2727 4107 παρά
2751 4036 2875 4100 τοὺς
2904 4035 3226 4106 εἰρημένους
3256 4035 3505 4099 ὁδεύσας,
3539 4032 3721 4106 ταύτῃ

2121 4129 2393 4200 χρήσομαι
2431 4130 2497 4199 τῇ
2532 4127 2758 4199 μεθόδῳ.
2813 4127 3218 4199 Συντρεχόντων
3261 4126 3720 4198 ὁμολογουμένως

2124 4219 2232 4273 τῶν
2263 4218 2468 4291 χρόνων
2512 4218 2820 4288 Αὐγούστου
2854 4220 3140 4290 Ῥωμαίων
3170 4219 3579 4290 αὐτοκράτορος
3625 4219 3722 4273 καὶ

2124 4312 2221 4381 τῆς
2248 4309 2340 4363 τοῦ
2367 4307 2617 4381 Σωτῆρος
2639 4309 2793 4380 ἡμῶν
2820 4310 3108 4378 γενέσεως,
3131 4310 3306 4381 ἀρχήν
3332 4326 3392 4362 τε
3422 4309 3525 4379 τῆς
3554 4310 3724 4377 εὐαγ-

445 4403 502 4459 ἰη
520 4404 752 4476 Augusti
784 4405 1130 4474 imperatoris
1162 4414 1406 4475 tempora
1429 4406 1706 4472 incidisse,
1733 4406 2016 4462 Christum

2126 4402 2346 4471 γελικῆς
2377 4400 2722 4465 διδασκαλίας
2762 4401 2856 4455 τοῦ
2901 4400 3137 4473 Χριστοῦ
3169 4401 3545 4472 ποιησαμένου
3573 4402 3724 4457 κατά

443 4509 577 4549 vero
609 4494 753 4549 circa
792 4495 1064 4548 decimum
1096 4492 1347 4562 quintum
1385 4491 1588 4548 Tiberii
1637 4492 1870 4548 Caesaris
1921 4508 2018 4547 an-

438 4602 576 4640 num
610 4584 1018 4655 proseminandi
1064 4585 1343 4655 Evangelii
1386 4585 1603 4639 initium
1640 4582 1836 4640 fecisse
1889 4600 2021 4639 con-

444 4685 551 4733 stet
582 4696 594 4731 :
629 4678 675 4731 si
699 4677 823 4746 quis
858 4678 927 4730 ab
952 4676 1142 4732 eodem
1170 4692 1441 4732 annorum
1467 4692 1738 4733 summam
1772 4677 1843 4731 ita
1862 4678 2019 4731 colli-

443 4810 692 4864 Πλάτωνι
781 4807 1025 4873 Εὔδοξος,
1067 4809 1226 4882 δεῦρο
1255 4810 1343 4881 (de
1367 4810 1602 4881 Egypto
1631 4810 1900 4882 loquitur)
1927 4812 2019 4864 καὶ

444 4880 820 4953 συνδιέτριψαν
850 4883 958 4953 τοῖς
1015 4880 1249 4953 ἱερεῦσιν
1268 4880 1726 4953 ἐκεῖνοιίὲνταῦθα
1758 4883 2024 4953 τρισκαί-

441 4953 574 5007 δεκα
620 4950 736 5021 ἐτη,
771 4950 846 5012 ὼς
879 4951 1089 5021 εἴρηταί
1138 4969 1268 5005 τισι.
1305 4952 1538 5007 Consule
1588 4950 1864 5005 Petaviuin
1922 4968 2021 5007 no-

445 5031 643 5085 strum,
674 5022 768 5074 lib.
798 5037 860 5082 Il,
893 5020 1014 5090 cap.
1052 5020 1085 5074 5
1109 5031 1162 5075 et
1187 5022 1440 5085 6.eximii
1470 5023 1651 5091 operis
1679 5022 1754 5075 De
1775 5023 2023 5076 doctrina

446 5084 778 5160 temporum,
842 5092 931 5143 ubi
963 5084 1237 5162 'Scaligeri
1286 5093 1354 5146 de
1397 5084 1643 5156 Eudoxo,
1680 5094 1856 5162 deque
1902 5084 2065 5162 ejus'

445 5162 771 5217 octactcride
802 5164 1014 5231 somnia
1043 5163 1400 5231 dissipantur.

517 5232 628 5302 (57)
656 5230 958 5303 Τηρακλέα
987 5232 1086 5285 καὶ
1116 5230 1437 5301 Θεόδωρον.
1454 5230 1698 5297 Diodor.,
1722 5231 2018 5303 Τηλεκλέα,

444 5304 541 5357 καὶ
580 5302 893 5373 6265.,qme
931 5319 1055 5373 vera
1109 5304 1269 5357 lectio
1310 5312 1414 5358 est.
1461 5304 1567 5358 Sed
1608 5304 1855 5357 addenda
1900 5320 2022 5373 quae

447 5373 632 5426 stibdit
656 5387 727 5443 eo
752 5372 872 5425 loco
904 5372 1221 5443 historicus,
1246 5373 1314 5427 ad
1344 5374 1475 5428 illud
1507 5374 1775 5442 Apollinis
1803 5372 2021 5443 signium

448 5441 1313 5515 ρθςιὶροῃιίιᾏητοῦἀγάλματος,
1354 5441 1571 5515 inquit,
1615 5445 1673 5498 ἐν
1699 5441 1875 5515 Σάμῳ
1899 5446 2018 5514 μὲν,

447 5511 911 5587 ὐπδΤηλεκλέους
939 5511 1225 5587 ἱστορεῖται
1244 5514 1307 5565 τὸ
1331 5511 1502 5587 gerat;
1531 5511 2018 5587 δημιουργηθῆναι·

448 5581 589 5655 κατά
616 5582 672 5633 δὲ
699 5583 795 5655 τὴν
835 5584 1235 5655 Ἔφεσονμύπὸ
1265 5581 1617 5653 τοῦάδελφοῦ
1656 5581 1930 5655 Θεοδώρου
1961 5585 2023 5636 τὸ

448 5650 632 5725 ἕτερον
702 5650 865 5725 μέρος
913 5654 1376 5725 συντελεσθῆναισί
1406 5650 1728 5709 συντεθέντα
1773 5650 1848 5707 δὲ’
1885 5655 2022 5725 πρὸς

447 5718 650 5788 ἄλληλα
680 5718 745 5773 τά
778 5718 950 5792 μέρη,
984 5718 1290 5793 συμφωνεῖν
1322 5724 1515 5790 οὕτως,
1548 5725 1688 5779 ὥστε
1719 5725 1895 5779 δοκεῖν
1931 5718 2019 5794 ὐφ’

2120 4494 2181 4546 τὸ
2216 4492 2699 4546 πεντεκαιδέκατον
2742 4492 2860 4557 ἔτος
2896 4492 3146 4565 Τιϐερίου
3198 4494 3501 4564 Καίσαρος,
3539 4496 3597 4548 εἰ
3635 4513 3719 4558 τις

2121 4585 2229 4639 ἀπὸ
2254 4584 2443 4639 τούτου
2475 4588 2802 4655 συναγαγεῖν
2831 4586 3002 4639 ἐθέλοι
3031 4586 3123 4639 τὸν
3153 4585 3263 4638 τῶν
3285 4585 3424 4638 ἐτῶν
3451 4586 3716 4658 ἀριθμὸν,

2123 4674 2325 4747 προῖὼν
2357 4676 2449 4729 ἐπὶ
2492 4676 2618 4739 τοὺς
2658 4676 2917 4747 ἀνωτέρω
2963 4676 3206 4748 χρόνους,
3243 4678 3370 4740 τοὺς
3402 4677 3572 4750 μέχρι
3615 4681 3720 4731 Δα-

2122 4810 2240 4882 ὲνὸς
2270 4810 2333 4862 τὸ
2376 4808 2486 4882 πᾶν
2529 4809 3185 4882 σῶμανκατεσκευάσθαιε
3231 4810 3402 4864 Τοῦτο
3445 4812 3506 4865 δὲ
3555 4813 3720 4882 γένος

2121 4881 2222 4953 τῆς
2249 4881 2542 4953 ἐργασίας,
2575 4881 2726 4953 παρά
2758 4882 2855 4952 μὲν
2884 4884 2996 4945 τοῖς
3032 4882 3257 4950 Ἕλλησι
3288 4881 3575 4953 μηδαμῶς
3598 4886 3718 4937 ἐπι-

2122 4951 2466 5020 τηδεύεσθαι,
2492 4951 2644 5021 παρὰ
2663 4951 2723 5005 δὲ
2755 4951 2868 5015 τοῖς
2895 4953 3210 5021 Αἰγυπτίοις
3239 4951 3478 5021 μάλιστα
3527 4970 3717 5006 συντε-

2121 5021 2350 5074 λεῖσθαι.
2389 5020 2515 5075 Haec
2550 5020 2840 5076 Diodorus.
2901 5024 2970 5075 At
3006 5020 3307 5077 Pausanias
3353 5020 3713 5078 Theodorum

2124 5092 2302 5154 illum,
2331 5091 2563 5146 Teleclis
2599 5108 2706 5144 non
2759 5090 2984 5145 fratrem
3006 5135 3020 5158 ,
3057 5092 3153 5147 sed
3188 5093 3357 5145 lilium
3392 5105 3581 5148 vocat.
3623 5092 3714 5147 Sic

2122 5164 2267 5233 enim
2296 5163 2384 5215 ille
2416 5163 2472 5215 in
2504 5163 2800 5233 Arcadicis,
2836 5179 2957 5232 pag.
2987 5164 3093 5216 248
3121 5180 3134 5213 :
3165 5163 3389 5233 Διέχεαν
3418 5162 3478 5214 δὲ
3509 5164 3713 5233 χαλκὸν

2126 5231 2361 5302 πρῶτοι,
2422 5233 2517 5286 καὶ
2574 5232 2867 5302 ἀγάλματα
2918 5233 3321 5301 ἐχωνεύσαντο,
3378 5231 3599 5297 Ῥοῖκός
3652 5250 3712 5286 τε

2122 5302 2307 5375 ¢ﬁction
2329 5343 2342 5366 ,
2390 5304 2484 5356 καὶ
2510 5302 2785 5375 Θεόδωρος
2819 5303 3436 5375 ΤηλεκλέουςηΣάμιοι.
3467 5303 3611 5375 T_um
3645 5303 3711 5356 de

2125 5370 2782 5444 Theodoronominatim
2818 5390 2829 5424 :
2861 5370 3136 5444 Θεοδώρου
3193 5370 3457 5444 δὲέργον
3501 5370 3574 5443 ἦν
3621 5374 3710 5426 καὶ

2124 5443 2218 5495 ἐπὶ
2240 5442 2336 5515 τοῦ
2367 5442 2513 5495 λίθου
2530 5444 2629 5512 τῆς
2660 5444 2974 5515 σμαράγδου
3000 5442 3332 5515 σφραγὶς,ἢν
3352 5442 3707 5515 Πολυκράτης

2123 5516 2152 5567 ὁ
2180 5514 2364 5584 Σάμου
2390 5516 2731 5586 τυραννήσας
2762 5513 2967 5586 ἐφόρει.
3006 5513 3213 5567 Similia
3241 5513 3434 5586 scribit
3470 5515 3525 5567 in
3549 5513 3707 5586 _P_ho_-

2124 5583 2285 5646 eicis,
2334 5583 2583 5638 extremo
2620 5585 2712 5637 lib.
2736 5625 2750 5647 ,
2796 5583 2902 5639 nisi
2930 5586 3073 5653 quod
3104 5584 3295 5637 lihmci
3323 5593 3541 5652 patrem
3592 5583 3705 5636 Phi-

2127 5655 2309 5715 lmttm,
2340 5671 2447 5709 non
2479 5654 2743 5718 Phineum,
2771 5665 2829 5708 ut
2860 5656 2912 5707 in
2949 5656 3227 5707 Arcadicis
3260 5655 3553 5709 nominat:
3588 5654 3707 5713 licet

2128 5726 2393 5796 interpres
2420 5725 2635 5778 Φιλαίου
2670 5726 2959 5795 utrobique
2986 5726 3192 5795 legerit.
