  <div class='ocr_page' id='page_1' title='image "/cluster/home/n/w/nwhite01/storage/ocr_20150623/21/nnc1.0046978437/560.png"; bbox 0 0 3842 6226; ppageno 0'>
   <div class='ocr_carea' id='block_1_1' title="bbox 178 298 288 356">
    <p class='ocr_par' dir='ltr' id='par_1_1' title="bbox 178 298 288 356">
     <span class='ocr_line' id='line_1_1' title="bbox 178 298 288 356; baseline 0.018 -2"><span class='ocrx_word' id='word_1_1' title='bbox 178 298 288 356; x_wconf 71' lang='grc'><strong>805</strong></span> 
     </span>
    </p>
   </div>
   <div class='ocr_carea' id='block_1_2' title="bbox 182 415 1101 491">
    <p class='ocr_par' dir='ltr' id='par_1_2' title="bbox 182 415 1101 491">
     <span class='ocr_line' id='line_1_2' title="bbox 182 415 1101 491; baseline 0.003 -22"><span class='ocrx_word' id='word_1_2' title='bbox 182 417 331 491; x_wconf 77' lang='grc' dir='ltr'>ριίου</span> <span class='ocrx_word' id='word_1_3' title='bbox 379 415 477 471; x_wconf 79' lang='grc' dir='ltr'><strong>τοῦ</strong></span> <span class='ocrx_word' id='word_1_4' title='bbox 523 416 750 488; x_wconf 84' lang='grc' dir='ltr'>Περσῶν</span> <span class='ocrx_word' id='word_1_5' title='bbox 802 416 1064 488; x_wconf 84' lang='grc' dir='ltr'>βασιλέως</span> <span class='ocrx_word' id='word_1_6' title='bbox 1086 456 1101 482; x_wconf 88' lang='grc'><strong>,</strong></span> 
     </span>
    </p>
   </div>
   <div class='ocr_carea' id='block_1_3' title="bbox 180 506 1762 583">
    <p class='ocr_par' dir='ltr' id='par_1_3' title="bbox 180 506 1762 583">
     <span class='ocr_line' id='line_1_3' title="bbox 180 506 1762 583; baseline -0.004 -18"><span class='ocrx_word' id='word_1_7' title='bbox 180 507 533 573; x_wconf 80' lang='grc' dir='ltr'><strong>ἀνανεώσεως</strong></span> <span class='ocrx_word' id='word_1_8' title='bbox 553 508 649 562; x_wconf 83' lang='grc' dir='ltr'><strong>τοῦ</strong></span> <span class='ocrx_word' id='word_1_9' title='bbox 679 510 738 562; x_wconf 92' lang='grc' dir='ltr'><strong>ἐν</strong></span> <span class='ocrx_word' id='word_1_10' title='bbox 773 509 1160 583; x_wconf 86' lang='grc' dir='ltr'>Ἱεροσολύμοις</span> <span class='ocrx_word' id='word_1_11' title='bbox 1191 506 1316 572; x_wconf 87' lang='grc' dir='ltr'>νεὼ,</span> <span class='ocrx_word' id='word_1_12' title='bbox 1340 508 1374 579; x_wconf 79' lang='grc' dir='ltr'>ἢ</span> <span class='ocrx_word' id='word_1_13' title='bbox 1401 507 1592 577; x_wconf 85' lang='grc' dir='ltr'>γέγονε</span> <span class='ocrx_word' id='word_1_14' title='bbox 1625 506 1762 577; x_wconf 76' lang='grc' dir='ltr'>μετὰ</span> 
     </span>
    </p>
   </div>
   <div class='ocr_carea' id='block_1_4' title="bbox 180 599 1757 673">
    <p class='ocr_par' dir='ltr' id='par_1_4' title="bbox 180 599 1757 673">
     <span class='ocr_line' id='line_1_4' title="bbox 180 599 1757 673; baseline -0.002 -18"><span class='ocrx_word' id='word_1_15' title='bbox 180 601 280 673; x_wconf 79' lang='grc' dir='ltr'><strong>τὴν</strong></span> <span class='ocrx_word' id='word_1_16' title='bbox 308 601 419 656; x_wconf 82' lang='grc' dir='ltr'>ἀπὸ</span> <span class='ocrx_word' id='word_1_17' title='bbox 459 600 777 667; x_wconf 75' lang='grc' dir='ltr'>Βαϐυλῶνος</span> <span class='ocrx_word' id='word_1_18' title='bbox 821 601 1077 656; x_wconf 77' lang='grc' dir='ltr'><strong>ἐπάνοδον</strong></span> <span class='ocrx_word' id='word_1_19' title='bbox 1104 599 1199 654; x_wconf 82' lang='grc' dir='ltr'><strong>τοῦ</strong></span> <span class='ocrx_word' id='word_1_20' title='bbox 1241 601 1512 656; x_wconf 77' lang='grc' dir='ltr'><strong>Ἰουδαίων</strong></span> <span class='ocrx_word' id='word_1_21' title='bbox 1546 600 1757 663; x_wconf 78' lang='grc' dir='ltr'>ἔθνους·</span> 
     </span>
    </p>
   </div>
   <div class='ocr_carea' id='block_1_5' title="bbox 180 692 1763 766">
    <p class='ocr_par' dir='ltr' id='par_1_5' title="bbox 180 692 1763 766">
     <span class='ocr_line' id='line_1_5' title="bbox 180 692 1763 766; baseline -0.003 -19"><span class='ocrx_word' id='word_1_22' title='bbox 180 694 332 765; x_wconf 78' lang='grc' dir='ltr'>εὖροι</span> <span class='ocrx_word' id='word_1_23' title='bbox 378 692 445 748; x_wconf 82' lang='grc' dir='ltr'>ἂν</span> <span class='ocrx_word' id='word_1_24' title='bbox 494 693 602 747; x_wconf 79' lang='grc' dir='ltr'>ἀπὸ</span> <span class='ocrx_word' id='word_1_25' title='bbox 649 693 900 765; x_wconf 88' lang='grc' dir='ltr'>Τιϐερίου</span> <span class='ocrx_word' id='word_1_26' title='bbox 954 694 1046 746; x_wconf 82' lang='grc' dir='ltr'>ἐπὶ</span> <span class='ocrx_word' id='word_1_27' title='bbox 1094 693 1155 746; x_wconf 90' lang='grc' dir='ltr'><strong>τὸ</strong></span> <span class='ocrx_word' id='word_1_28' title='bbox 1195 693 1444 766; x_wconf 89' lang='grc' dir='ltr'>δεύτερον</span> <span class='ocrx_word' id='word_1_29' title='bbox 1495 692 1611 756; x_wconf 78' lang='grc' dir='ltr'>ἔτος</span> <span class='ocrx_word' id='word_1_30' title='bbox 1659 693 1763 744; x_wconf 86' lang='grc' dir='ltr'>Δα-</span> 
     </span>
    </p>
   </div>
   <div class='ocr_carea' id='block_1_6' title="bbox 184 781 1761 856">
    <p class='ocr_par' dir='ltr' id='par_1_6' title="bbox 184 781 1761 856">
     <span class='ocr_line' id='line_1_6' title="bbox 184 781 1761 856; baseline -0.003 -19"><span class='ocrx_word' id='word_1_31' title='bbox 184 783 333 856; x_wconf 89' lang='grc' dir='ltr'>ρείου</span> <span class='ocrx_word' id='word_1_32' title='bbox 421 781 514 853; x_wconf 76' lang='grc' dir='ltr'><strong>ἐτη</strong></span> <span class='ocrx_word' id='word_1_33' title='bbox 582 788 738 853; x_wconf 86' lang='grc' dir='ltr'>φμη¹.</span> <span class='ocrx_word' id='word_1_34' title='bbox 809 782 1029 852; x_wconf 83' lang='grc' dir='ltr'>Δαρείου</span> <span class='ocrx_word' id='word_1_35' title='bbox 1105 783 1203 853; x_wconf 82' lang='grc' dir='ltr'>μὲν</span> <span class='ocrx_word' id='word_1_36' title='bbox 1249 783 1358 854; x_wconf 81' lang='grc' dir='ltr'><strong>γὰρ</strong></span> <span class='ocrx_word' id='word_1_37' title='bbox 1402 782 1463 835; x_wconf 90' lang='grc' dir='ltr'><strong>τὸ</strong></span> <span class='ocrx_word' id='word_1_38' title='bbox 1511 781 1761 851; x_wconf 88' lang='grc' dir='ltr'>δεύτερον</span> 
     </span>
    </p>
   </div>
   <div class='ocr_carea' id='block_1_7' title="bbox 180 870 1757 945">
    <p class='ocr_par' dir='ltr' id='par_1_7' title="bbox 180 870 1757 945">
     <span class='ocr_line' id='line_1_7' title="bbox 180 870 1757 945; baseline -0.003 -17"><span class='ocrx_word' id='word_1_39' title='bbox 180 873 323 928; x_wconf 81' lang='grc' dir='ltr'>κατὰ</span> <span class='ocrx_word' id='word_1_40' title='bbox 347 873 411 926; x_wconf 89' lang='grc' dir='ltr'><strong>τὸ</strong></span> <span class='ocrx_word' id='word_1_41' title='bbox 439 872 654 943; x_wconf 84' lang='grc' dir='ltr'>πρῶτον</span> <span class='ocrx_word' id='word_1_42' title='bbox 693 872 813 936; x_wconf 75' lang='grc' dir='ltr'>ἔτος</span> <span class='ocrx_word' id='word_1_43' title='bbox 838 870 937 943; x_wconf 86' lang='grc' dir='ltr'>τῆς</span> <span class='ocrx_word' id='word_1_44' title='bbox 970 874 1043 940; x_wconf 81' lang='grc' dir='ltr'><strong>ξε¹</strong></span> <span class='ocrx_word' id='word_1_45' title='bbox 1076 873 1437 945; x_wconf 80' lang='grc' dir='ltr'>Ὀλυμπιάδος</span> <span class='ocrx_word' id='word_1_46' title='bbox 1484 874 1757 942; x_wconf 74' lang='grc' dir='ltr'>καταντᾷ·</span> 
     </span>
    </p>
   </div>
   <div class='ocr_carea' id='block_1_8' title="bbox 180 962 1764 1035">
    <p class='ocr_par' dir='ltr' id='par_1_8' title="bbox 180 962 1764 1035">
     <span class='ocr_line' id='line_1_8' title="bbox 180 962 1764 1035; baseline 0 -20"><span class='ocrx_word' id='word_1_47' title='bbox 180 962 435 1033; x_wconf 88' lang='grc' dir='ltr'>Τιϐερίου</span> <span class='ocrx_word' id='word_1_48' title='bbox 461 962 519 1015; x_wconf 90' lang='grc' dir='ltr'><strong>δέ</strong></span> <span class='ocrx_word' id='word_1_49' title='bbox 543 962 604 1015; x_wconf 90' lang='grc' dir='ltr'><strong>τὸ</strong></span> <span class='ocrx_word' id='word_1_50' title='bbox 631 962 1108 1016; x_wconf 86' lang='grc' dir='ltr'>πεντεκαιδέκατον</span> <span class='ocrx_word' id='word_1_51' title='bbox 1148 965 1246 1035; x_wconf 85' lang='grc' dir='ltr'>τῆς</span> <span class='ocrx_word' id='word_1_52' title='bbox 1285 964 1569 1034; x_wconf 85' lang='grc' dir='ltr'>Ῥωμαίων</span> <span class='ocrx_word' id='word_1_53' title='bbox 1612 962 1764 1033; x_wconf 88' lang='grc' dir='ltr'>βασι-</span> 
     </span>
    </p>
   </div>
   <div class='ocr_carea' id='block_1_9' title="bbox 180 1052 1758 1127">
    <p class='ocr_par' dir='ltr' id='par_1_9' title="bbox 180 1052 1758 1127">
     <span class='ocr_line' id='line_1_9' title="bbox 180 1052 1758 1127; baseline 0.001 -19"><span class='ocrx_word' id='word_1_54' title='bbox 180 1054 329 1117; x_wconf 81' lang='grc' dir='ltr'>λείας</span> <span class='ocrx_word' id='word_1_55' title='bbox 377 1052 518 1108; x_wconf 80' lang='grc' dir='ltr'>κατὰ</span> <span class='ocrx_word' id='word_1_56' title='bbox 558 1053 619 1108; x_wconf 89' lang='grc' dir='ltr'><strong>τὸ</strong></span> <span class='ocrx_word' id='word_1_57' title='bbox 672 1054 715 1107; x_wconf 78' lang='grc' dir='ltr'>δ’</span> <span class='ocrx_word' id='word_1_58' title='bbox 752 1054 854 1124; x_wconf 81' lang='grc' dir='ltr'>τῆς</span> <span class='ocrx_word' id='word_1_59' title='bbox 898 1061 980 1124; x_wconf 90' lang='grc' dir='ltr'>σγ¹</span> <span class='ocrx_word' id='word_1_60' title='bbox 1024 1054 1381 1127; x_wconf 80' lang='grc' dir='ltr'>Ὀλυμπιάδος</span> <span class='ocrx_word' id='word_1_61' title='bbox 1436 1053 1758 1125; x_wconf 85' lang='grc' dir='ltr'>συμπίπτει.</span> 
     </span>
    </p>
   </div>
   <div class='ocr_carea' id='block_1_10' title="bbox 180 1140 1763 1219">
    <p class='ocr_par' dir='ltr' id='par_1_10' title="bbox 180 1140 1763 1219">
     <span class='ocr_line' id='line_1_10' title="bbox 180 1140 1763 1219; baseline -0.001 -20"><span class='ocrx_word' id='word_1_62' title='bbox 180 1147 429 1201; x_wconf 79' lang='grc' dir='ltr'>Γίνονται</span> <span class='ocrx_word' id='word_1_63' title='bbox 454 1142 635 1201; x_wconf 80' lang='grc' dir='ltr'>τοίνυν</span> <span class='ocrx_word' id='word_1_64' title='bbox 661 1147 718 1199; x_wconf 89' lang='grc' dir='ltr'>αἱ</span> <span class='ocrx_word' id='word_1_65' title='bbox 749 1146 952 1218; x_wconf 82' lang='grc' dir='ltr'>μεταξὺ</span> <span class='ocrx_word' id='word_1_66' title='bbox 991 1147 1217 1219; x_wconf 85' lang='grc' dir='ltr'>Δαρείου</span> <span class='ocrx_word' id='word_1_67' title='bbox 1263 1145 1355 1200; x_wconf 82' lang='grc' dir='ltr'><strong>τοῦ</strong></span> <span class='ocrx_word' id='word_1_68' title='bbox 1399 1140 1632 1218; x_wconf 79' lang='grc' dir='ltr'>Πέρσου,</span> <span class='ocrx_word' id='word_1_69' title='bbox 1668 1146 1763 1199; x_wconf 73' lang='grc' dir='ltr'>καὶ</span> 
     </span>
    </p>
   </div>
   <div class='ocr_carea' id='block_1_11' title="bbox 178 1231 1759 1310">
    <p class='ocr_par' dir='ltr' id='par_1_11' title="bbox 178 1231 1759 1310">
     <span class='ocr_line' id='line_1_11' title="bbox 178 1231 1759 1310; baseline -0.003 -20"><span class='ocrx_word' id='word_1_70' title='bbox 178 1236 436 1310; x_wconf 87' lang='grc' dir='ltr'>Τιϐερίου</span> <span class='ocrx_word' id='word_1_71' title='bbox 473 1234 569 1289; x_wconf 77' lang='grc' dir='ltr'><strong>τοῦ</strong></span> <span class='ocrx_word' id='word_1_72' title='bbox 608 1236 893 1307; x_wconf 81' lang='grc' dir='ltr'>Ῥωμαίων</span> <span class='ocrx_word' id='word_1_73' title='bbox 940 1235 1200 1305; x_wconf 88' lang='grc' dir='ltr'>βασιλέως</span> <span class='ocrx_word' id='word_1_74' title='bbox 1238 1233 1597 1304; x_wconf 83' lang='grc' dir='ltr'>Ὀλυμπιάδες</span> <span class='ocrx_word' id='word_1_75' title='bbox 1627 1231 1759 1305; x_wconf 81' lang='grc' dir='ltr'>ρλζ’,</span> 
     </span>
    </p>
   </div>
   <div class='ocr_carea' id='block_1_12' title="bbox 143 1328 1764 1407">
    <p class='ocr_par' dir='ltr' id='par_1_12' title="bbox 143 1328 1764 1407">
     <span class='ocr_line' id='line_1_12' title="bbox 143 1328 1764 1407; baseline -0.003 -22"><span class='ocrx_word' id='word_1_76' title='bbox 143 1404 147 1407; x_wconf 18' lang='grc' dir='ltr'><strong>ν</strong></span> <span class='ocrx_word' id='word_1_77' title='bbox 179 1332 239 1386; x_wconf 77' lang='grc' dir='ltr'>αἲ</span> <span class='ocrx_word' id='word_1_78' title='bbox 264 1332 554 1400; x_wconf 79' lang='grc' dir='ltr'>συνάγουσι</span> <span class='ocrx_word' id='word_1_79' title='bbox 575 1331 765 1402; x_wconf 85' lang='grc' dir='ltr'>χρόνον</span> <span class='ocrx_word' id='word_1_80' title='bbox 788 1329 924 1384; x_wconf 85' lang='grc' dir='ltr'>ἐτῶν</span> <span class='ocrx_word' id='word_1_81' title='bbox 944 1336 1098 1401; x_wconf 69' lang='grc' dir='ltr'>φμην,</span> <span class='ocrx_word' id='word_1_82' title='bbox 1122 1329 1438 1401; x_wconf 76' lang='grc' dir='ltr'>τετραετίας</span> <span class='ocrx_word' id='word_1_83' title='bbox 1464 1331 1530 1399; x_wconf 82' lang='grc' dir='ltr'><strong>τῇ</strong></span> <span class='ocrx_word' id='word_1_84' title='bbox 1568 1328 1764 1399; x_wconf 89' lang='grc' dir='ltr'>Ὀλυμ-</span> 
     </span>
    </p>
   </div>
   <div class='ocr_carea' id='block_1_13' title="bbox 180 1421 1763 1495">
    <p class='ocr_par' dir='ltr' id='par_1_13' title="bbox 180 1421 1763 1495">
     <span class='ocr_line' id='line_1_13' title="bbox 180 1421 1763 1495; baseline -0.003 -17"><span class='ocrx_word' id='word_1_85' title='bbox 180 1424 331 1479; x_wconf 82' lang='grc' dir='ltr'>πιάδι</span> <span class='ocrx_word' id='word_1_86' title='bbox 360 1423 732 1495; x_wconf 76' lang='grc' dir='ltr'>λογιζομένης.</span> <span class='ocrx_word' id='word_1_87' title='bbox 779 1424 932 1477; x_wconf 74' lang='grc' dir='ltr'>Ἐπεὶ</span> <span class='ocrx_word' id='word_1_88' title='bbox 974 1424 1032 1477; x_wconf 85' lang='grc' dir='ltr'>δὲ</span> <span class='ocrx_word' id='word_1_89' title='bbox 1074 1422 1216 1476; x_wconf 87' lang='grc' dir='ltr'>κατά</span> <span class='ocrx_word' id='word_1_90' title='bbox 1249 1422 1312 1475; x_wconf 90' lang='grc' dir='ltr'><strong>τὸ</strong></span> <span class='ocrx_word' id='word_1_91' title='bbox 1346 1421 1600 1491; x_wconf 89' lang='grc' dir='ltr'>δεύτερον</span> <span class='ocrx_word' id='word_1_92' title='bbox 1643 1423 1763 1485; x_wconf 76' lang='grc' dir='ltr'>ἔτος</span> 
     </span>
    </p>
   </div>
   <div class='ocr_carea' id='block_1_14' title="bbox 178 1512 1762 1588">
    <p class='ocr_par' dir='ltr' id='par_1_14' title="bbox 178 1512 1762 1588">
     <span class='ocr_line' id='line_1_14' title="bbox 178 1512 1762 1588; baseline -0.003 -18"><span class='ocrx_word' id='word_1_93' title='bbox 178 1516 410 1588; x_wconf 83' lang='grc' dir='ltr'>Δαρείου</span> <span class='ocrx_word' id='word_1_94' title='bbox 434 1516 495 1568; x_wconf 90' lang='grc' dir='ltr'><strong>τὸ</strong></span> <span class='ocrx_word' id='word_1_95' title='bbox 526 1514 920 1586; x_wconf 78' lang='grc' dir='ltr'>ἑϐδομηκοστὸν</span> <span class='ocrx_word' id='word_1_96' title='bbox 946 1515 1160 1588; x_wconf 70' lang='grc' dir='ltr'>ὑπῆρχε</span> <span class='ocrx_word' id='word_1_97' title='bbox 1188 1514 1289 1585; x_wconf 84' lang='grc' dir='ltr'>τῆς</span> <span class='ocrx_word' id='word_1_98' title='bbox 1321 1513 1555 1585; x_wconf 80' lang='grc' dir='ltr'>ἐρημίας</span> <span class='ocrx_word' id='word_1_99' title='bbox 1579 1512 1674 1567; x_wconf 80' lang='grc' dir='ltr'>τοῦ</span> <span class='ocrx_word' id='word_1_100' title='bbox 1704 1513 1762 1566; x_wconf 90' lang='grc' dir='ltr'><strong>ἐν</strong></span> 
     </span>
    </p>
   </div>
   <div class='ocr_carea' id='block_1_15' title="bbox 191 1605 1763 1680">
    <p class='ocr_par' dir='ltr' id='par_1_15' title="bbox 191 1605 1763 1680">
     <span class='ocr_line' id='line_1_15' title="bbox 191 1605 1763 1680; baseline -0.004 -17"><span class='ocrx_word' id='word_1_101' title='bbox 191 1606 585 1680; x_wconf 80' lang='grc' dir='ltr'>Ἰεροσολύμοις</span> <span class='ocrx_word' id='word_1_102' title='bbox 617 1605 742 1671; x_wconf 87' lang='grc' dir='ltr'>νεὼ,</span> <span class='ocrx_word' id='word_1_103' title='bbox 775 1605 953 1671; x_wconf 85' lang='grc' dir='ltr'>καθὼς</span> <span class='ocrx_word' id='word_1_104' title='bbox 982 1606 1051 1660; x_wconf 87' lang='grc' dir='ltr'><strong>τὰ</strong></span> <span class='ocrx_word' id='word_1_105' title='bbox 1096 1608 1194 1678; x_wconf 85' lang='grc' dir='ltr'>τῆς</span> <span class='ocrx_word' id='word_1_106' title='bbox 1230 1606 1492 1679; x_wconf 86' lang='grc' dir='ltr'>Ἐϐραίων</span> <span class='ocrx_word' id='word_1_107' title='bbox 1521 1606 1763 1677; x_wconf 81' lang='grc' dir='ltr'>ἱστορίας</span> 
     </span>
    </p>
   </div>
   <div class='ocr_carea' id='block_1_16' title="bbox 1340 297 2238 357">
    <p class='ocr_par' dir='ltr' id='par_1_16' title="bbox 1340 297 2238 357">
     <span class='ocr_line' id='line_1_16' title="bbox 1340 297 2238 357; baseline -0.004 -1"><span class='ocrx_word' id='word_1_108' title='bbox 1340 299 1663 356; x_wconf 71' lang='grc' dir='ltr'><strong>ΡΒᾹΞΡΑΒ.</strong></span> <span class='ocrx_word' id='word_1_109' title='bbox 1702 298 1956 357; x_wconf 73' lang='lat' dir='ltr'><strong>EV’ANG.</strong></span> <span class='ocrx_word' id='word_1_110' title='bbox 1997 299 2127 355; x_wconf 79' lang='lat' dir='ltr'><strong>LIB.</strong></span> <span class='ocrx_word' id='word_1_111' title='bbox 2166 297 2238 353; x_wconf 74' lang='grc' dir='ltr'>Χ.</span> 
     </span>
    </p>
   </div>
   <div class='ocr_carea' id='block_1_17' title="bbox 1152 403 1757 488">
    <p class='ocr_par' dir='ltr' id='par_1_17' title="bbox 1152 415 1757 488">
     <span class='ocr_line' id='line_1_17' title="bbox 1152 415 1757 488; baseline -0.007 -17"><span class='ocrx_word' id='word_1_112' title='bbox 1152 417 1246 471; x_wconf 70' lang='grc' dir='ltr'>καὶ</span> <span class='ocrx_word' id='word_1_113' title='bbox 1298 418 1399 488; x_wconf 82' lang='grc' dir='ltr'>τῆς</span> <span class='ocrx_word' id='word_1_114' title='bbox 1438 417 1559 470; x_wconf 87' lang='grc' dir='ltr'>κατ’</span> <span class='ocrx_word' id='word_1_115' title='bbox 1601 415 1757 469; x_wconf 80' lang='grc' dir='ltr'>αὐτὸν</span> 
     </span>
    </p>
   </div>
   <div class='ocr_carea' id='block_1_18' title="bbox 1860 403 3441 488">
    <p class='ocr_par' dir='ltr' id='par_1_18' title="bbox 1866 403 3441 482">
     <span class='ocr_line' id='line_1_18' title="bbox 1866 403 3441 482; baseline -0.004 -15"><span class='ocrx_word' id='word_1_116' title='bbox 1866 427 1991 482; x_wconf 91' lang='lat' dir='ltr'><strong>gere</strong></span> <span class='ocrx_word' id='word_1_117' title='bbox 2012 410 2268 476; x_wconf 88' lang='lat' dir='ltr'><strong>voluerit,</strong></span> <span class='ocrx_word' id='word_1_118' title='bbox 2307 418 2367 462; x_wconf 89' lang='lat' dir='ltr'><strong>ut</strong></span> <span class='ocrx_word' id='word_1_119' title='bbox 2395 422 2493 477; x_wconf 91' lang='lat' dir='ltr'><strong>per</strong></span> <span class='ocrx_word' id='word_1_120' title='bbox 2521 403 2808 476; x_wconf 82' lang='lat' dir='ltr'><strong>superiora</strong></span> <span class='ocrx_word' id='word_1_121' title='bbox 2851 414 2998 461; x_wconf 87' lang='lat' dir='ltr'><strong>retro</strong></span> <span class='ocrx_word' id='word_1_122' title='bbox 3047 412 3318 476; x_wconf 85' lang='lat' dir='ltr'><strong>tempora,</strong></span> <span class='ocrx_word' id='word_1_123' title='bbox 3372 406 3441 461; x_wconf 88' lang='lat' dir='ltr'><strong>ad</strong></span> 
     </span>
    </p>
   </div>
   <div class='ocr_carea' id='block_1_19' title="bbox 3336 290 3443 348">
    <p class='ocr_par' dir='ltr' id='par_1_19' title="bbox 3336 290 3443 348">
     <span class='ocr_line' id='line_1_19' title="bbox 3336 290 3443 348; baseline -0.009 0"><span class='ocrx_word' id='word_1_124' title='bbox 3336 290 3443 348; x_wconf 87' lang='lat'><strong>806</strong></span> 
     </span>
    </p>
   </div>
   <div class='ocr_carea' id='block_1_20' title="bbox 1864 492 3448 568">
    <p class='ocr_par' dir='ltr' id='par_1_20' title="bbox 1864 492 3448 568">
     <span class='ocr_line' id='line_1_20' title="bbox 1864 492 3448 568; baseline -0.002 -16"><span class='ocrx_word' id='word_1_125' title='bbox 1864 498 2086 553; x_wconf 89' lang='lat' dir='ltr'><strong>Darium</strong></span> <span class='ocrx_word' id='word_1_126' title='bbox 2108 512 2283 568; x_wconf 85' lang='lat' dir='ltr'><strong>usque</strong></span> <span class='ocrx_word' id='word_1_127' title='bbox 2308 495 2597 552; x_wconf 86' lang='lat' dir='ltr'><strong>Persarum</strong></span> <span class='ocrx_word' id='word_1_128' title='bbox 2628 509 2832 565; x_wconf 81' lang='lat' dir='ltr'><strong>regem,</strong></span> <span class='ocrx_word' id='word_1_129' title='bbox 2855 503 2910 549; x_wconf 91' lang='lat' dir='ltr'><strong>et</strong></span> <span class='ocrx_word' id='word_1_130' title='bbox 2936 496 3301 551; x_wconf 87' lang='lat' dir='ltr'><strong>instauratum</strong></span> <span class='ocrx_word' id='word_1_131' title='bbox 3324 492 3448 549; x_wconf 86' lang='lat' dir='ltr'><strong>Hie-</strong></span> 
     </span>
    </p>
   </div>
   <div class='ocr_carea' id='block_1_21' title="bbox 1864 582 3446 659">
    <p class='ocr_par' dir='ltr' id='par_1_21' title="bbox 1864 582 3446 659">
     <span class='ocr_line' id='line_1_21' title="bbox 1864 582 3446 659; baseline -0.001 -17"><span class='ocrx_word' id='word_1_132' title='bbox 1864 589 2156 659; x_wconf 81' lang='lat' dir='ltr'><strong>rosolymis</strong></span> <span class='ocrx_word' id='word_1_133' title='bbox 2183 588 2286 643; x_wconf 90' lang='lat' dir='ltr'><strong>sub</strong></span> <span class='ocrx_word' id='word_1_134' title='bbox 2323 601 2391 642; x_wconf 90' lang='lat' dir='ltr'><strong>eo</strong></span> <span class='ocrx_word' id='word_1_135' title='bbox 2418 586 2716 655; x_wconf 84' lang='lat' dir='ltr'><strong>templum,</strong></span> <span class='ocrx_word' id='word_1_136' title='bbox 2754 584 2809 638; x_wconf 90' lang='lat' dir='ltr'><strong>id</strong></span> <span class='ocrx_word' id='word_1_137' title='bbox 2855 585 3002 655; x_wconf 92' lang='lat' dir='ltr'><strong>quod</strong></span> <span class='ocrx_word' id='word_1_138' title='bbox 3048 594 3174 656; x_wconf 85' lang='lat' dir='ltr'><strong>post</strong></span> <span class='ocrx_word' id='word_1_139' title='bbox 3231 582 3446 640; x_wconf 83' lang='lat' dir='ltr'><strong>Judaici</strong></span> 
     </span>
    </p>
   </div>
   <div class='ocr_carea' id='block_1_22' title="bbox 1863 677 3447 751">
    <p class='ocr_par' dir='ltr' id='par_1_22' title="bbox 1863 677 3447 751">
     <span class='ocr_line' id='line_1_22' title="bbox 1863 677 3447 751; baseline -0.003 -15"><span class='ocrx_word' id='word_1_140' title='bbox 1863 681 2049 751; x_wconf 93' lang='lat' dir='ltr'><strong>populi</strong></span> <span class='ocrx_word' id='word_1_141' title='bbox 2070 695 2138 736; x_wconf 85' lang='lat' dir='ltr'><strong>ex</strong></span> <span class='ocrx_word' id='word_1_142' title='bbox 2201 678 2479 749; x_wconf 84' lang='lat' dir='ltr'><strong>Babylone</strong></span> <span class='ocrx_word' id='word_1_143' title='bbox 2521 677 2759 734; x_wconf 85' lang='lat' dir='ltr'><strong>reditum</strong></span> <span class='ocrx_word' id='word_1_144' title='bbox 2803 677 3048 748; x_wconf 75' lang='lat' dir='ltr'><strong>contigit,</strong></span> <span class='ocrx_word' id='word_1_145' title='bbox 3102 679 3447 733; x_wconf 89' lang='lat' dir='ltr'><strong>numerando</strong></span> 
     </span>
    </p>
   </div>
   <div class='ocr_carea' id='block_1_23' title="bbox 1862 768 3447 843">
    <p class='ocr_par' dir='ltr' id='par_1_23' title="bbox 1862 768 3447 843">
     <span class='ocr_line' id='line_1_23' title="bbox 1862 768 3447 843; baseline -0.001 -16"><span class='ocrx_word' id='word_1_146' title='bbox 1862 774 2175 843; x_wconf 83' lang='lat' dir='ltr'><strong>perveniat;</strong></span> <span class='ocrx_word' id='word_1_147' title='bbox 2206 774 2252 828; x_wconf 90' lang='lat' dir='ltr'><strong>is</strong></span> <span class='ocrx_word' id='word_1_148' title='bbox 2285 788 2316 826; x_wconf 91' lang='lat' dir='ltr'><strong>a</strong></span> <span class='ocrx_word' id='word_1_149' title='bbox 2351 770 2573 826; x_wconf 86' lang='lat' dir='ltr'><strong>Tiberio</strong></span> <span class='ocrx_word' id='word_1_150' title='bbox 2617 770 2686 824; x_wconf 91' lang='lat' dir='ltr'><strong>ad</strong></span> <span class='ocrx_word' id='word_1_151' title='bbox 2734 768 2884 823; x_wconf 91' lang='lat' dir='ltr'><strong>Darii</strong></span> <span class='ocrx_word' id='word_1_152' title='bbox 2906 769 3209 826; x_wconf 89' lang='lat' dir='ltr'><strong>secundum</strong></span> <span class='ocrx_word' id='word_1_153' title='bbox 3230 810 3245 836; x_wconf 92' lang='lat'><strong>,</strong></span> <span class='ocrx_word' id='word_1_154' title='bbox 3269 785 3447 825; x_wconf 90' lang='lat' dir='ltr'><strong>annos</strong></span> 
     </span>
    </p>
   </div>
   <div class='ocr_carea' id='block_1_24' title="bbox 1863 861 3445 934">
    <p class='ocr_par' dir='ltr' id='par_1_24' title="bbox 1863 861 3445 934">
     <span class='ocr_line' id='line_1_24' title="bbox 1863 861 3445 934; baseline -0.003 -15"><span class='ocrx_word' id='word_1_155' title='bbox 1863 866 2089 919; x_wconf 89' lang='lat' dir='ltr'><strong>omnino</strong></span> <span class='ocrx_word' id='word_1_156' title='bbox 2142 863 2381 934; x_wconf 82' lang='lat' dir='ltr'><strong>reperiat</strong></span> <span class='ocrx_word' id='word_1_157' title='bbox 2423 862 2757 934; x_wconf 87' lang='lat' dir='ltr'><strong>quingentos</strong></span> <span class='ocrx_word' id='word_1_158' title='bbox 2799 870 2855 918; x_wconf 87' lang='lat' dir='ltr'><strong>et</strong></span> <span class='ocrx_word' id='word_1_159' title='bbox 2901 861 3267 933; x_wconf 80' lang='lat' dir='ltr'><strong>quadraginta</strong></span> <span class='ocrx_word' id='word_1_160' title='bbox 3295 870 3445 917; x_wconf 76' lang='lat' dir='ltr'><strong>octo.</strong></span> 
     </span>
    </p>
   </div>
   <div class='ocr_carea' id='block_1_25' title="bbox 1860 954 3446 1027">
    <p class='ocr_par' dir='ltr' id='par_1_25' title="bbox 1860 954 3446 1027">
     <span class='ocr_line' id='line_1_25' title="bbox 1860 954 3446 1027; baseline -0.001 -16"><span class='ocrx_word' id='word_1_161' title='bbox 1860 957 1997 1013; x_wconf 85' lang='lat' dir='ltr'><strong>Nam</strong></span> <span class='ocrx_word' id='word_1_162' title='bbox 2020 957 2169 1012; x_wconf 89' lang='lat' dir='ltr'><strong>Darii</strong></span> <span class='ocrx_word' id='word_1_163' title='bbox 2196 956 2419 1027; x_wconf 84' lang='lat' dir='ltr'><strong>quidem</strong></span> <span class='ocrx_word' id='word_1_164' title='bbox 2454 956 2734 1012; x_wconf 86' lang='lat' dir='ltr'><strong>secundus</strong></span> <span class='ocrx_word' id='word_1_165' title='bbox 2763 954 2819 1010; x_wconf 92' lang='lat' dir='ltr'><strong>in</strong></span> <span class='ocrx_word' id='word_1_166' title='bbox 2844 956 3086 1026; x_wconf 89' lang='lat' dir='ltr'><strong>primum</strong></span> <span class='ocrx_word' id='word_1_167' title='bbox 3116 955 3446 1027; x_wconf 86' lang='lat' dir='ltr'><strong>Olympiadis</strong></span> 
     </span>
    </p>
   </div>
   <div class='ocr_carea' id='block_1_26' title="bbox 1862 1046 3447 1119">
    <p class='ocr_par' dir='ltr' id='par_1_26' title="bbox 1862 1046 3447 1119">
     <span class='ocr_line' id='line_1_26' title="bbox 1862 1046 3447 1119; baseline 0.002 -15"><span class='ocrx_word' id='word_1_168' title='bbox 1862 1048 2217 1119; x_wconf 71' lang='lat' dir='ltr'><strong>sexagesima:</strong></span> <span class='ocrx_word' id='word_1_169' title='bbox 2258 1047 2483 1117; x_wconf 78' lang='lat' dir='ltr'><strong>quintae,</strong></span> <span class='ocrx_word' id='word_1_170' title='bbox 2522 1048 2738 1118; x_wconf 90' lang='lat' dir='ltr'><strong>imperii</strong></span> <span class='ocrx_word' id='word_1_171' title='bbox 2769 1063 2899 1103; x_wconf 88' lang='lat' dir='ltr'><strong>vero</strong></span> <span class='ocrx_word' id='word_1_172' title='bbox 2948 1046 3153 1104; x_wconf 88' lang='lat' dir='ltr'><strong>Tiberii</strong></span> <span class='ocrx_word' id='word_1_173' title='bbox 3199 1050 3447 1108; x_wconf 86' lang='lat' dir='ltr'><strong>decimus</strong></span> 
     </span>
    </p>
   </div>
   <div class='ocr_carea' id='block_1_27' title="bbox 1862 1140 3449 1212">
    <p class='ocr_par' dir='ltr' id='par_1_27' title="bbox 1862 1140 3449 1212">
     <span class='ocr_line' id='line_1_27' title="bbox 1862 1140 3449 1212; baseline 0.002 -16"><span class='ocrx_word' id='word_1_174' title='bbox 1862 1141 2087 1212; x_wconf 89' lang='lat' dir='ltr'><strong>quintus</strong></span> <span class='ocrx_word' id='word_1_175' title='bbox 2115 1141 2169 1195; x_wconf 90' lang='lat' dir='ltr'><strong>in</strong></span> <span class='ocrx_word' id='word_1_176' title='bbox 2199 1149 2457 1211; x_wconf 91' lang='lat' dir='ltr'><strong>quartum</strong></span> <span class='ocrx_word' id='word_1_177' title='bbox 2490 1140 2880 1196; x_wconf 87' lang='lat' dir='ltr'><strong>ducentesimae</strong></span> <span class='ocrx_word' id='word_1_178' title='bbox 2902 1140 3075 1196; x_wconf 71' lang='lat' dir='ltr'><strong>tertiae</strong></span> <span class='ocrx_word' id='word_1_179' title='bbox 3119 1141 3449 1212; x_wconf 80' lang='lat' dir='ltr'><strong>Olympiadis</strong></span> 
     </span>
    </p>
   </div>
   <div class='ocr_carea' id='block_1_28' title="bbox 1863 1232 3449 1301">
    <p class='ocr_par' dir='ltr' id='par_1_28' title="bbox 1863 1232 3449 1301">
     <span class='ocr_line' id='line_1_28' title="bbox 1863 1232 3449 1301; baseline 0.001 -13"><span class='ocrx_word' id='word_1_180' title='bbox 1863 1234 2113 1290; x_wconf 82' lang='lat' dir='ltr'><strong>incurrit.</strong></span> <span class='ocrx_word' id='word_1_181' title='bbox 2151 1234 2422 1301; x_wconf 88' lang='lat' dir='ltr'><strong>Quocirca</strong></span> <span class='ocrx_word' id='word_1_182' title='bbox 2468 1232 2697 1288; x_wconf 86' lang='lat' dir='ltr'><strong>Darium</strong></span> <span class='ocrx_word' id='word_1_183' title='bbox 2746 1232 2971 1289; x_wconf 89' lang='lat' dir='ltr'><strong>Persam</strong></span> <span class='ocrx_word' id='word_1_184' title='bbox 2998 1233 3160 1301; x_wconf 88' lang='lat' dir='ltr'><strong>inter,</strong></span> <span class='ocrx_word' id='word_1_185' title='bbox 3188 1248 3254 1289; x_wconf 90' lang='lat' dir='ltr'><strong>ac</strong></span> <span class='ocrx_word' id='word_1_186' title='bbox 3285 1232 3449 1289; x_wconf 86' lang='lat' dir='ltr'><strong>Tibe-</strong></span> 
     </span>
    </p>
   </div>
   <div class='ocr_carea' id='block_1_29' title="bbox 1864 1325 3446 1399">
    <p class='ocr_par' dir='ltr' id='par_1_29' title="bbox 1864 1325 3446 1399">
     <span class='ocr_line' id='line_1_29' title="bbox 1864 1325 3446 1399; baseline 0.001 -18"><span class='ocrx_word' id='word_1_187' title='bbox 1864 1327 2007 1382; x_wconf 90' lang='lat' dir='ltr'><strong>rium</strong></span> <span class='ocrx_word' id='word_1_188' title='bbox 2038 1325 2417 1384; x_wconf 86' lang='lat' dir='ltr'><strong>Romanorum</strong></span> <span class='ocrx_word' id='word_1_189' title='bbox 2450 1326 3095 1397; x_wconf 87' lang='lat' dir='ltr'><strong>imperatorem,centum</strong></span> <span class='ocrx_word' id='word_1_190' title='bbox 3124 1341 3189 1382; x_wconf 89' lang='lat' dir='ltr'><strong>ac</strong></span> <span class='ocrx_word' id='word_1_191' title='bbox 3221 1325 3446 1399; x_wconf 79' lang='lat' dir='ltr'><strong>triginta</strong></span> 
     </span>
    </p>
   </div>
   <div class='ocr_carea' id='block_1_30' title="bbox 1864 1419 3448 1490">
    <p class='ocr_par' dir='ltr' id='par_1_30' title="bbox 1864 1419 3448 1490">
     <span class='ocr_line' id='line_1_30' title="bbox 1864 1419 3448 1490; baseline 0.001 -17"><span class='ocrx_word' id='word_1_192' title='bbox 1864 1428 2071 1489; x_wconf 87' lang='lat' dir='ltr'><strong>septem</strong></span> <span class='ocrx_word' id='word_1_193' title='bbox 2096 1419 2438 1490; x_wconf 81' lang='lat' dir='ltr'><strong>olympiades</strong></span> <span class='ocrx_word' id='word_1_194' title='bbox 2469 1419 2839 1484; x_wconf 88' lang='lat' dir='ltr'><strong>intercedunt,</strong></span> <span class='ocrx_word' id='word_1_195' title='bbox 2874 1433 2998 1489; x_wconf 71' lang='lat' dir='ltr'><strong>qua:</strong></span> <span class='ocrx_word' id='word_1_196' title='bbox 3036 1433 3310 1475; x_wconf 88' lang='lat' dir='ltr'><strong>summam</strong></span> <span class='ocrx_word' id='word_1_197' title='bbox 3344 1435 3448 1476; x_wconf 87' lang='lat' dir='ltr'><strong>an—</strong></span> 
     </span>
    </p>
   </div>
   <div class='ocr_carea' id='block_1_31' title="bbox 1831 1510 3444 1580">
    <p class='ocr_par' dir='ltr' id='par_1_31' title="bbox 1831 1510 3444 1580">
     <span class='ocr_line' id='line_1_31' title="bbox 1831 1510 3444 1580; baseline 0.001 -16"><span class='ocrx_word' id='word_1_198' title='bbox 1831 1522 1841 1537; x_wconf 83' lang='lat'><strong><em>&#39;</em></strong></span> <span class='ocrx_word' id='word_1_199' title='bbox 1861 1525 2062 1564; x_wconf 88' lang='lat' dir='ltr'><strong>norum</strong></span> <span class='ocrx_word' id='word_1_200' title='bbox 2088 1510 2515 1580; x_wconf 84' lang='lat' dir='ltr'><strong>quingentorum</strong></span> <span class='ocrx_word' id='word_1_201' title='bbox 2529 1518 2583 1565; x_wconf 89' lang='lat' dir='ltr'><strong>et</strong></span> <span class='ocrx_word' id='word_1_202' title='bbox 2604 1511 2969 1580; x_wconf 78' lang='lat' dir='ltr'><strong>quadraginta</strong></span> <span class='ocrx_word' id='word_1_203' title='bbox 2985 1518 3111 1566; x_wconf 88' lang='lat' dir='ltr'><strong>octo</strong></span> <span class='ocrx_word' id='word_1_204' title='bbox 3124 1510 3444 1577; x_wconf 83' lang='lat' dir='ltr'><strong>conﬁciunt,</strong></span> 
     </span>
    </p>
   </div>
   <div class='ocr_carea' id='block_1_32' title="bbox 1861 1601 3448 1675">
    <p class='ocr_par' dir='ltr' id='par_1_32' title="bbox 1861 1601 3448 1675">
     <span class='ocr_line' id='line_1_32' title="bbox 1861 1601 3448 1675; baseline 0.002 -18"><span class='ocrx_word' id='word_1_205' title='bbox 1861 1601 2225 1674; x_wconf 87' lang='lat' dir='ltr'><strong>quadriennio</strong></span> <span class='ocrx_word' id='word_1_206' title='bbox 2242 1603 2473 1674; x_wconf 74' lang='lat' dir='ltr'><strong>singulis</strong></span> <span class='ocrx_word' id='word_1_207' title='bbox 2496 1602 2897 1674; x_wconf 88' lang='lat' dir='ltr'><strong>olympiadibus</strong></span> <span class='ocrx_word' id='word_1_208' title='bbox 2914 1604 3199 1661; x_wconf 80' lang='lat' dir='ltr'><strong>attribute.</strong></span> <span class='ocrx_word' id='word_1_209' title='bbox 3218 1603 3288 1659; x_wconf 88' lang='lat' dir='ltr'><strong>Et</strong></span> <span class='ocrx_word' id='word_1_210' title='bbox 3308 1620 3448 1675; x_wconf 91' lang='lat' dir='ltr'><strong>quo-</strong></span> 
     </span>
    </p>
   </div>
   <div class='ocr_carea' id='block_1_33' title="bbox 179 1692 1757 1772">
    <p class='ocr_par' dir='ltr' id='par_1_33' title="bbox 179 1697 1757 1772">
     <span class='ocr_line' id='line_1_33' title="bbox 179 1697 1757 1772; baseline -0.003 -18"><span class='ocrx_word' id='word_1_211' title='bbox 179 1700 501 1772; x_wconf 63' lang='grc' dir='ltr'>παρίστησι,</span> <span class='ocrx_word' id='word_1_212' title='bbox 530 1698 820 1754; x_wconf 80' lang='grc' dir='ltr'>κάντεῦθεν</span> <span class='ocrx_word' id='word_1_213' title='bbox 863 1698 1023 1752; x_wconf 87' lang='grc' dir='ltr'>πάλιν</span> <span class='ocrx_word' id='word_1_214' title='bbox 1064 1699 1490 1772; x_wconf 83' lang='grc' dir='ltr'>ἀνατρεχόντων,</span> <span class='ocrx_word' id='word_1_215' title='bbox 1519 1697 1628 1752; x_wconf 88' lang='grc' dir='ltr'><strong>άπὸ</strong></span> <span class='ocrx_word' id='word_1_216' title='bbox 1663 1697 1757 1768; x_wconf 79' lang='grc' dir='ltr'>μὲν</span> 
     </span>
    </p>
   </div>
   <div class='ocr_carea' id='block_1_34' title="bbox 1860 1692 3447 1772">
    <p class='ocr_par' dir='ltr' id='par_1_34' title="bbox 1863 1692 3447 1767">
     <span class='ocr_line' id='line_1_34' title="bbox 1863 1692 3447 1767; baseline 0.003 -21"><span class='ocrx_word' id='word_1_217' title='bbox 1863 1692 2013 1747; x_wconf 85' lang='lat' dir='ltr'><strong>niam</strong></span> <span class='ocrx_word' id='word_1_218' title='bbox 2048 1692 2195 1747; x_wconf 89' lang='lat' dir='ltr'><strong>Darii</strong></span> <span class='ocrx_word' id='word_1_219' title='bbox 2228 1694 2506 1750; x_wconf 88' lang='lat' dir='ltr'><strong>secundus</strong></span> <span class='ocrx_word' id='word_1_220' title='bbox 2559 1710 2760 1759; x_wconf 88' lang='lat' dir='ltr'><strong>annus,</strong></span> <span class='ocrx_word' id='word_1_221' title='bbox 2792 1709 2918 1750; x_wconf 89' lang='lat' dir='ltr'><strong>cum</strong></span> <span class='ocrx_word' id='word_1_222' title='bbox 2963 1693 3447 1767; x_wconf 85' lang='lat' dir='ltr'><strong>Hierosolymitani</strong></span> 
     </span>
    </p>
   </div>
   <div class='ocr_carea' id='block_1_35' title="bbox 175 1778 1757 1864">
    <p class='ocr_par' dir='ltr' id='par_1_35' title="bbox 175 1790 1757 1864">
     <span class='ocr_line' id='line_1_35' title="bbox 175 1790 1757 1864; baseline -0.002 -18"><span class='ocrx_word' id='word_1_223' title='bbox 175 1792 273 1846; x_wconf 79' lang='grc' dir='ltr'><strong>τοῦ</strong></span> <span class='ocrx_word' id='word_1_224' title='bbox 304 1792 560 1864; x_wconf 79' lang='grc' dir='ltr'>δευτέρου</span> <span class='ocrx_word' id='word_1_225' title='bbox 589 1791 743 1855; x_wconf 83' lang='grc' dir='ltr'>ἔτους</span> <span class='ocrx_word' id='word_1_226' title='bbox 772 1793 997 1863; x_wconf 83' lang='grc' dir='ltr'>Δαρείου</span> <span class='ocrx_word' id='word_1_227' title='bbox 1038 1792 1131 1845; x_wconf 70' lang='grc' dir='ltr'>ἐπὶ</span> <span class='ocrx_word' id='word_1_228' title='bbox 1170 1792 1269 1863; x_wconf 85' lang='grc' dir='ltr'>τὴν</span> <span class='ocrx_word' id='word_1_229' title='bbox 1302 1791 1525 1863; x_wconf 82' lang='grc' dir='ltr'>πρώτην</span> <span class='ocrx_word' id='word_1_230' title='bbox 1569 1790 1757 1861; x_wconf 90' lang='grc' dir='ltr'>Ὀλυμ-</span> 
     </span>
    </p>
   </div>
   <div class='ocr_carea' id='block_1_36' title="bbox 1860 1778 3447 1864">
    <p class='ocr_par' dir='ltr' id='par_1_36' title="bbox 1866 1784 3447 1857">
     <span class='ocr_line' id='line_1_36' title="bbox 1866 1784 3447 1857; baseline 0.001 -19"><span class='ocrx_word' id='word_1_231' title='bbox 1866 1784 2054 1854; x_wconf 89' lang='lat' dir='ltr'><strong>templi</strong></span> <span class='ocrx_word' id='word_1_232' title='bbox 2109 1784 2382 1839; x_wconf 81' lang='lat' dir='ltr'><strong>vastitatis</strong></span> <span class='ocrx_word' id='word_1_233' title='bbox 2432 1786 2837 1855; x_wconf 87' lang='lat' dir='ltr'><strong>septuagesimo</strong></span> <span class='ocrx_word' id='word_1_234' title='bbox 2885 1786 3225 1857; x_wconf 79' lang='lat' dir='ltr'><strong>congruebat</strong></span> <span class='ocrx_word' id='word_1_235' title='bbox 3272 1795 3333 1840; x_wconf 91' lang='lat' dir='ltr'><strong>ut</strong></span> <span class='ocrx_word' id='word_1_236' title='bbox 3377 1801 3447 1841; x_wconf 87' lang='lat' dir='ltr'><strong>ex</strong></span> 
     </span>
    </p>
   </div>
   <div class='ocr_carea' id='block_1_37' title="bbox 177 1882 1763 1956">
    <p class='ocr_par' dir='ltr' id='par_1_37' title="bbox 177 1882 1763 1956">
     <span class='ocr_line' id='line_1_37' title="bbox 177 1882 1763 1956; baseline -0.001 -18"><span class='ocrx_word' id='word_1_237' title='bbox 177 1884 347 1938; x_wconf 85' lang='grc' dir='ltr'>πιάδα</span> <span class='ocrx_word' id='word_1_238' title='bbox 373 1884 466 1955; x_wconf 78' lang='grc' dir='ltr'>ἔτη</span> <span class='ocrx_word' id='word_1_239' title='bbox 503 1882 772 1953; x_wconf 82' lang='grc' dir='ltr'>συνάγοιτ’</span> <span class='ocrx_word' id='word_1_240' title='bbox 806 1883 872 1938; x_wconf 81' lang='grc' dir='ltr'>ἂν</span> <span class='ocrx_word' id='word_1_241' title='bbox 924 1891 1066 1950; x_wconf 85' lang='grc' dir='ltr'>σνς’,</span> <span class='ocrx_word' id='word_1_242' title='bbox 1125 1884 1482 1956; x_wconf 86' lang='grc' dir='ltr'>Ὀλυμπιάδες</span> <span class='ocrx_word' id='word_1_243' title='bbox 1528 1883 1628 1948; x_wconf 70' lang='grc' dir='ltr'><strong>ξδ’</strong></span> <span class='ocrx_word' id='word_1_244' title='bbox 1675 1900 1763 1936; x_wconf 89' lang='grc' dir='ltr'>το-</span> 
     </span>
    </p>
   </div>
   <div class='ocr_carea' id='block_1_38' title="bbox 178 1975 1761 2049">
    <p class='ocr_par' dir='ltr' id='par_1_38' title="bbox 178 1975 1761 2049">
     <span class='ocr_line' id='line_1_38' title="bbox 178 1975 1761 2049; baseline -0.001 -19"><span class='ocrx_word' id='word_1_245' title='bbox 178 1975 358 2031; x_wconf 80' lang='grc' dir='ltr'>σαῦτα</span> <span class='ocrx_word' id='word_1_246' title='bbox 394 1977 441 2030; x_wconf 84' lang='grc' dir='ltr'>δ’</span> <span class='ocrx_word' id='word_1_247' title='bbox 476 1975 544 2030; x_wconf 83' lang='grc' dir='ltr'>ἂν</span> <span class='ocrx_word' id='word_1_248' title='bbox 590 1976 770 2046; x_wconf 79' lang='grc' dir='ltr'>εὕροις</span> <span class='ocrx_word' id='word_1_249' title='bbox 797 1977 865 2030; x_wconf 84' lang='grc' dir='ltr'>τὰ</span> <span class='ocrx_word' id='word_1_250' title='bbox 917 1977 1026 2030; x_wconf 84' lang='grc' dir='ltr'>ἀπὸ</span> <span class='ocrx_word' id='word_1_251' title='bbox 1056 1975 1151 2029; x_wconf 78' lang='grc' dir='ltr'>τοῦ</span> <span class='ocrx_word' id='word_1_252' title='bbox 1198 1977 1427 2031; x_wconf 83' lang='grc' dir='ltr'>ὑστάτου</span> <span class='ocrx_word' id='word_1_253' title='bbox 1470 1975 1623 2041; x_wconf 82' lang='grc' dir='ltr'>ἔτους</span> <span class='ocrx_word' id='word_1_254' title='bbox 1663 1979 1761 2049; x_wconf 80' lang='grc' dir='ltr'>τῆς</span> 
     </span>
    </p>
   </div>
   <div class='ocr_carea' id='block_1_39' title="bbox 175 2066 1760 2139">
    <p class='ocr_par' dir='ltr' id='par_1_39' title="bbox 175 2066 1760 2139">
     <span class='ocr_line' id='line_1_39' title="bbox 175 2066 1760 2139; baseline 0 -19"><span class='ocrx_word' id='word_1_255' title='bbox 175 2068 415 2139; x_wconf 86' lang='grc' dir='ltr'>ἐρημίας</span> <span class='ocrx_word' id='word_1_256' title='bbox 446 2066 540 2121; x_wconf 82' lang='grc' dir='ltr'>τοῦ</span> <span class='ocrx_word' id='word_1_257' title='bbox 569 2066 897 2138; x_wconf 84' lang='grc' dir='ltr'>δηλωθέντος</span> <span class='ocrx_word' id='word_1_258' title='bbox 926 2067 1071 2139; x_wconf 79' lang='grc' dir='ltr'>ἱεροῦ</span> <span class='ocrx_word' id='word_1_259' title='bbox 1117 2068 1211 2121; x_wconf 75' lang='grc' dir='ltr'>ἐπὶ</span> <span class='ocrx_word' id='word_1_260' title='bbox 1242 2068 1305 2121; x_wconf 91' lang='grc' dir='ltr'><strong>τὸ</strong></span> <span class='ocrx_word' id='word_1_261' title='bbox 1346 2075 1389 2122; x_wconf 87' lang='grc' dir='ltr'>ν’</span> <span class='ocrx_word' id='word_1_262' title='bbox 1408 2067 1550 2134; x_wconf 62' lang='grc' dir='ltr'>,ἔτος</span> <span class='ocrx_word' id='word_1_263' title='bbox 1584 2066 1760 2132; x_wconf 79' lang='grc' dir='ltr'>Ὀζίου</span> 
     </span>
    </p>
   </div>
   <div class='ocr_carea' id='block_1_40' title="bbox 173 2157 1760 2232">
    <p class='ocr_par' dir='ltr' id='par_1_40' title="bbox 173 2157 1760 2232">
     <span class='ocr_line' id='line_1_40' title="bbox 173 2157 1760 2232; baseline 0.001 -21"><span class='ocrx_word' id='word_1_264' title='bbox 173 2157 274 2212; x_wconf 80' lang='grc' dir='ltr'><strong>τοῦ</strong></span> <span class='ocrx_word' id='word_1_265' title='bbox 304 2158 417 2212; x_wconf 82' lang='grc' dir='ltr'>τῶν</span> <span class='ocrx_word' id='word_1_266' title='bbox 455 2159 722 2212; x_wconf 86' lang='grc' dir='ltr'>Ἰουδαίων</span> <span class='ocrx_word' id='word_1_267' title='bbox 756 2158 1020 2229; x_wconf 80' lang='grc' dir='ltr'>βασιλέως</span> <span class='ocrx_word' id='word_1_268' title='bbox 1060 2158 1247 2224; x_wconf 79' lang='grc' dir='ltr'>ἀνιὼν,</span> <span class='ocrx_word' id='word_1_269' title='bbox 1273 2159 1397 2213; x_wconf 85' lang='grc' dir='ltr'>καθ’</span> <span class='ocrx_word' id='word_1_270' title='bbox 1422 2159 1482 2215; x_wconf 83' lang='grc' dir='ltr'><strong>δν</strong></span> <span class='ocrx_word' id='word_1_271' title='bbox 1516 2160 1760 2232; x_wconf 84' lang='grc' dir='ltr'>προεφή-</span> 
     </span>
    </p>
   </div>
   <div class='ocr_carea' id='block_1_41' title="bbox 172 2248 1761 2319">
    <p class='ocr_par' dir='ltr' id='par_1_41' title="bbox 172 2248 1761 2319">
     <span class='ocr_line' id='line_1_41' title="bbox 172 2248 1761 2319; baseline 0 -17"><span class='ocrx_word' id='word_1_272' title='bbox 172 2264 336 2302; x_wconf 83' lang='grc' dir='ltr'>τευον</span> <span class='ocrx_word' id='word_1_273' title='bbox 375 2248 601 2313; x_wconf 77' lang='grc' dir='ltr'>Ἡσαΐας</span> <span class='ocrx_word' id='word_1_274' title='bbox 639 2249 734 2302; x_wconf 79' lang='grc' dir='ltr'>καὶ</span> <span class='ocrx_word' id='word_1_275' title='bbox 778 2249 954 2319; x_wconf 83' lang='grc' dir='ltr'>Ὠσηὲ,</span> <span class='ocrx_word' id='word_1_276' title='bbox 985 2250 1098 2304; x_wconf 83' lang='grc' dir='ltr'>ὅσοι</span> <span class='ocrx_word' id='word_1_277' title='bbox 1144 2268 1203 2303; x_wconf 90' lang='grc' dir='ltr'><strong>τε</strong></span> <span class='ocrx_word' id='word_1_278' title='bbox 1255 2250 1462 2315; x_wconf 81' lang='grc' dir='ltr'>τούτοις</span> <span class='ocrx_word' id='word_1_279' title='bbox 1504 2250 1761 2319; x_wconf 87' lang='grc' dir='ltr'>γεγόνασι</span> 
     </span>
    </p>
   </div>
   <div class='ocr_carea' id='block_1_42' title="bbox 178 2336 1760 2418">
    <p class='ocr_par' dir='ltr' id='par_1_42' title="bbox 178 2336 1760 2418">
     <span class='ocr_line' id='line_1_42' title="bbox 178 2336 1760 2418; baseline 0.005 -25"><span class='ocrx_word' id='word_1_280' title='bbox 178 2338 502 2412; x_wconf 86' lang='grc' dir='ltr'>σύγχρονοι·</span> <span class='ocrx_word' id='word_1_281' title='bbox 548 2339 676 2394; x_wconf 84' lang='grc' dir='ltr'>ὥστ’</span> <span class='ocrx_word' id='word_1_282' title='bbox 721 2336 862 2396; x_wconf 77' lang='grc' dir='ltr'>εἶναι</span> <span class='ocrx_word' id='word_1_283' title='bbox 909 2341 1006 2412; x_wconf 83' lang='grc' dir='ltr'>τὴν</span> <span class='ocrx_word' id='word_1_284' title='bbox 1049 2341 1272 2415; x_wconf 86' lang='grc' dir='ltr'>πρώτην</span> <span class='ocrx_word' id='word_1_285' title='bbox 1318 2342 1440 2396; x_wconf 86' lang='grc' dir='ltr'>καθ’</span> <span class='ocrx_word' id='word_1_286' title='bbox 1490 2344 1760 2418; x_wconf 83' lang='grc' dir='ltr'>Ἕλληνας</span> 
     </span>
    </p>
   </div>
   <div class='ocr_carea' id='block_1_43' title="bbox 187 2432 1761 2507">
    <p class='ocr_par' dir='ltr' id='par_1_43' title="bbox 187 2432 1761 2507">
     <span class='ocr_line' id='line_1_43' title="bbox 187 2432 1761 2507; baseline -0.002 -19"><span class='ocrx_word' id='word_1_287' title='bbox 187 2432 529 2504; x_wconf 85' lang='grc' dir='ltr'>Ὀλυμπιάδα</span> <span class='ocrx_word' id='word_1_288' title='bbox 557 2433 853 2504; x_wconf 78' lang='grc' dir='ltr'>σύνδρομον</span> <span class='ocrx_word' id='word_1_289' title='bbox 889 2432 967 2504; x_wconf 83' lang='grc' dir='ltr'>τῷ</span> <span class='ocrx_word' id='word_1_290' title='bbox 998 2436 1254 2507; x_wconf 80' lang='grc' dir='ltr'>προφήτῃ</span> <span class='ocrx_word' id='word_1_291' title='bbox 1294 2434 1489 2505; x_wconf 78' lang='grc' dir='ltr'>Ἡσαΐᾳ</span> <span class='ocrx_word' id='word_1_292' title='bbox 1521 2435 1618 2487; x_wconf 73' lang='grc' dir='ltr'>καὶ</span> <span class='ocrx_word' id='word_1_293' title='bbox 1648 2440 1761 2497; x_wconf 84' lang='grc' dir='ltr'>τοῖς</span> 
     </span>
    </p>
   </div>
   <div class='ocr_carea' id='block_1_44' title="bbox 173 2523 1760 2598">
    <p class='ocr_par' dir='ltr' id='par_1_44' title="bbox 173 2523 1760 2598">
     <span class='ocr_line' id='line_1_44' title="bbox 173 2523 1760 2598; baseline -0.001 -20"><span class='ocrx_word' id='word_1_294' title='bbox 173 2524 374 2579; x_wconf 83' lang='grc' dir='ltr'>τούτου</span> <span class='ocrx_word' id='word_1_295' title='bbox 405 2526 734 2597; x_wconf 86' lang='grc' dir='ltr'>συγχρόνοις.</span> <span class='ocrx_word' id='word_1_296' title='bbox 765 2526 933 2580; x_wconf 88' lang='grc' dir='ltr'>Πάλιν</span> <span class='ocrx_word' id='word_1_297' title='bbox 954 2526 1009 2578; x_wconf 82' lang='grc' dir='ltr'>δὲ</span> <span class='ocrx_word' id='word_1_298' title='bbox 1039 2526 1146 2580; x_wconf 83' lang='grc' dir='ltr'>ἀπὸ</span> <span class='ocrx_word' id='word_1_299' title='bbox 1170 2527 1267 2596; x_wconf 82' lang='grc' dir='ltr'><strong>τῆς</strong></span> <span class='ocrx_word' id='word_1_300' title='bbox 1298 2525 1523 2598; x_wconf 83' lang='grc' dir='ltr'>πρώτης</span> <span class='ocrx_word' id='word_1_301' title='bbox 1562 2523 1760 2595; x_wconf 84' lang='grc' dir='ltr'>Ὀλυμ-</span> 
     </span>
    </p>
   </div>
   <div class='ocr_carea' id='block_1_45' title="bbox 174 2615 1759 2688">
    <p class='ocr_par' dir='ltr' id='par_1_45' title="bbox 174 2615 1759 2688">
     <span class='ocr_line' id='line_1_45' title="bbox 174 2615 1759 2688; baseline -0.003 -16"><span class='ocrx_word' id='word_1_302' title='bbox 174 2618 390 2680; x_wconf 85' lang='grc' dir='ltr'>πιάδος,</span> <span class='ocrx_word' id='word_1_303' title='bbox 423 2618 516 2671; x_wconf 81' lang='grc' dir='ltr'>ἐπὶ</span> <span class='ocrx_word' id='word_1_304' title='bbox 559 2618 685 2681; x_wconf 79' lang='grc' dir='ltr'>τοὺς</span> <span class='ocrx_word' id='word_1_305' title='bbox 734 2617 1042 2688; x_wconf 77' lang='grc' dir='ltr'>ἔμπροσθεν</span> <span class='ocrx_word' id='word_1_306' title='bbox 1092 2615 1259 2677; x_wconf 81' lang='grc' dir='ltr'>ἀνιὼν</span> <span class='ocrx_word' id='word_1_307' title='bbox 1309 2616 1553 2687; x_wconf 84' lang='grc' dir='ltr'>χρόνους,</span> <span class='ocrx_word' id='word_1_308' title='bbox 1598 2616 1759 2688; x_wconf 84' lang='grc' dir='ltr'>μέχρι</span> 
     </span>
    </p>
   </div>
   <div class='ocr_carea' id='block_1_46' title="bbox 169 2707 1759 2781">
    <p class='ocr_par' dir='ltr' id='par_1_46' title="bbox 169 2707 1759 2781">
     <span class='ocr_line' id='line_1_46' title="bbox 169 2707 1759 2781; baseline 0 -20"><span class='ocrx_word' id='word_1_309' title='bbox 169 2710 278 2780; x_wconf 77' lang='grc' dir='ltr'>τῆς</span> <span class='ocrx_word' id='word_1_310' title='bbox 318 2708 470 2762; x_wconf 83' lang='grc' dir='ltr'>Ἰλίου</span> <span class='ocrx_word' id='word_1_311' title='bbox 514 2708 766 2772; x_wconf 84' lang='grc' dir='ltr'>ἁλώσεως</span> <span class='ocrx_word' id='word_1_312' title='bbox 802 2709 1055 2781; x_wconf 82' lang='grc' dir='ltr'>εὑρήσεις</span> <span class='ocrx_word' id='word_1_313' title='bbox 1089 2709 1183 2780; x_wconf 77' lang='grc' dir='ltr'>ἔτη</span> <span class='ocrx_word' id='word_1_314' title='bbox 1218 2707 1759 2779; x_wconf 82' lang='grc' dir='ltr'>συγκεφαλαιούμενα</span> 
     </span>
    </p>
   </div>
   <div class='ocr_carea' id='block_1_47' title="bbox 171 2800 1760 2872">
    <p class='ocr_par' dir='ltr' id='par_1_47' title="bbox 171 2800 1760 2872">
     <span class='ocr_line' id='line_1_47' title="bbox 171 2800 1760 2872; baseline 0 -19"><span class='ocrx_word' id='word_1_315' title='bbox 171 2805 282 2871; x_wconf 82' lang='grc' dir='ltr'>υη’,</span> <span class='ocrx_word' id='word_1_316' title='bbox 310 2800 388 2863; x_wconf 84' lang='grc' dir='ltr'><strong>ὡς</strong></span> <span class='ocrx_word' id='word_1_317' title='bbox 415 2801 473 2853; x_wconf 81' lang='grc' dir='ltr'>αἱ</span> <span class='ocrx_word' id='word_1_318' title='bbox 502 2802 629 2872; x_wconf 87' lang='grc' dir='ltr'>παρ’</span> <span class='ocrx_word' id='word_1_319' title='bbox 665 2801 887 2871; x_wconf 86' lang='grc' dir='ltr'>Ἕλλησι</span> <span class='ocrx_word' id='word_1_320' title='bbox 908 2802 1016 2855; x_wconf 85' lang='grc' dir='ltr'>τῶν</span> <span class='ocrx_word' id='word_1_321' title='bbox 1041 2801 1246 2871; x_wconf 88' lang='grc' dir='ltr'>χρόνων</span> <span class='ocrx_word' id='word_1_322' title='bbox 1265 2801 1579 2871; x_wconf 74' lang='grc' dir='ltr'>ἀναγραφαὶ</span> <span class='ocrx_word' id='word_1_323' title='bbox 1603 2817 1760 2872; x_wconf 85' lang='grc' dir='ltr'>περι-</span> 
     </span>
    </p>
   </div>
   <div class='ocr_carea' id='block_1_48' title="bbox 172 2891 1762 2964">
    <p class='ocr_par' dir='ltr' id='par_1_48' title="bbox 172 2891 1762 2964">
     <span class='ocr_line' id='line_1_48' title="bbox 172 2891 1762 2964; baseline -0.004 -15"><span class='ocrx_word' id='word_1_324' title='bbox 172 2894 380 2964; x_wconf 80' lang='grc' dir='ltr'>έχουσι.</span> <span class='ocrx_word' id='word_1_325' title='bbox 414 2892 525 2946; x_wconf 77' lang='grc' dir='ltr'><strong>Καὶ</strong></span> <span class='ocrx_word' id='word_1_326' title='bbox 556 2891 678 2946; x_wconf 85' lang='grc' dir='ltr'>καθ’</span> <span class='ocrx_word' id='word_1_327' title='bbox 714 2892 1016 2963; x_wconf 86' lang='grc' dir='ltr'>Ἐϐραίους,</span> <span class='ocrx_word' id='word_1_328' title='bbox 1069 2892 1177 2945; x_wconf 83' lang='grc' dir='ltr'>ἀπὸ</span> <span class='ocrx_word' id='word_1_329' title='bbox 1213 2891 1578 2963; x_wconf 81' lang='grc' dir='ltr'>πεντηκοστοῦ</span> <span class='ocrx_word' id='word_1_330' title='bbox 1610 2891 1762 2954; x_wconf 81' lang='grc' dir='ltr'>ἔτους</span> 
     </span>
    </p>
   </div>
   <div class='ocr_carea' id='block_1_49' title="bbox 183 2984 1761 3057">
    <p class='ocr_par' dir='ltr' id='par_1_49' title="bbox 183 2984 1761 3057">
     <span class='ocr_line' id='line_1_49' title="bbox 183 2984 1761 3057; baseline -0.001 -18"><span class='ocrx_word' id='word_1_331' title='bbox 183 2984 366 3051; x_wconf 76' lang='grc' dir='ltr'>Ὀζίου</span> <span class='ocrx_word' id='word_1_332' title='bbox 398 2985 492 3038; x_wconf 81' lang='grc' dir='ltr'>τοῦ</span> <span class='ocrx_word' id='word_1_333' title='bbox 524 2985 790 3039; x_wconf 88' lang='grc' dir='ltr'>Ἰουδαίων</span> <span class='ocrx_word' id='word_1_334' title='bbox 831 2984 1094 3055; x_wconf 84' lang='grc' dir='ltr'>βασιλέως</span> <span class='ocrx_word' id='word_1_335' title='bbox 1143 2984 1306 3038; x_wconf 89' lang='grc' dir='ltr'>ἀνιὼν</span> <span class='ocrx_word' id='word_1_336' title='bbox 1348 2984 1440 3038; x_wconf 77' lang='grc' dir='ltr'><strong>ἐπὶ</strong></span> <span class='ocrx_word' id='word_1_337' title='bbox 1478 2984 1540 3037; x_wconf 91' lang='grc' dir='ltr'><strong>τὸ</strong></span> <span class='ocrx_word' id='word_1_338' title='bbox 1578 2984 1761 3057; x_wconf 91' lang='grc' dir='ltr'>τρίτον</span> 
     </span>
    </p>
   </div>
   <div class='ocr_carea' id='block_1_50' title="bbox 170 3068 1760 3148">
    <p class='ocr_par' dir='ltr' id='par_1_50' title="bbox 170 3068 1760 3148">
     <span class='ocr_line' id='line_1_50' title="bbox 170 3068 1760 3148; baseline -0.002 -16"><span class='ocrx_word' id='word_1_339' title='bbox 170 3077 295 3140; x_wconf 74' lang='grc' dir='ltr'>ἔτος</span> <span class='ocrx_word' id='word_1_340' title='bbox 330 3076 554 3131; x_wconf 83' lang='grc' dir='ltr'>Δαϐδὼν</span> <span class='ocrx_word' id='word_1_341' title='bbox 588 3079 718 3148; x_wconf 78' lang='grc' dir='ltr'>παρ’</span> <span class='ocrx_word' id='word_1_342' title='bbox 759 3076 1031 3148; x_wconf 87' lang='grc' dir='ltr'>Ἑϐραίοις</span> <span class='ocrx_word' id='word_1_343' title='bbox 1073 3076 1367 3147; x_wconf 77' lang='grc' dir='ltr'>γενομένου</span> <span class='ocrx_word' id='word_1_344' title='bbox 1405 3068 1616 3148; x_wconf 81' lang='grc' dir='ltr'>κριτοῦ,</span> <span class='ocrx_word' id='word_1_345' title='bbox 1670 3076 1760 3129; x_wconf 92' lang='grc' dir='ltr'><strong>τὸν</strong></span> 
     </span>
    </p>
   </div>
   <div class='ocr_carea' id='block_1_51' title="bbox 173 3164 1758 3241">
    <p class='ocr_par' dir='ltr' id='par_1_51' title="bbox 173 3164 1758 3241">
     <span class='ocr_line' id='line_1_51' title="bbox 173 3164 1758 3241; baseline 0 -20"><span class='ocrx_word' id='word_1_346' title='bbox 173 3170 291 3224; x_wconf 76' lang='grc' dir='ltr'>ἴσον</span> <span class='ocrx_word' id='word_1_347' title='bbox 347 3169 595 3234; x_wconf 86' lang='grc' dir='ltr'>συνάξεις</span> <span class='ocrx_word' id='word_1_348' title='bbox 638 3169 867 3241; x_wconf 83' lang='grc' dir='ltr'>ἀριθμὸν</span> <span class='ocrx_word' id='word_1_349' title='bbox 929 3169 1065 3222; x_wconf 83' lang='grc' dir='ltr'>ἐτῶν</span> <span class='ocrx_word' id='word_1_350' title='bbox 1110 3175 1225 3239; x_wconf 69' lang='lat' dir='ltr'><strong>un&quot;</strong></span> <span class='ocrx_word' id='word_1_351' title='bbox 1278 3168 1409 3222; x_wconf 84' lang='grc' dir='ltr'>ὥστ’</span> <span class='ocrx_word' id='word_1_352' title='bbox 1463 3164 1602 3222; x_wconf 75' lang='grc' dir='ltr'>εἶναι</span> <span class='ocrx_word' id='word_1_353' title='bbox 1660 3168 1758 3241; x_wconf 83' lang='grc' dir='ltr'><strong>τὴν</strong></span> 
     </span>
    </p>
   </div>
   <div class='ocr_carea' id='block_1_52' title="bbox 183 3260 1756 3334">
    <p class='ocr_par' dir='ltr' id='par_1_52' title="bbox 183 3260 1756 3334">
     <span class='ocr_line' id='line_1_52' title="bbox 183 3260 1756 3334; baseline -0.003 -16"><span class='ocrx_word' id='word_1_354' title='bbox 183 3264 341 3319; x_wconf 88' lang='grc' dir='ltr'>Ἰλίου</span> <span class='ocrx_word' id='word_1_355' title='bbox 370 3264 568 3318; x_wconf 76' lang='grc' dir='ltr'>ἅλωσιν</span> <span class='ocrx_word' id='word_1_356' title='bbox 594 3262 736 3318; x_wconf 84' lang='grc' dir='ltr'>κατὰ</span> <span class='ocrx_word' id='word_1_357' title='bbox 762 3264 890 3327; x_wconf 83' lang='grc' dir='ltr'>τοὺς</span> <span class='ocrx_word' id='word_1_358' title='bbox 917 3260 1142 3317; x_wconf 83' lang='grc' dir='ltr'>Λαϐδὼν</span> <span class='ocrx_word' id='word_1_359' title='bbox 1168 3260 1262 3315; x_wconf 80' lang='grc' dir='ltr'><strong>τοῦ</strong></span> <span class='ocrx_word' id='word_1_360' title='bbox 1297 3260 1485 3334; x_wconf 80' lang='grc' dir='ltr'>κριτοῦ</span> <span class='ocrx_word' id='word_1_361' title='bbox 1513 3261 1756 3332; x_wconf 87' lang='grc' dir='ltr'>χρόνους,</span> 
     </span>
    </p>
   </div>
   <div class='ocr_carea' id='block_1_53' title="bbox 168 3350 1759 3426">
    <p class='ocr_par' dir='ltr' id='par_1_53' title="bbox 168 3350 1759 3426">
     <span class='ocr_line' id='line_1_53' title="bbox 168 3350 1759 3426; baseline -0.004 -15"><span class='ocrx_word' id='word_1_362' title='bbox 168 3357 316 3411; x_wconf 73' lang='grc' dir='ltr'>ἐπτὰ</span> <span class='ocrx_word' id='word_1_363' title='bbox 357 3356 503 3409; x_wconf 78' lang='grc' dir='ltr'>ἔτεσι</span> <span class='ocrx_word' id='word_1_364' title='bbox 541 3353 861 3426; x_wconf 79' lang='grc' dir='ltr'>πρότερονῆ</span> <span class='ocrx_word' id='word_1_365' title='bbox 896 3352 1133 3424; x_wconf 76' lang='grc' dir='ltr'>Σαμψὼν</span> <span class='ocrx_word' id='word_1_366' title='bbox 1178 3351 1338 3423; x_wconf 78' lang='grc' dir='ltr'>ἄρξαι</span> <span class='ocrx_word' id='word_1_367' title='bbox 1383 3350 1666 3423; x_wconf 88' lang='grc' dir='ltr'>Ἐϐραίων,</span> <span class='ocrx_word' id='word_1_368' title='bbox 1699 3350 1759 3404; x_wconf 83' lang='grc' dir='ltr'>ὃν</span> 
     </span>
    </p>
   </div>
   <div class='ocr_carea' id='block_1_54' title="bbox 169 3444 1758 3521">
    <p class='ocr_par' dir='ltr' id='par_1_54' title="bbox 169 3444 1758 3521">
     <span class='ocr_line' id='line_1_54' title="bbox 169 3444 1758 3521; baseline -0.005 -17"><span class='ocrx_word' id='word_1_369' title='bbox 169 3451 316 3505; x_wconf 75' lang='grc' dir='ltr'>κατὰ</span> <span class='ocrx_word' id='word_1_370' title='bbox 338 3449 437 3521; x_wconf 82' lang='grc' dir='ltr'>τὴν</span> <span class='ocrx_word' id='word_1_371' title='bbox 464 3448 557 3502; x_wconf 78' lang='grc' dir='ltr'>τοῦ</span> <span class='ocrx_word' id='word_1_372' title='bbox 594 3448 846 3520; x_wconf 80' lang='grc' dir='ltr'>σώματος</span> <span class='ocrx_word' id='word_1_373' title='bbox 890 3448 1061 3511; x_wconf 84' lang='grc' dir='ltr'>ἀλκὴν</span> <span class='ocrx_word' id='word_1_374' title='bbox 1113 3445 1481 3500; x_wconf 86' lang='grc' dir='ltr'>ἀνυπόστατον</span> <span class='ocrx_word' id='word_1_375' title='bbox 1506 3444 1758 3513; x_wconf 85' lang='grc' dir='ltr'>γενέσθαι</span> 
     </span>
    </p>
   </div>
   <div class='ocr_carea' id='block_1_55' title="bbox 170 3537 1754 3615">
    <p class='ocr_par' dir='ltr' id='par_1_55' title="bbox 170 3537 1754 3615">
     <span class='ocr_line' id='line_1_55' title="bbox 170 3537 1754 3615; baseline -0.004 -18"><span class='ocrx_word' id='word_1_376' title='bbox 170 3545 359 3615; x_wconf 74' lang='grc' dir='ltr'>φασὶν,</span> <span class='ocrx_word' id='word_1_377' title='bbox 388 3543 603 3596; x_wconf 77' lang='grc' dir='ltr'>ἐοικότα</span> <span class='ocrx_word' id='word_1_378' title='bbox 635 3542 713 3613; x_wconf 81' lang='grc' dir='ltr'>τῷ</span> <span class='ocrx_word' id='word_1_379' title='bbox 740 3542 997 3613; x_wconf 75' lang='grc' dir='ltr'>βοωμένῳ</span> <span class='ocrx_word' id='word_1_380' title='bbox 1024 3541 1152 3612; x_wconf 85' lang='grc' dir='ltr'>παρ’</span> <span class='ocrx_word' id='word_1_381' title='bbox 1186 3538 1444 3607; x_wconf 84' lang='grc' dir='ltr'>Ἕλλησιν</span> <span class='ocrx_word' id='word_1_382' title='bbox 1477 3537 1754 3610; x_wconf 87' lang='grc' dir='ltr'>Ἡρακλεῖ.</span> 
     </span>
    </p>
   </div>
   <div class='ocr_carea' id='block_1_56' title="bbox 167 3628 1758 3703">
    <p class='ocr_par' dir='ltr' id='par_1_56' title="bbox 167 3628 1758 3703">
     <span class='ocr_line' id='line_1_56' title="bbox 167 3628 1758 3703; baseline -0.005 -14"><span class='ocrx_word' id='word_1_383' title='bbox 167 3637 284 3690; x_wconf 80' lang='grc' dir='ltr'><strong>Καὶ</strong></span> <span class='ocrx_word' id='word_1_384' title='bbox 314 3635 562 3689; x_wconf 79' lang='grc' dir='ltr'>ἐντεῦθεν</span> <span class='ocrx_word' id='word_1_385' title='bbox 585 3635 641 3688; x_wconf 80' lang='grc' dir='ltr'>δὲ</span> <span class='ocrx_word' id='word_1_386' title='bbox 665 3636 759 3688; x_wconf 74' lang='grc' dir='ltr'>ἐπὶ</span> <span class='ocrx_word' id='word_1_387' title='bbox 782 3635 909 3698; x_wconf 77' lang='grc' dir='ltr'>τοὺς</span> <span class='ocrx_word' id='word_1_388' title='bbox 928 3633 1185 3701; x_wconf 79' lang='grc' dir='ltr'>ἀνωτέρω</span> <span class='ocrx_word' id='word_1_389' title='bbox 1217 3630 1466 3703; x_wconf 80' lang='grc' dir='ltr'>βαδίζων,</span> <span class='ocrx_word' id='word_1_390' title='bbox 1495 3631 1552 3683; x_wconf 87' lang='grc' dir='ltr'><strong>ἐν</strong></span> <span class='ocrx_word' id='word_1_391' title='bbox 1575 3628 1758 3699; x_wconf 84' lang='grc' dir='ltr'><strong>ταύτῷ</strong></span> 
     </span>
    </p>
   </div>
   <div class='ocr_carea' id='block_1_57' title="bbox 166 3720 1756 3797">
    <p class='ocr_par' dir='ltr' id='par_1_57' title="bbox 166 3720 1756 3797">
     <span class='ocr_line' id='line_1_57' title="bbox 166 3720 1756 3797; baseline -0.005 -16"><span class='ocrx_word' id='word_1_392' title='bbox 166 3745 228 3781; x_wconf 90' lang='grc' dir='ltr'><strong>τε</strong></span> <span class='ocrx_word' id='word_1_393' title='bbox 262 3725 585 3796; x_wconf 84' lang='grc' dir='ltr'>συναγαγὼν</span> <span class='ocrx_word' id='word_1_394' title='bbox 623 3725 852 3797; x_wconf 85' lang='grc' dir='ltr'>ἀριθμὸν</span> <span class='ocrx_word' id='word_1_395' title='bbox 894 3724 1030 3778; x_wconf 82' lang='grc' dir='ltr'>ἐτῶν</span> <span class='ocrx_word' id='word_1_396' title='bbox 1058 3730 1125 3787; x_wconf 85' lang='lat' dir='ltr'><strong>u&#39;,</strong></span> <span class='ocrx_word' id='word_1_397' title='bbox 1177 3722 1358 3795; x_wconf 74' lang='grc' dir='ltr'>εὕροις</span> <span class='ocrx_word' id='word_1_398' title='bbox 1388 3721 1455 3775; x_wconf 81' lang='grc' dir='ltr'>ἂν</span> <span class='ocrx_word' id='word_1_399' title='bbox 1483 3720 1629 3774; x_wconf 75' lang='grc' dir='ltr'>κατὰ</span> <span class='ocrx_word' id='word_1_400' title='bbox 1660 3721 1756 3792; x_wconf 82' lang='grc' dir='ltr'>μὲν</span> 
     </span>
    </p>
   </div>
   <div class='ocr_carea' id='block_1_58' title="bbox 178 3813 1756 3891">
    <p class='ocr_par' dir='ltr' id='par_1_58' title="bbox 178 3813 1756 3891">
     <span class='ocr_line' id='line_1_58' title="bbox 178 3813 1756 3891; baseline -0.005 -18"><span class='ocrx_word' id='word_1_401' title='bbox 178 3819 469 3891; x_wconf 85' lang='grc' dir='ltr'>Ἐϐραίους</span> <span class='ocrx_word' id='word_1_402' title='bbox 500 3818 756 3883; x_wconf 84' lang='grc' dir='ltr'>Μωῡσέα,</span> <span class='ocrx_word' id='word_1_403' title='bbox 794 3816 933 3870; x_wconf 81' lang='grc' dir='ltr'>κατὰ</span> <span class='ocrx_word' id='word_1_404' title='bbox 977 3816 1033 3870; x_wconf 87' lang='grc' dir='ltr'><strong>δέ</strong></span> <span class='ocrx_word' id='word_1_405' title='bbox 1061 3815 1328 3887; x_wconf 87' lang='grc' dir='ltr'>’Έλληνας</span> <span class='ocrx_word' id='word_1_406' title='bbox 1370 3813 1631 3885; x_wconf 80' lang='grc' dir='ltr'>Κέκροπα</span> <span class='ocrx_word' id='word_1_407' title='bbox 1666 3813 1756 3866; x_wconf 88' lang='grc' dir='ltr'><strong>τὸν</strong></span> 
     </span>
    </p>
   </div>
   <div class='ocr_carea' id='block_1_59' title="bbox 166 3903 1757 3981">
    <p class='ocr_par' dir='ltr' id='par_1_59' title="bbox 166 3903 1757 3981">
     <span class='ocr_line' id='line_1_59' title="bbox 166 3903 1757 3981; baseline -0.009 -14"><span class='ocrx_word' id='word_1_408' title='bbox 166 3906 402 3981; x_wconf 79' lang='grc' dir='ltr'>γηγενῆ.</span> <span class='ocrx_word' id='word_1_409' title='bbox 430 3907 733 3978; x_wconf 85' lang='grc' dir='ltr'>Κατώτερα</span> <span class='ocrx_word' id='word_1_410' title='bbox 770 3908 824 3961; x_wconf 86' lang='grc' dir='ltr'>δὲ</span> <span class='ocrx_word' id='word_1_411' title='bbox 856 3906 964 3961; x_wconf 86' lang='grc' dir='ltr'><strong>τῶν</strong></span> <span class='ocrx_word' id='word_1_412' title='bbox 992 3906 1277 3978; x_wconf 87' lang='grc' dir='ltr'>Κέκροπος</span> <span class='ocrx_word' id='word_1_413' title='bbox 1312 3907 1600 3976; x_wconf 80' lang='grc' dir='ltr'>ἱστορεῖται</span> <span class='ocrx_word' id='word_1_414' title='bbox 1627 3903 1757 3974; x_wconf 82' lang='grc' dir='ltr'>χρό-</span> 
     </span>
    </p>
   </div>
   <div class='ocr_carea' id='block_1_60' title="bbox 165 3992 1758 4067">
    <p class='ocr_par' dir='ltr' id='par_1_60' title="bbox 165 3992 1758 4067">
     <span class='ocr_line' id='line_1_60' title="bbox 165 3992 1758 4067; baseline -0.003 -18"><span class='ocrx_word' id='word_1_415' title='bbox 165 4013 277 4049; x_wconf 87' lang='grc' dir='ltr'><strong>νων</strong></span> <span class='ocrx_word' id='word_1_416' title='bbox 304 3994 378 4049; x_wconf 78' lang='grc' dir='ltr'><strong>τὰ</strong></span> <span class='ocrx_word' id='word_1_417' title='bbox 397 3995 527 4066; x_wconf 82' lang='grc' dir='ltr'>παρ’</span> <span class='ocrx_word' id='word_1_418' title='bbox 553 3996 776 4067; x_wconf 86' lang='grc' dir='ltr'>Ἕλλησι</span> <span class='ocrx_word' id='word_1_419' title='bbox 800 3992 1209 4066; x_wconf 75' lang='grc' dir='ltr'>θαυμαζόμενα.</span> <span class='ocrx_word' id='word_1_420' title='bbox 1248 3994 1458 4046; x_wconf 89' lang='grc' dir='ltr'>Γίνεται</span> <span class='ocrx_word' id='word_1_421' title='bbox 1479 3994 1589 4064; x_wconf 84' lang='grc' dir='ltr'>γὰρ</span> <span class='ocrx_word' id='word_1_422' title='bbox 1619 3994 1758 4063; x_wconf 82' lang='grc' dir='ltr'>μετὰ</span> 
     </span>
    </p>
   </div>
   <div class='ocr_carea' id='block_1_61' title="bbox 164 4086 1754 4158">
    <p class='ocr_par' dir='ltr' id='par_1_61' title="bbox 164 4086 1754 4158">
     <span class='ocr_line' id='line_1_61' title="bbox 164 4086 1754 4158; baseline -0.001 -16"><span class='ocrx_word' id='word_1_423' title='bbox 164 4088 436 4158; x_wconf 76' lang='grc' dir='ltr'>Κέκροπα</span> <span class='ocrx_word' id='word_1_424' title='bbox 478 4087 507 4138; x_wconf 86' lang='grc'>6</span> <span class='ocrx_word' id='word_1_425' title='bbox 551 4086 694 4140; x_wconf 83' lang='grc' dir='ltr'>κατὰ</span> <span class='ocrx_word' id='word_1_426' title='bbox 741 4086 1085 4141; x_wconf 87' lang='grc' dir='ltr'>Δευκαλίωνα</span> <span class='ocrx_word' id='word_1_427' title='bbox 1136 4086 1539 4158; x_wconf 80' lang='grc' dir='ltr'>κατακλυσμὸς,</span> <span class='ocrx_word' id='word_1_428' title='bbox 1593 4087 1686 4140; x_wconf 76' lang='grc' dir='ltr'><strong>καὶ</strong></span> <span class='ocrx_word' id='word_1_429' title='bbox 1721 4088 1754 4158; x_wconf 84' lang='grc' dir='ltr'><strong>ή</strong></span> 
     </span>
    </p>
   </div>
   <div class='ocr_carea' id='block_1_62' title="bbox 163 4178 1752 4251">
    <p class='ocr_par' dir='ltr' id='par_1_62' title="bbox 163 4178 1752 4251">
     <span class='ocr_line' id='line_1_62' title="bbox 163 4178 1752 4251; baseline 0.001 -20"><span class='ocrx_word' id='word_1_430' title='bbox 163 4180 263 4233; x_wconf 73' lang='grc' dir='ltr'>ἐπὶ</span> <span class='ocrx_word' id='word_1_431' title='bbox 305 4178 602 4242; x_wconf 71' lang='grc' dir='ltr'>Φαέθοντος</span> <span class='ocrx_word' id='word_1_432' title='bbox 647 4178 991 4250; x_wconf 81' lang='grc' dir='ltr'>ἐκπύρωσις,</span> <span class='ocrx_word' id='word_1_433' title='bbox 1030 4179 1358 4251; x_wconf 87' lang='grc' dir='ltr'>Ἐριχθονίου</span> <span class='ocrx_word' id='word_1_434' title='bbox 1409 4197 1468 4232; x_wconf 90' lang='grc' dir='ltr'><strong>τε</strong></span> <span class='ocrx_word' id='word_1_435' title='bbox 1521 4180 1752 4249; x_wconf 88' lang='grc' dir='ltr'>γένεσις,</span> 
     </span>
    </p>
   </div>
   <div class='ocr_carea' id='block_1_63' title="bbox 163 4270 1756 4344">
    <p class='ocr_par' dir='ltr' id='par_1_63' title="bbox 163 4270 1756 4344">
     <span class='ocr_line' id='line_1_63' title="bbox 163 4270 1756 4344; baseline 0 -19"><span class='ocrx_word' id='word_1_436' title='bbox 163 4272 356 4342; x_wconf 73' lang='grc' dir='ltr'>Κόρης</span> <span class='ocrx_word' id='word_1_437' title='bbox 382 4288 442 4323; x_wconf 92' lang='grc' dir='ltr'><strong>τε</strong></span> <span class='ocrx_word' id='word_1_438' title='bbox 489 4270 733 4342; x_wconf 84' lang='grc' dir='ltr'>ἁρπαγὴ,</span> <span class='ocrx_word' id='word_1_439' title='bbox 776 4270 870 4324; x_wconf 70' lang='grc' dir='ltr'>καὶ</span> <span class='ocrx_word' id='word_1_440' title='bbox 911 4272 1198 4343; x_wconf 89' lang='grc' dir='ltr'>Δήμητρος</span> <span class='ocrx_word' id='word_1_441' title='bbox 1239 4273 1531 4344; x_wconf 89' lang='grc' dir='ltr'>μυστήρια,</span> <span class='ocrx_word' id='word_1_442' title='bbox 1576 4273 1756 4326; x_wconf 61' lang='grc' dir='ltr'>Ἐλευη</span> 
     </span>
    </p>
   </div>
   <div class='ocr_carea' id='block_1_64' title="bbox 166 4362 1755 4436">
    <p class='ocr_par' dir='ltr' id='par_1_64' title="bbox 166 4362 1755 4436">
     <span class='ocr_line' id='line_1_64' title="bbox 166 4362 1755 4436; baseline 0.001 -20"><span class='ocrx_word' id='word_1_443' title='bbox 166 4363 355 4416; x_wconf 86' lang='grc' dir='ltr'>σινίων</span> <span class='ocrx_word' id='word_1_444' title='bbox 390 4362 617 4434; x_wconf 78' lang='grc' dir='ltr'>ἵδρυσις,</span> <span class='ocrx_word' id='word_1_445' title='bbox 649 4363 1023 4433; x_wconf 83' lang='grc' dir='ltr'>Τριπτολέμου</span> <span class='ocrx_word' id='word_1_446' title='bbox 1058 4364 1322 4434; x_wconf 87' lang='grc' dir='ltr'>γεωργία,</span> <span class='ocrx_word' id='word_1_447' title='bbox 1358 4363 1626 4436; x_wconf 82' lang='grc' dir='ltr'>Εὐρώπης</span> <span class='ocrx_word' id='word_1_448' title='bbox 1649 4365 1755 4418; x_wconf 87' lang='grc' dir='ltr'>ὑπὸ</span> 
     </span>
    </p>
   </div>
   <div class='ocr_carea' id='block_1_65' title="bbox 1784 3133 1835 3197">
    <p class='ocr_par' dir='ltr' id='par_1_65' title="bbox 1784 3133 1835 3197">
     <span class='ocr_line' id='line_1_65' title="bbox 1784 3133 1835 3197; baseline 0 0"><span class='ocrx_word' id='word_1_449' title='bbox 1784 3133 1835 3197; x_wconf 77' lang='grc' dir='ltr'><strong>ο</strong></span> 
     </span>
    </p>
   </div>
   <div class='ocr_carea' id='block_1_66' title="bbox 1865 1876 3449 1949">
    <p class='ocr_par' dir='ltr' id='par_1_66' title="bbox 1865 1876 3449 1949">
     <span class='ocr_line' id='line_1_66' title="bbox 1865 1876 3449 1949; baseline 0.003 -17"><span class='ocrx_word' id='word_1_450' title='bbox 1865 1876 2221 1933; x_wconf 75' lang='lat' dir='ltr'><strong>Hebraeorum</strong></span> <span class='ocrx_word' id='word_1_451' title='bbox 2254 1877 2489 1932; x_wconf 88' lang='lat' dir='ltr'><strong>historia</strong></span> <span class='ocrx_word' id='word_1_452' title='bbox 2517 1878 2694 1948; x_wconf 89' lang='lat' dir='ltr'><strong>liquet</strong></span> <span class='ocrx_word' id='word_1_453' title='bbox 2729 1897 2743 1933; x_wconf 87' lang='lat'><strong>:</strong></span> <span class='ocrx_word' id='word_1_454' title='bbox 2779 1878 2825 1934; x_wconf 91' lang='lat' dir='ltr'><strong>si</strong></span> <span class='ocrx_word' id='word_1_455' title='bbox 2850 1879 3079 1949; x_wconf 87' lang='lat' dir='ltr'><strong>gradum</strong></span> <span class='ocrx_word' id='word_1_456' title='bbox 3114 1881 3280 1934; x_wconf 88' lang='lat' dir='ltr'><strong>etiam</strong></span> <span class='ocrx_word' id='word_1_457' title='bbox 3321 1880 3449 1936; x_wconf 82' lang='lat' dir='ltr'><strong>inde</strong></span> 
     </span>
    </p>
   </div>
   <div class='ocr_carea' id='block_1_67' title="bbox 1863 1968 3448 2043">
    <p class='ocr_par' dir='ltr' id='par_1_67' title="bbox 1863 1968 3448 2043">
     <span class='ocr_line' id='line_1_67' title="bbox 1863 1968 3448 2043; baseline 0.002 -18"><span class='ocrx_word' id='word_1_458' title='bbox 1863 1976 2011 2025; x_wconf 90' lang='lat' dir='ltr'><strong>retro</strong></span> <span class='ocrx_word' id='word_1_459' title='bbox 2033 1968 2240 2034; x_wconf 82' lang='lat' dir='ltr'><strong>(lectas,</strong></span> <span class='ocrx_word' id='word_1_460' title='bbox 2270 1971 2340 2024; x_wconf 91' lang='lat' dir='ltr'><strong>ab</strong></span> <span class='ocrx_word' id='word_1_461' title='bbox 2359 1985 2507 2025; x_wconf 90' lang='lat' dir='ltr'><strong>anno</strong></span> <span class='ocrx_word' id='word_1_462' title='bbox 2539 1970 2687 2026; x_wconf 91' lang='lat' dir='ltr'><strong>Darii</strong></span> <span class='ocrx_word' id='word_1_463' title='bbox 2711 1972 2952 2027; x_wconf 89' lang='lat' dir='ltr'><strong>secundo</strong></span> <span class='ocrx_word' id='word_1_464' title='bbox 2983 1972 3052 2027; x_wconf 89' lang='lat' dir='ltr'><strong>ad</strong></span> <span class='ocrx_word' id='word_1_465' title='bbox 3083 1972 3319 2043; x_wconf 90' lang='lat' dir='ltr'><strong>primam</strong></span> <span class='ocrx_word' id='word_1_466' title='bbox 3354 1989 3448 2028; x_wconf 79' lang='lat' dir='ltr'><strong>us-</strong></span> 
     </span>
    </p>
   </div>
   <div class='ocr_carea' id='block_1_68' title="bbox 1862 2060 3449 2135">
    <p class='ocr_par' dir='ltr' id='par_1_68' title="bbox 1862 2060 3449 2135">
     <span class='ocr_line' id='line_1_68' title="bbox 1862 2060 3449 2135; baseline 0.001 -18"><span class='ocrx_word' id='word_1_467' title='bbox 1862 2077 1972 2133; x_wconf 88' lang='lat' dir='ltr'><strong>que</strong></span> <span class='ocrx_word' id='word_1_468' title='bbox 1995 2060 2375 2134; x_wconf 82' lang='lat' dir='ltr'><strong>Olympiadem</strong></span> <span class='ocrx_word' id='word_1_469' title='bbox 2405 2063 2539 2117; x_wconf 88' lang='lat' dir='ltr'><strong>anni</strong></span> <span class='ocrx_word' id='word_1_470' title='bbox 2575 2064 2817 2120; x_wconf 84' lang='lat' dir='ltr'><strong>contient</strong></span> <span class='ocrx_word' id='word_1_471' title='bbox 2847 2079 3041 2119; x_wconf 91' lang='lat' dir='ltr'><strong>omnes</strong></span> <span class='ocrx_word' id='word_1_472' title='bbox 3077 2065 3449 2135; x_wconf 89' lang='lat' dir='ltr'><strong>quinquagin-</strong></span> 
     </span>
    </p>
   </div>
   <div class='ocr_carea' id='block_1_69' title="bbox 1863 2153 3449 2225">
    <p class='ocr_par' dir='ltr' id='par_1_69' title="bbox 1863 2153 3449 2225">
     <span class='ocr_line' id='line_1_69' title="bbox 1863 2153 3449 2225; baseline 0.001 -17"><span class='ocrx_word' id='word_1_473' title='bbox 1863 2161 1920 2208; x_wconf 88' lang='lat' dir='ltr'><strong>ta</strong></span> <span class='ocrx_word' id='word_1_474' title='bbox 1964 2168 2059 2209; x_wconf 89' lang='lat' dir='ltr'><strong>sex</strong></span> <span class='ocrx_word' id='word_1_475' title='bbox 2084 2168 2251 2223; x_wconf 90' lang='lat' dir='ltr'><strong>supra</strong></span> <span class='ocrx_word' id='word_1_476' title='bbox 2277 2153 2564 2219; x_wconf 87' lang='lat' dir='ltr'><strong>ducentos,</strong></span> <span class='ocrx_word' id='word_1_477' title='bbox 2602 2154 2941 2225; x_wconf 87' lang='lat' dir='ltr'><strong>olympiades</strong></span> <span class='ocrx_word' id='word_1_478' title='bbox 2966 2169 3101 2210; x_wconf 81' lang='lat' dir='ltr'><strong>vero</strong></span> <span class='ocrx_word' id='word_1_479' title='bbox 3133 2164 3370 2225; x_wconf 89' lang='lat' dir='ltr'><strong>quatuor</strong></span> <span class='ocrx_word' id='word_1_480' title='bbox 3392 2162 3449 2210; x_wconf 90' lang='lat' dir='ltr'><strong>et</strong></span> 
     </span>
    </p>
   </div>
   <div class='ocr_carea' id='block_1_70' title="bbox 1863 2244 3445 2318">
    <p class='ocr_par' dir='ltr' id='par_1_70' title="bbox 1863 2244 3445 2318">
     <span class='ocr_line' id='line_1_70' title="bbox 1863 2244 3445 2318; baseline 0.001 -17"><span class='ocrx_word' id='word_1_481' title='bbox 1863 2244 2144 2315; x_wconf 81' lang='lat' dir='ltr'><strong>sexaginta</strong></span> <span class='ocrx_word' id='word_1_482' title='bbox 2167 2260 2181 2298; x_wconf 86' lang='lat'>;</span> <span class='ocrx_word' id='word_1_483' title='bbox 2207 2253 2341 2313; x_wconf 89' lang='lat' dir='ltr'><strong>quot</strong></span> <span class='ocrx_word' id='word_1_484' title='bbox 2360 2244 2521 2314; x_wconf 89' lang='lat' dir='ltr'><strong>plane</strong></span> <span class='ocrx_word' id='word_1_485' title='bbox 2537 2246 2606 2300; x_wconf 87' lang='lat' dir='ltr'><strong>ab</strong></span> <span class='ocrx_word' id='word_1_486' title='bbox 2634 2248 2830 2302; x_wconf 91' lang='lat' dir='ltr'><strong>ultimo</strong></span> <span class='ocrx_word' id='word_1_487' title='bbox 2859 2247 3033 2303; x_wconf 88' lang='lat' dir='ltr'><strong>excisi</strong></span> <span class='ocrx_word' id='word_1_488' title='bbox 3058 2248 3246 2318; x_wconf 89' lang='lat' dir='ltr'><strong>templi</strong></span> <span class='ocrx_word' id='word_1_489' title='bbox 3278 2263 3445 2313; x_wconf 88' lang='lat' dir='ltr'><strong>anno.</strong></span> 
     </span>
    </p>
   </div>
   <div class='ocr_carea' id='block_1_71' title="bbox 1863 2335 3449 2410">
    <p class='ocr_par' dir='ltr' id='par_1_71' title="bbox 1863 2335 3449 2410">
     <span class='ocr_line' id='line_1_71' title="bbox 1863 2335 3449 2410; baseline 0.002 -17"><span class='ocrx_word' id='word_1_490' title='bbox 1863 2338 1932 2393; x_wconf 87' lang='lat' dir='ltr'><strong>ad</strong></span> <span class='ocrx_word' id='word_1_491' title='bbox 1961 2336 2106 2393; x_wconf 87' lang='lat' dir='ltr'><strong>Osiae</strong></span> <span class='ocrx_word' id='word_1_492' title='bbox 2128 2335 2445 2392; x_wconf 71' lang='lat' dir='ltr'><strong>Iudaeorum</strong></span> <span class='ocrx_word' id='word_1_493' title='bbox 2488 2339 2636 2409; x_wconf 88' lang='lat' dir='ltr'><strong>regis</strong></span> <span class='ocrx_word' id='word_1_494' title='bbox 2680 2341 3202 2410; x_wconf 84' lang='lat' dir='ltr'><strong>quinquagesimum</strong></span> <span class='ocrx_word' id='word_1_495' title='bbox 3255 2357 3449 2397; x_wconf 87' lang='lat' dir='ltr'><strong>nume-</strong></span> 
     </span>
    </p>
   </div>
   <div class='ocr_carea' id='block_1_72' title="bbox 1863 2428 3448 2503">
    <p class='ocr_par' dir='ltr' id='par_1_72' title="bbox 1863 2428 3448 2503">
     <span class='ocr_line' id='line_1_72' title="bbox 1863 2428 3448 2503; baseline 0.003 -20"><span class='ocrx_word' id='word_1_496' title='bbox 1863 2437 2226 2498; x_wconf 89' lang='lat' dir='ltr'><strong>rantur;quo</strong></span> <span class='ocrx_word' id='word_1_497' title='bbox 2276 2437 2519 2498; x_wconf 86' lang='lat' dir='ltr'><strong>tempore</strong></span> <span class='ocrx_word' id='word_1_498' title='bbox 2566 2428 2735 2501; x_wconf 67' lang='grc'><strong>484.</strong></span> <span class='ocrx_word' id='word_1_499' title='bbox 2779 2428 2973 2497; x_wconf 87' lang='lat' dir='ltr'><strong>Isaias,</strong></span> <span class='ocrx_word' id='word_1_500' title='bbox 3003 2430 3196 2499; x_wconf 87' lang='lat' dir='ltr'><strong>Oseas,</strong></span> <span class='ocrx_word' id='word_1_501' title='bbox 3245 2433 3448 2503; x_wconf 83' lang='lat' dir='ltr'><strong>aliique</strong></span> 
     </span>
    </p>
   </div>
   <div class='ocr_carea' id='block_1_73' title="bbox 1864 2523 3447 2597">
    <p class='ocr_par' dir='ltr' id='par_1_73' title="bbox 1864 2523 3447 2597">
     <span class='ocr_line' id='line_1_73' title="bbox 1864 2523 3447 2597; baseline 0.003 -20"><span class='ocrx_word' id='word_1_502' title='bbox 1864 2523 2151 2578; x_wconf 89' lang='lat' dir='ltr'><strong>amborum</strong></span> <span class='ocrx_word' id='word_1_503' title='bbox 2176 2523 2414 2593; x_wconf 80' lang='lat' dir='ltr'><strong>aequales</strong></span> <span class='ocrx_word' id='word_1_504' title='bbox 2461 2525 2739 2594; x_wconf 86' lang='lat' dir='ltr'><strong>pr0phetae</strong></span> <span class='ocrx_word' id='word_1_505' title='bbox 2767 2524 3105 2580; x_wconf 86' lang='lat' dir='ltr'><strong>claruerunt.</strong></span> <span class='ocrx_word' id='word_1_506' title='bbox 3141 2525 3217 2581; x_wconf 86' lang='lat' dir='ltr'><strong>Ita</strong></span> <span class='ocrx_word' id='word_1_507' title='bbox 3267 2527 3447 2597; x_wconf 86' lang='lat' dir='ltr'><strong>prima</strong></span> 
     </span>
    </p>
   </div>
   <div class='ocr_carea' id='block_1_74' title="bbox 1874 2614 3447 2688">
    <p class='ocr_par' dir='ltr' id='par_1_74' title="bbox 1874 2614 3447 2688">
     <span class='ocr_line' id='line_1_74' title="bbox 1874 2614 3447 2688; baseline 0.005 -21"><span class='ocrx_word' id='word_1_508' title='bbox 1874 2614 2188 2670; x_wconf 71' lang='lat' dir='ltr'><strong>Graecorum</strong></span> <span class='ocrx_word' id='word_1_509' title='bbox 2216 2615 2486 2685; x_wconf 82' lang='lat' dir='ltr'><strong>Olympias</strong></span> <span class='ocrx_word' id='word_1_510' title='bbox 2508 2630 2634 2669; x_wconf 88' lang='lat' dir='ltr'><strong>cum</strong></span> <span class='ocrx_word' id='word_1_511' title='bbox 2661 2616 2802 2670; x_wconf 89' lang='lat' dir='ltr'><strong>lsaia</strong></span> <span class='ocrx_word' id='word_1_512' title='bbox 2834 2625 2889 2671; x_wconf 91' lang='lat' dir='ltr'><strong>et</strong></span> <span class='ocrx_word' id='word_1_513' title='bbox 2929 2616 3103 2686; x_wconf 89' lang='lat' dir='ltr'><strong>ipsius</strong></span> <span class='ocrx_word' id='word_1_514' title='bbox 3141 2620 3447 2688; x_wconf 74' lang='lat' dir='ltr'><strong>aequalibus</strong></span> 
     </span>
    </p>
   </div>
   <div class='ocr_carea' id='block_1_75' title="bbox 1864 2707 3446 2781">
    <p class='ocr_par' dir='ltr' id='par_1_75' title="bbox 1864 2707 3446 2781">
     <span class='ocr_line' id='line_1_75' title="bbox 1864 2707 3446 2781; baseline 0.003 -18"><span class='ocrx_word' id='word_1_515' title='bbox 1864 2708 2137 2777; x_wconf 87' lang='lat' dir='ltr'><strong>congruit.</strong></span> <span class='ocrx_word' id='word_1_516' title='bbox 2170 2707 2383 2763; x_wconf 83' lang='lat' dir='ltr'><strong>Rursus</strong></span> <span class='ocrx_word' id='word_1_517' title='bbox 2421 2708 2516 2778; x_wconf 89' lang='lat' dir='ltr'><strong>qui</strong></span> <span class='ocrx_word' id='word_1_518' title='bbox 2546 2708 2614 2762; x_wconf 93' lang='lat' dir='ltr'><strong>ad</strong></span> <span class='ocrx_word' id='word_1_519' title='bbox 2660 2710 2949 2779; x_wconf 89' lang='lat' dir='ltr'><strong>superiora</strong></span> <span class='ocrx_word' id='word_1_520' title='bbox 2976 2720 3222 2781; x_wconf 87' lang='lat' dir='ltr'><strong>tempora</strong></span> <span class='ocrx_word' id='word_1_521' title='bbox 3252 2727 3446 2768; x_wconf 84' lang='lat' dir='ltr'><strong>recur-</strong></span> 
     </span>
    </p>
   </div>
   <div class='ocr_carea' id='block_1_76' title="bbox 1870 2797 3446 2871">
    <p class='ocr_par' dir='ltr' id='par_1_76' title="bbox 1870 2797 3446 2871">
     <span class='ocr_line' id='line_1_76' title="bbox 1870 2797 3446 2871; baseline 0.004 -20"><span class='ocrx_word' id='word_1_522' title='bbox 1870 2812 1992 2852; x_wconf 92' lang='lat' dir='ltr'><strong>rere</strong></span> <span class='ocrx_word' id='word_1_523' title='bbox 2052 2798 2302 2861; x_wconf 81' lang='lat' dir='ltr'><strong>voluerit,</strong></span> <span class='ocrx_word' id='word_1_524' title='bbox 2337 2798 2385 2853; x_wconf 90' lang='lat' dir='ltr'><strong>is</strong></span> <span class='ocrx_word' id='word_1_525' title='bbox 2431 2797 2500 2852; x_wconf 90' lang='lat' dir='ltr'><strong>ab</strong></span> <span class='ocrx_word' id='word_1_526' title='bbox 2541 2798 2850 2869; x_wconf 83' lang='lat' dir='ltr'><strong>Olympiade</strong></span> <span class='ocrx_word' id='word_1_527' title='bbox 2882 2800 3057 2869; x_wconf 92' lang='lat' dir='ltr'><strong>prima</strong></span> <span class='ocrx_word' id='word_1_528' title='bbox 3104 2800 3174 2854; x_wconf 91' lang='lat' dir='ltr'><strong>ad</strong></span> <span class='ocrx_word' id='word_1_529' title='bbox 3230 2811 3446 2871; x_wconf 88' lang='lat' dir='ltr'><strong>captam</strong></span> 
     </span>
    </p>
   </div>
   <div class='ocr_carea' id='block_1_77' title="bbox 1862 2888 3448 2959">
    <p class='ocr_par' dir='ltr' id='par_1_77' title="bbox 1862 2888 3448 2959">
     <span class='ocr_line' id='line_1_77' title="bbox 1862 2888 3448 2959; baseline 0.001 -15"><span class='ocrx_word' id='word_1_530' title='bbox 1862 2903 2040 2959; x_wconf 87' lang='lat' dir='ltr'><strong>usque</strong></span> <span class='ocrx_word' id='word_1_531' title='bbox 2063 2888 2304 2959; x_wconf 78' lang='lat' dir='ltr'><strong>Trojam,</strong></span> <span class='ocrx_word' id='word_1_532' title='bbox 2336 2906 2607 2946; x_wconf 89' lang='lat' dir='ltr'><strong>annorum</strong></span> <span class='ocrx_word' id='word_1_533' title='bbox 2638 2907 2910 2946; x_wconf 86' lang='lat' dir='ltr'><strong>summam</strong></span> <span class='ocrx_word' id='word_1_534' title='bbox 2934 2892 3187 2947; x_wconf 85' lang='lat' dir='ltr'><strong>conﬁciet</strong></span> <span class='ocrx_word' id='word_1_535' title='bbox 3205 2901 3332 2949; x_wconf 90' lang='lat' dir='ltr'><strong>octo</strong></span> <span class='ocrx_word' id='word_1_536' title='bbox 3353 2910 3448 2950; x_wconf 89' lang='lat' dir='ltr'><strong>su-</strong></span> 
     </span>
    </p>
   </div>
   <div class='ocr_carea' id='block_1_78' title="bbox 1862 2982 3446 3057">
    <p class='ocr_par' dir='ltr' id='par_1_78' title="bbox 1862 2982 3446 3057">
     <span class='ocr_line' id='line_1_78' title="bbox 1862 2982 3446 3057; baseline 0.003 -22"><span class='ocrx_word' id='word_1_537' title='bbox 1862 2995 1960 3052; x_wconf 91' lang='lat' dir='ltr'><strong>pra</strong></span> <span class='ocrx_word' id='word_1_538' title='bbox 2016 2982 2485 3052; x_wconf 77' lang='lat' dir='ltr'><strong>quadringentos,</strong></span> <span class='ocrx_word' id='word_1_539' title='bbox 2537 2998 2699 3053; x_wconf 91' lang='lat' dir='ltr'><strong>quem</strong></span> <span class='ocrx_word' id='word_1_540' title='bbox 2726 2999 3018 3038; x_wconf 89' lang='lat' dir='ltr'><strong>numerum</strong></span> <span class='ocrx_word' id='word_1_541' title='bbox 3069 2984 3446 3057; x_wconf 88' lang='lat' dir='ltr'><strong>chronologici</strong></span> 
     </span>
    </p>
   </div>
   <div class='ocr_carea' id='block_1_79' title="bbox 1864 3072 3441 3145">
    <p class='ocr_par' dir='ltr' id='par_1_79' title="bbox 1864 3072 3441 3145">
     <span class='ocr_line' id='line_1_79' title="bbox 1864 3072 3441 3145; baseline 0.002 -16"><span class='ocrx_word' id='word_1_542' title='bbox 1864 3072 2179 3129; x_wconf 66' lang='lat' dir='ltr'><strong>Graecorum</strong></span> <span class='ocrx_word' id='word_1_543' title='bbox 2221 3076 2602 3133; x_wconf 89' lang='lat' dir='ltr'><strong>commentarii</strong></span> <span class='ocrx_word' id='word_1_544' title='bbox 2628 3076 3041 3145; x_wconf 72' lang='lat' dir='ltr'><strong>repraesentant.</strong></span> <span class='ocrx_word' id='word_1_545' title='bbox 3079 3074 3347 3132; x_wconf 89' lang='lat' dir='ltr'><strong>Similiter</strong></span> <span class='ocrx_word' id='word_1_546' title='bbox 3376 3092 3441 3132; x_wconf 86' lang='lat' dir='ltr'><strong>a-</strong></span> 
     </span>
    </p>
   </div>
   <div class='ocr_carea' id='block_1_80' title="bbox 1864 3164 3445 3240">
    <p class='ocr_par' dir='ltr' id='par_1_80' title="bbox 1864 3164 3445 3240">
     <span class='ocr_line' id='line_1_80' title="bbox 1864 3164 3445 3240; baseline 0.003 -20"><span class='ocrx_word' id='word_1_547' title='bbox 1864 3166 1973 3235; x_wconf 92' lang='lat' dir='ltr'><strong>pud</strong></span> <span class='ocrx_word' id='word_1_548' title='bbox 2009 3164 2290 3236; x_wconf 81' lang='lat' dir='ltr'><strong>Hebraeos,</strong></span> <span class='ocrx_word' id='word_1_549' title='bbox 2332 3168 2401 3223; x_wconf 89' lang='lat' dir='ltr'><strong>ab</strong></span> <span class='ocrx_word' id='word_1_550' title='bbox 2432 3167 2576 3223; x_wconf 74' lang='lat' dir='ltr'><strong>Osize</strong></span> <span class='ocrx_word' id='word_1_551' title='bbox 2607 3166 2922 3223; x_wconf 67' lang='lat' dir='ltr'><strong>Iudaeorum</strong></span> <span class='ocrx_word' id='word_1_552' title='bbox 2979 3167 3122 3239; x_wconf 89' lang='lat' dir='ltr'><strong>regis</strong></span> <span class='ocrx_word' id='word_1_553' title='bbox 3171 3170 3445 3240; x_wconf 75' lang='lat' dir='ltr'><strong>quinqua~</strong></span> 
     </span>
    </p>
   </div>
   <div class='ocr_carea' id='block_1_81' title="bbox 1862 3260 3445 3335">
    <p class='ocr_par' dir='ltr' id='par_1_81' title="bbox 1862 3260 3445 3335">
     <span class='ocr_line' id='line_1_81' title="bbox 1862 3260 3445 3335; baseline 0.006 -23"><span class='ocrx_word' id='word_1_554' title='bbox 1862 3261 2093 3329; x_wconf 82' lang='lat' dir='ltr'><strong>gcsimo,</strong></span> <span class='ocrx_word' id='word_1_555' title='bbox 2127 3261 2172 3316; x_wconf 89' lang='lat' dir='ltr'><strong>si</strong></span> <span class='ocrx_word' id='word_1_556' title='bbox 2218 3262 2445 3332; x_wconf 87' lang='lat' dir='ltr'><strong>gradum</strong></span> <span class='ocrx_word' id='word_1_557' title='bbox 2483 3262 2550 3316; x_wconf 93' lang='lat' dir='ltr'><strong>ad</strong></span> <span class='ocrx_word' id='word_1_558' title='bbox 2605 3260 2879 3318; x_wconf 89' lang='lat' dir='ltr'><strong>Labdonis</strong></span> <span class='ocrx_word' id='word_1_559' title='bbox 2923 3260 3136 3319; x_wconf 84' lang='lat' dir='ltr'><strong>Hebraei</strong></span> <span class='ocrx_word' id='word_1_560' title='bbox 3162 3266 3445 3335; x_wconf 89' lang='lat' dir='ltr'><strong>quondam</strong></span> 
     </span>
    </p>
   </div>
   <div class='ocr_carea' id='block_1_82' title="bbox 1856 3351 3445 3428">
    <p class='ocr_par' dir='ltr' id='par_1_82' title="bbox 1856 3351 3445 3428">
     <span class='ocr_line' id='line_1_82' title="bbox 1856 3351 3445 3428; baseline 0.004 -22"><span class='ocrx_word' id='word_1_561' title='bbox 1856 3351 2060 3422; x_wconf 88' lang='lat' dir='ltr'><strong>judicis</strong></span> <span class='ocrx_word' id='word_1_562' title='bbox 2093 3355 2313 3408; x_wconf 87' lang='lat' dir='ltr'><strong>tertium</strong></span> <span class='ocrx_word' id='word_1_563' title='bbox 2342 3353 2556 3418; x_wconf 80' lang='lat' dir='ltr'><strong>ieceris,</strong></span> <span class='ocrx_word' id='word_1_564' title='bbox 2587 3356 2851 3424; x_wconf 71' lang='lat' dir='ltr'><strong>aequalem</strong></span> <span class='ocrx_word' id='word_1_565' title='bbox 2870 3371 3139 3411; x_wconf 85' lang='lat' dir='ltr'><strong>annorum</strong></span> <span class='ocrx_word' id='word_1_566' title='bbox 3179 3359 3445 3428; x_wconf 83' lang='lat' dir='ltr'><strong>quadrin-</strong></span> 
     </span>
    </p>
   </div>
   <div class='ocr_carea' id='block_1_83' title="bbox 1861 3446 3447 3519">
    <p class='ocr_par' dir='ltr' id='par_1_83' title="bbox 1861 3446 3447 3519">
     <span class='ocr_line' id='line_1_83' title="bbox 1861 3446 3447 3519; baseline 0.004 -21"><span class='ocrx_word' id='word_1_567' title='bbox 1861 3446 2149 3514; x_wconf 80' lang='lat' dir='ltr'><strong>gentorum</strong></span> <span class='ocrx_word' id='word_1_568' title='bbox 2176 3454 2231 3501; x_wconf 92' lang='lat' dir='ltr'><strong>et</strong></span> <span class='ocrx_word' id='word_1_569' title='bbox 2255 3455 2376 3501; x_wconf 88' lang='lat' dir='ltr'><strong>octo</strong></span> <span class='ocrx_word' id='word_1_570' title='bbox 2414 3458 2707 3501; x_wconf 84' lang='lat' dir='ltr'><strong>numerum</strong></span> <span class='ocrx_word' id='word_1_571' title='bbox 2740 3447 2982 3517; x_wconf 88' lang='lat' dir='ltr'><strong>colliges.</strong></span> <span class='ocrx_word' id='word_1_572' title='bbox 3011 3448 3189 3519; x_wconf 81' lang='lat' dir='ltr'><strong>Atque</strong></span> <span class='ocrx_word' id='word_1_573' title='bbox 3219 3449 3292 3504; x_wconf 88' lang='lat' dir='ltr'><strong>ita</strong></span> <span class='ocrx_word' id='word_1_574' title='bbox 3341 3451 3447 3505; x_wconf 92' lang='lat' dir='ltr'><strong>sub</strong></span> 
     </span>
    </p>
   </div>
   <div class='ocr_carea' id='block_1_84' title="bbox 1861 3534 3445 3612">
    <p class='ocr_par' dir='ltr' id='par_1_84' title="bbox 1861 3534 3445 3612">
     <span class='ocr_line' id='line_1_84' title="bbox 1861 3534 3445 3612; baseline 0.004 -24"><span class='ocrx_word' id='word_1_575' title='bbox 1861 3534 2139 3593; x_wconf 88' lang='lat' dir='ltr'><strong>Labdonis</strong></span> <span class='ocrx_word' id='word_1_576' title='bbox 2174 3538 2380 3609; x_wconf 85' lang='lat' dir='ltr'><strong>judicis</strong></span> <span class='ocrx_word' id='word_1_577' title='bbox 2414 3548 2662 3609; x_wconf 87' lang='lat' dir='ltr'><strong>tempora</strong></span> <span class='ocrx_word' id='word_1_578' title='bbox 2705 3537 2861 3593; x_wconf 90' lang='lat' dir='ltr'><strong>Ilium</strong></span> <span class='ocrx_word' id='word_1_579' title='bbox 2896 3540 3079 3607; x_wconf 83' lang='lat' dir='ltr'><strong>fuerit,</strong></span> <span class='ocrx_word' id='word_1_580' title='bbox 3109 3550 3314 3612; x_wconf 86' lang='lat' dir='ltr'><strong>septem</strong></span> <span class='ocrx_word' id='word_1_581' title='bbox 3346 3557 3445 3597; x_wconf 88' lang='lat' dir='ltr'><strong>an-</strong></span> 
     </span>
    </p>
   </div>
   <div class='ocr_carea' id='block_1_85' title="bbox 1860 3630 3447 3705">
    <p class='ocr_par' dir='ltr' id='par_1_85' title="bbox 1860 3630 3447 3705">
     <span class='ocr_line' id='line_1_85' title="bbox 1860 3630 3447 3705; baseline 0.004 -23"><span class='ocrx_word' id='word_1_582' title='bbox 1860 3630 1948 3684; x_wconf 91' lang='lat' dir='ltr'><strong>nis</strong></span> <span class='ocrx_word' id='word_1_583' title='bbox 1973 3640 2267 3701; x_wconf 88' lang='lat' dir='ltr'><strong>antequam</strong></span> <span class='ocrx_word' id='word_1_584' title='bbox 2300 3631 2532 3686; x_wconf 87' lang='lat' dir='ltr'><strong>Samson</strong></span> <span class='ocrx_word' id='word_1_585' title='bbox 2561 3630 2805 3686; x_wconf 84' lang='lat' dir='ltr'><strong>Hebraeis</strong></span> <span class='ocrx_word' id='word_1_586' title='bbox 2836 3633 3147 3702; x_wconf 84' lang='lat' dir='ltr'><strong>imperaret,</strong></span> <span class='ocrx_word' id='word_1_587' title='bbox 3175 3650 3336 3705; x_wconf 92' lang='lat' dir='ltr'><strong>quem</strong></span> <span class='ocrx_word' id='word_1_588' title='bbox 3369 3638 3447 3689; x_wconf 90' lang='lat' dir='ltr'><strong>vi-</strong></span> 
     </span>
    </p>
   </div>
   <div class='ocr_carea' id='block_1_86' title="bbox 1858 3720 3441 3796">
    <p class='ocr_par' dir='ltr' id='par_1_86' title="bbox 1858 3720 3441 3796">
     <span class='ocr_line' id='line_1_86' title="bbox 1858 3720 3441 3796; baseline 0.006 -23"><span class='ocrx_word' id='word_1_589' title='bbox 1858 3720 2011 3776; x_wconf 87' lang='lat' dir='ltr'><strong>ribus</strong></span> <span class='ocrx_word' id='word_1_590' title='bbox 2035 3724 2281 3791; x_wconf 90' lang='lat' dir='ltr'><strong>corporis</strong></span> <span class='ocrx_word' id='word_1_591' title='bbox 2316 3723 2448 3776; x_wconf 89' lang='lat' dir='ltr'><strong>nihil</strong></span> <span class='ocrx_word' id='word_1_592' title='bbox 2468 3738 2575 3778; x_wconf 92' lang='lat' dir='ltr'><strong>non</strong></span> <span class='ocrx_word' id='word_1_593' title='bbox 2593 3739 2908 3791; x_wconf 90' lang='lat' dir='ltr'><strong>superasse,</strong></span> <span class='ocrx_word' id='word_1_594' title='bbox 2929 3725 3176 3796; x_wconf 89' lang='lat' dir='ltr'><strong>adeoque</strong></span> <span class='ocrx_word' id='word_1_595' title='bbox 3192 3727 3441 3782; x_wconf 88' lang='lat' dir='ltr'><strong>omnium</strong></span> 
     </span>
    </p>
   </div>
   <div class='ocr_carea' id='block_1_87' title="bbox 1859 3813 3443 3886">
    <p class='ocr_par' dir='ltr' id='par_1_87' title="bbox 1859 3813 3443 3886">
     <span class='ocr_line' id='line_1_87' title="bbox 1859 3813 3443 3886; baseline 0.006 -18"><span class='ocrx_word' id='word_1_596' title='bbox 1859 3829 1954 3870; x_wconf 89' lang='lat' dir='ltr'><strong>ore</strong></span> <span class='ocrx_word' id='word_1_597' title='bbox 2002 3814 2208 3883; x_wconf 83' lang='lat' dir='ltr'><strong>jactato</strong></span> <span class='ocrx_word' id='word_1_598' title='bbox 2248 3813 2563 3869; x_wconf 67' lang='lat' dir='ltr'><strong>Grmcorum</strong></span> <span class='ocrx_word' id='word_1_599' title='bbox 2626 3815 2846 3871; x_wconf 85' lang='lat' dir='ltr'><strong>Herculi</strong></span> <span class='ocrx_word' id='word_1_600' title='bbox 2889 3818 3221 3886; x_wconf 90' lang='lat' dir='ltr'><strong>persimilem</strong></span> <span class='ocrx_word' id='word_1_601' title='bbox 3269 3818 3443 3876; x_wconf 83' lang='lat' dir='ltr'><strong>fuisse</strong></span> 
     </span>
    </p>
   </div>
   <div class='ocr_carea' id='block_1_88' title="bbox 1857 3904 3443 3984">
    <p class='ocr_par' dir='ltr' id='par_1_88' title="bbox 1857 3904 3443 3984">
     <span class='ocr_line' id='line_1_88' title="bbox 1857 3904 3443 3984; baseline 0.007 -26"><span class='ocrx_word' id='word_1_602' title='bbox 1857 3905 2101 3959; x_wconf 88' lang='lat' dir='ltr'><strong>tradunt.</strong></span> <span class='ocrx_word' id='word_1_603' title='bbox 2156 3904 2362 3972; x_wconf 86' lang='lat' dir='ltr'><strong>Quodsi</strong></span> <span class='ocrx_word' id='word_1_604' title='bbox 2386 3907 2454 3961; x_wconf 89' lang='lat' dir='ltr'><strong>ab</strong></span> <span class='ocrx_word' id='word_1_605' title='bbox 2484 3907 2576 3961; x_wconf 92' lang='lat' dir='ltr'><strong>illo</strong></span> <span class='ocrx_word' id='word_1_606' title='bbox 2599 3915 2863 3979; x_wconf 88' lang='lat' dir='ltr'><strong>tempore,</strong></span> <span class='ocrx_word' id='word_1_607' title='bbox 2891 3925 3065 3966; x_wconf 91' lang='lat' dir='ltr'><strong>annos</strong></span> <span class='ocrx_word' id='word_1_608' title='bbox 3083 3927 3277 3968; x_wconf 90' lang='lat' dir='ltr'><strong>rursus</strong></span> <span class='ocrx_word' id='word_1_609' title='bbox 3303 3929 3443 3984; x_wconf 87' lang='lat' dir='ltr'><strong>qua-</strong></span> 
     </span>
    </p>
   </div>
   <div class='ocr_carea' id='block_1_89' title="bbox 1857 3995 3442 4076">
    <p class='ocr_par' dir='ltr' id='par_1_89' title="bbox 1857 3995 3442 4076">
     <span class='ocr_line' id='line_1_89' title="bbox 1857 3995 3442 4076; baseline 0.008 -27"><span class='ocrx_word' id='word_1_610' title='bbox 1857 3995 2170 4066; x_wconf 90' lang='lat' dir='ltr'><strong>dringentos</strong></span> <span class='ocrx_word' id='word_1_611' title='bbox 2193 3996 2411 4052; x_wconf 81' lang='lat' dir='ltr'><strong>sursum</strong></span> <span class='ocrx_word' id='word_1_612' title='bbox 2442 4014 2631 4055; x_wconf 86' lang='lat' dir='ltr'><strong>versus</strong></span> <span class='ocrx_word' id='word_1_613' title='bbox 2643 4001 3281 4076; x_wconf 85' lang='lat' dir='ltr'><strong>numeraveris,Moysem</strong></span> <span class='ocrx_word' id='word_1_614' title='bbox 3299 4007 3442 4076; x_wconf 92' lang='lat' dir='ltr'><strong>apud</strong></span> 
     </span>
    </p>
   </div>
   <div class='ocr_carea' id='block_1_90' title="bbox 1862 4086 3440 4168">
    <p class='ocr_par' dir='ltr' id='par_1_90' title="bbox 1862 4086 3440 4168">
     <span class='ocr_line' id='line_1_90' title="bbox 1862 4086 3440 4168; baseline 0.007 -27"><span class='ocrx_word' id='word_1_615' title='bbox 1862 4086 2136 4156; x_wconf 83' lang='lat' dir='ltr'><strong>Hebraeos,</strong></span> <span class='ocrx_word' id='word_1_616' title='bbox 2165 4090 2308 4159; x_wconf 90' lang='lat' dir='ltr'><strong>apud</strong></span> <span class='ocrx_word' id='word_1_617' title='bbox 2342 4088 2562 4145; x_wconf 65' lang='lat' dir='ltr'><strong>Graecos</strong></span> <span class='ocrx_word' id='word_1_618' title='bbox 2587 4092 2887 4163; x_wconf 88' lang='lat' dir='ltr'><strong>Cecropem</strong></span> <span class='ocrx_word' id='word_1_619' title='bbox 2920 4095 3074 4149; x_wconf 92' lang='lat' dir='ltr'><strong>illum</strong></span> <span class='ocrx_word' id='word_1_620' title='bbox 3109 4097 3440 4168; x_wconf 89' lang='lat' dir='ltr'><strong>terrigenam</strong></span> 
     </span>
    </p>
   </div>
   <div class='ocr_carea' id='block_1_91' title="bbox 1857 4181 3442 4261">
    <p class='ocr_par' dir='ltr' id='par_1_91' title="bbox 1857 4181 3442 4261">
     <span class='ocr_line' id='line_1_91' title="bbox 1857 4181 3442 4261; baseline 0.005 -23"><span class='ocrx_word' id='word_1_621' title='bbox 1857 4182 2096 4253; x_wconf 90' lang='lat' dir='ltr'><strong>reperies</strong></span> <span class='ocrx_word' id='word_1_622' title='bbox 2130 4198 2144 4236; x_wconf 89' lang='lat'><strong>:</strong></span> <span class='ocrx_word' id='word_1_623' title='bbox 2178 4199 2288 4253; x_wconf 92' lang='lat' dir='ltr'><strong>quo</strong></span> <span class='ocrx_word' id='word_1_624' title='bbox 2326 4185 2545 4254; x_wconf 87' lang='lat' dir='ltr'><strong>quidem</strong></span> <span class='ocrx_word' id='word_1_625' title='bbox 2576 4181 2881 4242; x_wconf 82' lang='lat' dir='ltr'><strong>recentiora</strong></span> <span class='ocrx_word' id='word_1_626' title='bbox 2909 4203 3050 4254; x_wconf 85' lang='lat' dir='ltr'><strong>esse,</strong></span> <span class='ocrx_word' id='word_1_627' title='bbox 3096 4204 3442 4261; x_wconf 79' lang='lat' dir='ltr'><strong>qutecunque</strong></span> 
     </span>
    </p>
   </div>
   <div class='ocr_carea' id='block_1_92' title="bbox 1858 4274 3438 4347">
    <p class='ocr_par' dir='ltr' id='par_1_92' title="bbox 1858 4274 3438 4347">
     <span class='ocr_line' id='line_1_92' title="bbox 1858 4274 3438 4347; baseline 0.004 -17"><span class='ocrx_word' id='word_1_628' title='bbox 1858 4274 2031 4331; x_wconf 85' lang='lat' dir='ltr'><strong>Graeci</strong></span> <span class='ocrx_word' id='word_1_629' title='bbox 2052 4286 2337 4347; x_wconf 85' lang='lat' dir='ltr'><strong>tantopere</strong></span> <span class='ocrx_word' id='word_1_630' title='bbox 2367 4278 2669 4344; x_wconf 88' lang='lat' dir='ltr'><strong>celebrant,</strong></span> <span class='ocrx_word' id='word_1_631' title='bbox 2700 4294 2863 4336; x_wconf 86' lang='lat' dir='ltr'><strong>nemo</strong></span> <span class='ocrx_word' id='word_1_632' title='bbox 2894 4297 3003 4337; x_wconf 90' lang='lat' dir='ltr'><strong>non</strong></span> <span class='ocrx_word' id='word_1_633' title='bbox 3046 4280 3267 4338; x_wconf 85' lang='lat' dir='ltr'><strong>fatetur.</strong></span> <span class='ocrx_word' id='word_1_634' title='bbox 3301 4282 3438 4338; x_wconf 89' lang='lat' dir='ltr'><strong>Nam</strong></span> 
     </span>
    </p>
   </div>
   <div class='ocr_carea' id='block_1_93' title="bbox 1856 4368 3444 4440">
    <p class='ocr_par' dir='ltr' id='par_1_93' title="bbox 1856 4368 3444 4440">
     <span class='ocr_line' id='line_1_93' title="bbox 1856 4368 3444 4440; baseline 0.003 -15"><span class='ocrx_word' id='word_1_635' title='bbox 1856 4378 1980 4440; x_wconf 91' lang='lat' dir='ltr'><strong>post</strong></span> <span class='ocrx_word' id='word_1_636' title='bbox 2012 4368 2190 4436; x_wconf 90' lang='lat' dir='ltr'><strong>illum,</strong></span> <span class='ocrx_word' id='word_1_637' title='bbox 2226 4369 2579 4427; x_wconf 85' lang='lat' dir='ltr'><strong>Deucalionis</strong></span> <span class='ocrx_word' id='word_1_638' title='bbox 2628 4372 2922 4439; x_wconf 87' lang='lat' dir='ltr'><strong>diluvium,</strong></span> <span class='ocrx_word' id='word_1_639' title='bbox 2959 4372 3315 4432; x_wconf 88' lang='lat' dir='ltr'><strong>Phaethontis</strong></span> <span class='ocrx_word' id='word_1_640' title='bbox 3357 4377 3444 4430; x_wconf 92' lang='lat' dir='ltr'><strong>in-</strong></span> 
     </span>
    </p>
   </div>
   <div class='ocr_carea' id='block_1_94' title="bbox 161 4454 1757 4542">
    <p class='ocr_par' dir='ltr' id='par_1_94' title="bbox 161 4454 1752 4529">
     <span class='ocr_line' id='line_1_94' title="bbox 161 4454 1752 4529; baseline 0.003 -23"><span class='ocrx_word' id='word_1_641' title='bbox 161 4454 288 4519; x_wconf 87' lang='grc' dir='ltr'>Διὸς</span> <span class='ocrx_word' id='word_1_642' title='bbox 316 4456 564 4528; x_wconf 81' lang='grc' dir='ltr'>ἁρπαγὴ,</span> <span class='ocrx_word' id='word_1_643' title='bbox 608 4455 938 4519; x_wconf 85' lang='grc' dir='ltr'>Ἀπόλλωνος</span> <span class='ocrx_word' id='word_1_644' title='bbox 973 4456 1203 4525; x_wconf 84' lang='grc' dir='ltr'>γένεσις,</span> <span class='ocrx_word' id='word_1_645' title='bbox 1248 4456 1471 4528; x_wconf 86' lang='grc' dir='ltr'>Κάδμου</span> <span class='ocrx_word' id='word_1_646' title='bbox 1519 4457 1610 4510; x_wconf 79' lang='grc' dir='ltr'>ἐπὶ</span> <span class='ocrx_word' id='word_1_647' title='bbox 1642 4457 1752 4529; x_wconf 85' lang='grc' dir='ltr'><strong>Θή-</strong></span> 
     </span>
    </p>
   </div>
   <div class='ocr_carea' id='block_1_95' title="bbox 1860 4454 3444 4542">
    <p class='ocr_par' dir='ltr' id='par_1_95' title="bbox 1860 4462 3444 4542">
     <span class='ocr_line' id='line_1_95' title="bbox 1860 4462 3444 4542; baseline 0.004 -23"><span class='ocrx_word' id='word_1_648' title='bbox 1860 4464 2133 4527; x_wconf 87' lang='lat' dir='ltr'><strong>ccndium,</strong></span> <span class='ocrx_word' id='word_1_649' title='bbox 2159 4473 2311 4519; x_wconf 90' lang='lat' dir='ltr'><strong>ortus</strong></span> <span class='ocrx_word' id='word_1_650' title='bbox 2330 4462 2694 4531; x_wconf 89' lang='lat' dir='ltr'><strong>Erichthonii,</strong></span> <span class='ocrx_word' id='word_1_651' title='bbox 2723 4464 3069 4536; x_wconf 59' lang='lat' dir='ltr'><strong>Proserpina:</strong></span> <span class='ocrx_word' id='word_1_652' title='bbox 3094 4477 3308 4538; x_wconf 82' lang='lat' dir='ltr'><strong>raptus,</strong></span> <span class='ocrx_word' id='word_1_653' title='bbox 3329 4486 3444 4542; x_wconf 85' lang='lat' dir='ltr'><strong>my-</strong></span> 
     </span>
    </p>
   </div>
   <div class='ocr_carea' id='block_1_96' title="bbox 159 4545 1753 4622">
    <p class='ocr_par' dir='ltr' id='par_1_96' title="bbox 159 4545 1753 4622">
     <span class='ocr_line' id='line_1_96' title="bbox 159 4545 1753 4622; baseline 0.001 -23"><span class='ocrx_word' id='word_1_654' title='bbox 159 4545 269 4612; x_wconf 84' lang='grc' dir='ltr'><strong>ϐας</strong></span> <span class='ocrx_word' id='word_1_655' title='bbox 292 4547 582 4620; x_wconf 87' lang='grc' dir='ltr'>παρουσία,</span> <span class='ocrx_word' id='word_1_656' title='bbox 605 4549 699 4602; x_wconf 80' lang='grc' dir='ltr'>καὶ</span> <span class='ocrx_word' id='word_1_657' title='bbox 724 4548 803 4601; x_wconf 76' lang='grc' dir='ltr'>ἔτι</span> <span class='ocrx_word' id='word_1_658' title='bbox 839 4548 1041 4602; x_wconf 89' lang='grc' dir='ltr'>τούτων</span> <span class='ocrx_word' id='word_1_659' title='bbox 1066 4547 1321 4622; x_wconf 84' lang='grc' dir='ltr'>νεώτεροι</span> <span class='ocrx_word' id='word_1_660' title='bbox 1354 4550 1625 4613; x_wconf 87' lang='grc' dir='ltr'>Διόνυσος,</span> <span class='ocrx_word' id='word_1_661' title='bbox 1647 4549 1753 4603; x_wconf 83' lang='grc' dir='ltr'><strong>Μί-</strong></span> 
     </span>
    </p>
   </div>
   <div class='ocr_carea' id='block_1_97' title="bbox 158 4640 1744 4715">
    <p class='ocr_par' dir='ltr' id='par_1_97' title="bbox 158 4640 1744 4715">
     <span class='ocr_line' id='line_1_97' title="bbox 158 4640 1744 4715; baseline 0.001 -22"><span class='ocrx_word' id='word_1_662' title='bbox 158 4656 293 4706; x_wconf 86' lang='grc' dir='ltr'>νως,</span> <span class='ocrx_word' id='word_1_663' title='bbox 336 4641 602 4712; x_wconf 78' lang='grc' dir='ltr'>Περσεὺς,</span> <span class='ocrx_word' id='word_1_664' title='bbox 663 4640 1018 4712; x_wconf 84' lang='grc' dir='ltr'>Ἀσκληπιὸς,</span> <span class='ocrx_word' id='word_1_665' title='bbox 1068 4642 1416 4715; x_wconf 87' lang='grc' dir='ltr'>Διόσκουροι,</span> <span class='ocrx_word' id='word_1_666' title='bbox 1451 4642 1744 4714; x_wconf 80' lang='grc' dir='ltr'>Ἡρακλῆς.</span> 
     </span>
    </p>
   </div>
   <div class='ocr_carea' id='block_1_98' title="bbox 161 4732 1750 4804">
    <p class='ocr_par' dir='ltr' id='par_1_98' title="bbox 161 4732 1750 4804">
     <span class='ocr_line' id='line_1_98' title="bbox 161 4732 1750 4804; baseline 0.003 -18"><span class='ocrx_word' id='word_1_667' title='bbox 161 4732 387 4786; x_wconf 85' lang='grc' dir='ltr'>Τούτων</span> <span class='ocrx_word' id='word_1_668' title='bbox 411 4732 455 4786; x_wconf 87' lang='grc' dir='ltr'>δ’</span> <span class='ocrx_word' id='word_1_669' title='bbox 479 4733 733 4788; x_wconf 83' lang='grc' dir='ltr'>ἁπάντων</span> <span class='ocrx_word' id='word_1_670' title='bbox 774 4733 1141 4804; x_wconf 83' lang='grc' dir='ltr'>πρεσϐύτερος</span> <span class='ocrx_word' id='word_1_671' title='bbox 1169 4733 1408 4803; x_wconf 87' lang='grc' dir='ltr'>γεγονὼς</span> <span class='ocrx_word' id='word_1_672' title='bbox 1438 4737 1750 4790; x_wconf 82' lang='grc' dir='ltr'>συνίσταται</span> 
     </span>
    </p>
   </div>
   <div class='ocr_carea' id='block_1_99' title="bbox 158 4824 1749 4899">
    <p class='ocr_par' dir='ltr' id='par_1_99' title="bbox 158 4824 1749 4899">
     <span class='ocr_line' id='line_1_99' title="bbox 158 4824 1749 4899; baseline 0.003 -20"><span class='ocrx_word' id='word_1_673' title='bbox 158 4825 428 4896; x_wconf 78' lang='grc' dir='ltr'>Μωῦσῆς,</span> <span class='ocrx_word' id='word_1_674' title='bbox 459 4824 534 4888; x_wconf 83' lang='grc' dir='ltr'><strong>ὡς</strong></span> <span class='ocrx_word' id='word_1_675' title='bbox 567 4824 632 4879; x_wconf 79' lang='grc' dir='ltr'>ἂν</span> <span class='ocrx_word' id='word_1_676' title='bbox 657 4824 799 4878; x_wconf 82' lang='grc' dir='ltr'>κατὰ</span> <span class='ocrx_word' id='word_1_677' title='bbox 822 4825 1082 4897; x_wconf 79' lang='grc' dir='ltr'>Κέκροπα</span> <span class='ocrx_word' id='word_1_678' title='bbox 1104 4826 1202 4898; x_wconf 85' lang='grc' dir='ltr'>τὴν</span> <span class='ocrx_word' id='word_1_679' title='bbox 1229 4826 1444 4897; x_wconf 83' lang='grc' dir='ltr'>ἡλικίαν</span> <span class='ocrx_word' id='word_1_680' title='bbox 1471 4828 1749 4899; x_wconf 87' lang='grc' dir='ltr'>ἀκμάσας.</span> 
     </span>
    </p>
   </div>
   <div class='ocr_carea' id='block_1_100' title="bbox 170 4917 1750 4990">
    <p class='ocr_par' dir='ltr' id='par_1_100' title="bbox 170 4917 1750 4990">
     <span class='ocr_line' id='line_1_100' title="bbox 170 4917 1750 4990; baseline 0.002 -20"><span class='ocrx_word' id='word_1_681' title='bbox 170 4917 311 4970; x_wconf 80' lang='grc' dir='ltr'>Ἀπὸ</span> <span class='ocrx_word' id='word_1_682' title='bbox 341 4918 401 4970; x_wconf 82' lang='grc' dir='ltr'>δὲ</span> <span class='ocrx_word' id='word_1_683' title='bbox 434 4918 711 4982; x_wconf 81' lang='grc' dir='ltr'>Μωῦσέως</span> <span class='ocrx_word' id='word_1_684' title='bbox 745 4917 907 4971; x_wconf 87' lang='grc' dir='ltr'>πάλιν</span> <span class='ocrx_word' id='word_1_685' title='bbox 933 4917 1095 4972; x_wconf 86' lang='grc' dir='ltr'>ἀνιὼν</span> <span class='ocrx_word' id='word_1_686' title='bbox 1133 4918 1228 4971; x_wconf 72' lang='grc' dir='ltr'>ἐπὶ</span> <span class='ocrx_word' id='word_1_687' title='bbox 1279 4918 1340 4971; x_wconf 89' lang='grc' dir='ltr'><strong>τὸ</strong></span> <span class='ocrx_word' id='word_1_688' title='bbox 1383 4919 1599 4990; x_wconf 80' lang='grc' dir='ltr'>πρῶτον</span> <span class='ocrx_word' id='word_1_689' title='bbox 1633 4920 1750 4984; x_wconf 80' lang='grc' dir='ltr'>ἔτος</span> 
     </span>
    </p>
   </div>
   <div class='ocr_carea' id='block_1_101' title="bbox 157 5008 1747 5083">
    <p class='ocr_par' dir='ltr' id='par_1_101' title="bbox 157 5008 1747 5083">
     <span class='ocr_line' id='line_1_101' title="bbox 157 5008 1747 5083; baseline 0.001 -19"><span class='ocrx_word' id='word_1_690' title='bbox 157 5010 312 5082; x_wconf 79' lang='grc' dir='ltr'>ζωῆς</span> <span class='ocrx_word' id='word_1_691' title='bbox 341 5009 613 5082; x_wconf 85' lang='grc' dir='ltr'>Ἀϐραὰμ,</span> <span class='ocrx_word' id='word_1_692' title='bbox 637 5011 892 5083; x_wconf 86' lang='grc' dir='ltr'>εὑρήσεις</span> <span class='ocrx_word' id='word_1_693' title='bbox 910 5009 1005 5080; x_wconf 80' lang='grc' dir='ltr'>ἔτη</span> <span class='ocrx_word' id='word_1_694' title='bbox 1047 5017 1147 5079; x_wconf 79' lang='grc' dir='ltr'>φε’·</span> <span class='ocrx_word' id='word_1_695' title='bbox 1171 5008 1412 5064; x_wconf 83' lang='grc' dir='ltr'>τοσαῦτα</span> <span class='ocrx_word' id='word_1_696' title='bbox 1445 5011 1500 5063; x_wconf 88' lang='grc' dir='ltr'>δὲ</span> <span class='ocrx_word' id='word_1_697' title='bbox 1522 5011 1628 5065; x_wconf 84' lang='grc' dir='ltr'>ἀπὸ</span> <span class='ocrx_word' id='word_1_698' title='bbox 1651 5012 1747 5066; x_wconf 80' lang='grc' dir='ltr'>τοῦ</span> 
     </span>
    </p>
   </div>
   <div class='ocr_carea' id='block_1_102' title="bbox 154 5101 1746 5177">
    <p class='ocr_par' dir='ltr' id='par_1_102' title="bbox 154 5101 1746 5177">
     <span class='ocr_line' id='line_1_102' title="bbox 154 5101 1746 5177; baseline 0 -17"><span class='ocrx_word' id='word_1_699' title='bbox 154 5102 500 5177; x_wconf 78' lang='grc' dir='ltr'>δηλωθέντος</span> <span class='ocrx_word' id='word_1_700' title='bbox 547 5101 700 5167; x_wconf 75' lang='grc' dir='ltr'>ἔτους</span> <span class='ocrx_word' id='word_1_701' title='bbox 738 5104 838 5174; x_wconf 79' lang='grc' dir='ltr'>τῆς</span> <span class='ocrx_word' id='word_1_702' title='bbox 870 5103 1155 5174; x_wconf 86' lang='grc' dir='ltr'>Κέκροπος</span> <span class='ocrx_word' id='word_1_703' title='bbox 1203 5102 1480 5174; x_wconf 83' lang='grc' dir='ltr'>βασιλείας</span> <span class='ocrx_word' id='word_1_704' title='bbox 1514 5105 1746 5176; x_wconf 82' lang='lat'><strong>(58-59),</strong></span> 
     </span>
    </p>
   </div>
   <div class='ocr_carea' id='block_1_103' title="bbox 152 5195 1749 5268">
    <p class='ocr_par' dir='ltr' id='par_1_103' title="bbox 152 5195 1749 5268">
     <span class='ocr_line' id='line_1_103' title="bbox 152 5195 1749 5268; baseline 0 -16"><span class='ocrx_word' id='word_1_705' title='bbox 152 5198 255 5252; x_wconf 83' lang='grc' dir='ltr'><strong>τὸν</strong></span> <span class='ocrx_word' id='word_1_706' title='bbox 316 5196 576 5267; x_wconf 78' lang='grc' dir='ltr'>ἀνωτέρω</span> <span class='ocrx_word' id='word_1_707' title='bbox 627 5196 816 5268; x_wconf 87' lang='grc' dir='ltr'>χρόνον</span> <span class='ocrx_word' id='word_1_708' title='bbox 875 5195 1388 5268; x_wconf 84' lang='grc' dir='ltr'>ἀπαριθμούμενος,</span> <span class='ocrx_word' id='word_1_709' title='bbox 1434 5197 1527 5250; x_wconf 76' lang='grc' dir='ltr'><strong>ἐπὶ</strong></span> <span class='ocrx_word' id='word_1_710' title='bbox 1588 5199 1749 5252; x_wconf 80' lang='grc' dir='ltr'>Νῖνον</span> 
     </span>
    </p>
   </div>
   <div class='ocr_carea' id='block_1_104' title="bbox 153 5289 1749 5363">
    <p class='ocr_par' dir='ltr' id='par_1_104' title="bbox 153 5289 1749 5363">
     <span class='ocr_line' id='line_1_104' title="bbox 153 5289 1749 5363; baseline 0.001 -20"><span class='ocrx_word' id='word_1_711' title='bbox 153 5289 315 5363; x_wconf 72' lang='grc' dir='ltr'>ἥξεις</span> <span class='ocrx_word' id='word_1_712' title='bbox 357 5291 451 5343; x_wconf 87' lang='grc' dir='ltr'><strong>τὸν</strong></span> <span class='ocrx_word' id='word_1_713' title='bbox 490 5289 779 5362; x_wconf 81' lang='grc' dir='ltr'>Ασσύριον,</span> <span class='ocrx_word' id='word_1_714' title='bbox 824 5290 882 5343; x_wconf 80' lang='grc' dir='ltr'>ὃν</span> <span class='ocrx_word' id='word_1_715' title='bbox 927 5290 1142 5363; x_wconf 83' lang='grc' dir='ltr'>πρῶτόν</span> <span class='ocrx_word' id='word_1_716' title='bbox 1185 5308 1348 5360; x_wconf 75' lang='grc' dir='ltr'>φασιν</span> <span class='ocrx_word' id='word_1_717' title='bbox 1389 5291 1605 5362; x_wconf 86' lang='grc' dir='ltr'>ἀπάσης</span> <span class='ocrx_word' id='word_1_718' title='bbox 1649 5295 1749 5363; x_wconf 84' lang='grc' dir='ltr'>τῆς</span> 
     </span>
    </p>
   </div>
   <div class='ocr_carea' id='block_1_105' title="bbox 168 5375 1750 5452">
    <p class='ocr_par' dir='ltr' id='par_1_105' title="bbox 168 5375 1750 5452">
     <span class='ocr_line' id='line_1_105' title="bbox 168 5375 1750 5452; baseline 0 -18"><span class='ocrx_word' id='word_1_719' title='bbox 168 5380 364 5442; x_wconf 83' lang='grc' dir='ltr'>Ἀσίας</span> <span class='ocrx_word' id='word_1_720' title='bbox 401 5379 539 5450; x_wconf 82' lang='grc' dir='ltr'>πλὴν</span> <span class='ocrx_word' id='word_1_721' title='bbox 567 5380 741 5434; x_wconf 83' lang='grc' dir='ltr'>Ἰνδῶν</span> <span class='ocrx_word' id='word_1_722' title='bbox 784 5381 1185 5452; x_wconf 83' lang='grc' dir='ltr'>κεκρατηκέναι</span> <span class='ocrx_word' id='word_1_723' title='bbox 1210 5398 1223 5410; x_wconf 77' lang='grc'><em>’</em></span> <span class='ocrx_word' id='word_1_724' title='bbox 1251 5375 1315 5435; x_wconf 78' lang='grc' dir='ltr'><strong>οὗ</strong></span> <span class='ocrx_word' id='word_1_725' title='bbox 1351 5382 1510 5444; x_wconf 85' lang='grc' dir='ltr'>Νῖνος</span> <span class='ocrx_word' id='word_1_726' title='bbox 1539 5380 1750 5435; x_wconf 83' lang='grc' dir='ltr'>ἐπώνυ-</span> 
     </span>
    </p>
   </div>
   <div class='ocr_carea' id='block_1_106' title="bbox 157 5471 1749 5544">
    <p class='ocr_par' dir='ltr' id='par_1_106' title="bbox 157 5471 1749 5544">
     <span class='ocr_line' id='line_1_106' title="bbox 157 5471 1749 5544; baseline 0.002 -20"><span class='ocrx_word' id='word_1_727' title='bbox 157 5488 267 5543; x_wconf 79' lang='grc' dir='ltr'><strong>μος</strong></span> <span class='ocrx_word' id='word_1_728' title='bbox 285 5471 460 5535; x_wconf 88' lang='grc' dir='ltr'>πόλις,</span> <span class='ocrx_word' id='word_1_729' title='bbox 478 5472 512 5542; x_wconf 88' lang='grc' dir='ltr'>ἢ</span> <span class='ocrx_word' id='word_1_730' title='bbox 538 5471 722 5525; x_wconf 81' lang='grc' dir='ltr'>Νινευῒ</span> <span class='ocrx_word' id='word_1_731' title='bbox 749 5474 880 5543; x_wconf 86' lang='grc' dir='ltr'>παρ’</span> <span class='ocrx_word' id='word_1_732' title='bbox 906 5471 1176 5542; x_wconf 84' lang='grc' dir='ltr'>Ἑϐραίοις</span> <span class='ocrx_word' id='word_1_733' title='bbox 1193 5473 1530 5544; x_wconf 85' lang='grc' dir='ltr'>ὠνόμασται,</span> <span class='ocrx_word' id='word_1_734' title='bbox 1550 5474 1749 5528; x_wconf 80' lang='grc' dir='ltr'>καθ’ὂν</span> 
     </span>
    </p>
   </div>
   <div class='ocr_carea' id='block_1_107' title="bbox 153 5563 1746 5639">
    <p class='ocr_par' dir='ltr' id='par_1_107' title="bbox 153 5563 1746 5639">
     <span class='ocr_line' id='line_1_107' title="bbox 153 5563 1746 5639; baseline -0.001 -19"><span class='ocrx_word' id='word_1_735' title='bbox 153 5563 529 5639; x_wconf 84' lang='grc' dir='ltr'>Ζωροάστρης</span> <span class='ocrx_word' id='word_1_736' title='bbox 555 5567 583 5618; x_wconf 89' lang='grc' dir='ltr'>ὁ</span> <span class='ocrx_word' id='word_1_737' title='bbox 612 5565 799 5633; x_wconf 85' lang='grc' dir='ltr'>Μάγος</span> <span class='ocrx_word' id='word_1_738' title='bbox 827 5564 1109 5636; x_wconf 86' lang='grc' dir='ltr'>Βακτρίων</span> <span class='ocrx_word' id='word_1_739' title='bbox 1137 5565 1473 5621; x_wconf 85' lang='grc' dir='ltr'>ἐϐασίλευσε.</span> <span class='ocrx_word' id='word_1_740' title='bbox 1503 5566 1666 5620; x_wconf 83' lang='grc' dir='ltr'>Νίνου</span> <span class='ocrx_word' id='word_1_741' title='bbox 1690 5566 1746 5619; x_wconf 87' lang='grc' dir='ltr'>δὲ</span> 
     </span>
    </p>
   </div>
   <div class='ocr_carea' id='block_1_108' title="bbox 1861 4555 3441 4630">
    <p class='ocr_par' dir='ltr' id='par_1_108' title="bbox 1861 4555 3441 4630">
     <span class='ocr_line' id='line_1_108' title="bbox 1861 4555 3441 4630; baseline 0.004 -20"><span class='ocrx_word' id='word_1_742' title='bbox 1861 4556 2026 4610; x_wconf 87' lang='lat' dir='ltr'><strong>steria</strong></span> <span class='ocrx_word' id='word_1_743' title='bbox 2075 4555 2313 4622; x_wconf 84' lang='lat' dir='ltr'><strong>Cereris,</strong></span> <span class='ocrx_word' id='word_1_744' title='bbox 2346 4555 2749 4612; x_wconf 89' lang='lat' dir='ltr'><strong>Eleusiniorum</strong></span> <span class='ocrx_word' id='word_1_745' title='bbox 2786 4558 3079 4623; x_wconf 89' lang='lat' dir='ltr'><strong>institutio,</strong></span> <span class='ocrx_word' id='word_1_746' title='bbox 3122 4558 3441 4630; x_wconf 87' lang='lat' dir='ltr'><strong>Triptolemi</strong></span> 
     </span>
    </p>
   </div>
   <div class='ocr_carea' id='block_1_109' title="bbox 1861 4644 3440 4718">
    <p class='ocr_par' dir='ltr' id='par_1_109' title="bbox 1861 4644 3440 4718">
     <span class='ocr_line' id='line_1_109' title="bbox 1861 4644 3440 4718; baseline 0.004 -20"><span class='ocrx_word' id='word_1_747' title='bbox 1861 4644 2453 4715; x_wconf 79' lang='lat' dir='ltr'><strong>agricultura,Europae</strong></span> <span class='ocrx_word' id='word_1_748' title='bbox 2477 4646 2544 4700; x_wconf 89' lang='lat' dir='ltr'><strong>ab</strong></span> <span class='ocrx_word' id='word_1_749' title='bbox 2563 4644 2696 4701; x_wconf 85' lang='lat' dir='ltr'><strong>Jove</strong></span> <span class='ocrx_word' id='word_1_750' title='bbox 2716 4648 3134 4717; x_wconf 87' lang='lat' dir='ltr'><strong>raptus,natalis</strong></span> <span class='ocrx_word' id='word_1_751' title='bbox 3150 4649 3440 4718; x_wconf 89' lang='lat' dir='ltr'><strong>Apollinis,</strong></span> 
     </span>
    </p>
   </div>
   <div class='ocr_carea' id='block_1_110' title="bbox 1860 4733 3442 4807">
    <p class='ocr_par' dir='ltr' id='par_1_110' title="bbox 1860 4733 3442 4807">
     <span class='ocr_line' id='line_1_110' title="bbox 1860 4733 3442 4807; baseline 0.004 -18"><span class='ocrx_word' id='word_1_752' title='bbox 1860 4733 2047 4789; x_wconf 88' lang='lat' dir='ltr'><strong>Cadmi</strong></span> <span class='ocrx_word' id='word_1_753' title='bbox 2082 4736 2226 4804; x_wconf 88' lang='lat' dir='ltr'><strong>apud</strong></span> <span class='ocrx_word' id='word_1_754' title='bbox 2254 4736 2544 4792; x_wconf 86' lang='lat' dir='ltr'><strong>Thebanos</strong></span> <span class='ocrx_word' id='word_1_755' title='bbox 2571 4736 2857 4802; x_wconf 82' lang='lat' dir='ltr'><strong>adventus,</strong></span> <span class='ocrx_word' id='word_1_756' title='bbox 2892 4747 3054 4807; x_wconf 89' lang='lat' dir='ltr'><strong>atque</strong></span> <span class='ocrx_word' id='word_1_757' title='bbox 3089 4739 3157 4793; x_wconf 90' lang='lat' dir='ltr'><strong>iis</strong></span> <span class='ocrx_word' id='word_1_758' title='bbox 3180 4740 3442 4796; x_wconf 80' lang='lat' dir='ltr'><strong>omnibus</strong></span> 
     </span>
    </p>
   </div>
   <div class='ocr_carea' id='block_1_111' title="bbox 1851 4825 3421 4899">
    <p class='ocr_par' dir='ltr' id='par_1_111' title="bbox 1851 4825 3421 4899">
     <span class='ocr_line' id='line_1_111' title="bbox 1851 4825 3421 4899; baseline 0.005 -19"><span class='ocrx_word' id='word_1_759' title='bbox 1851 4825 2095 4896; x_wconf 87' lang='lat' dir='ltr'><strong>juniores</strong></span> <span class='ocrx_word' id='word_1_760' title='bbox 2115 4826 2382 4890; x_wconf 85' lang='lat' dir='ltr'><strong>Bacchus,</strong></span> <span class='ocrx_word' id='word_1_761' title='bbox 2404 4826 2601 4895; x_wconf 86' lang='lat' dir='ltr'><strong>Minos,</strong></span> <span class='ocrx_word' id='word_1_762' title='bbox 2628 4825 2881 4896; x_wconf 90' lang='lat' dir='ltr'><strong>Perseus,</strong></span> <span class='ocrx_word' id='word_1_763' title='bbox 2912 4829 3287 4899; x_wconf 64' lang='lat' dir='ltr'><strong>jEsculapius,</strong></span> <span class='ocrx_word' id='word_1_764' title='bbox 3314 4833 3421 4888; x_wconf 88' lang='lat' dir='ltr'><strong>Cas</strong></span> 
     </span>
    </p>
   </div>
   <div class='ocr_carea' id='block_1_112' title="bbox 1859 4917 3441 4993">
    <p class='ocr_par' dir='ltr' id='par_1_112' title="bbox 1859 4917 3441 4993">
     <span class='ocr_line' id='line_1_112' title="bbox 1859 4917 3441 4993; baseline 0.003 -20"><span class='ocrx_word' id='word_1_765' title='bbox 1859 4928 1965 4984; x_wconf 91' lang='lat' dir='ltr'><strong>tor,</strong></span> <span class='ocrx_word' id='word_1_766' title='bbox 1995 4925 2062 4974; x_wconf 80' lang='lat' dir='ltr'><strong>’ct</strong></span> <span class='ocrx_word' id='word_1_767' title='bbox 2088 4918 2308 4984; x_wconf 75' lang='lat' dir='ltr'><strong>Pollux,</strong></span> <span class='ocrx_word' id='word_1_768' title='bbox 2343 4928 2397 4973; x_wconf 91' lang='lat' dir='ltr'><strong>et</strong></span> <span class='ocrx_word' id='word_1_769' title='bbox 2421 4917 2681 4976; x_wconf 88' lang='lat' dir='ltr'><strong>Hercules</strong></span> <span class='ocrx_word' id='word_1_770' title='bbox 2721 4922 3001 4976; x_wconf 80' lang='lat' dir='ltr'><strong>exstitere.</strong></span> <span class='ocrx_word' id='word_1_771' title='bbox 3033 4919 3182 4987; x_wconf 87' lang='lat' dir='ltr'><strong>Quos</strong></span> <span class='ocrx_word' id='word_1_772' title='bbox 3212 4924 3441 4993; x_wconf 88' lang='lat' dir='ltr'><strong>proinde</strong></span> 
     </span>
    </p>
   </div>
   <div class='ocr_carea' id='block_1_113' title="bbox 1856 5011 3441 5083">
    <p class='ocr_par' dir='ltr' id='par_1_113' title="bbox 1856 5011 3441 5083">
     <span class='ocr_line' id='line_1_113' title="bbox 1856 5011 3441 5083; baseline 0.002 -18"><span class='ocrx_word' id='word_1_773' title='bbox 1856 5011 2093 5083; x_wconf 78' lang='lat' dir='ltr'><strong>Moyses,</strong></span> <span class='ocrx_word' id='word_1_774' title='bbox 2150 5027 2276 5067; x_wconf 91' lang='lat' dir='ltr'><strong>cum</strong></span> <span class='ocrx_word' id='word_1_775' title='bbox 2331 5011 2592 5082; x_wconf 87' lang='lat' dir='ltr'><strong>Cecropis</strong></span> <span class='ocrx_word' id='word_1_776' title='bbox 2634 5021 2880 5082; x_wconf 87' lang='lat' dir='ltr'><strong>tempore</strong></span> <span class='ocrx_word' id='word_1_777' title='bbox 2929 5012 3215 5078; x_wconf 91' lang='lat' dir='ltr'><strong>ﬂoruerit,</strong></span> <span class='ocrx_word' id='word_1_778' title='bbox 3283 5024 3441 5069; x_wconf 72' lang='lat' dir='ltr'><strong>aetate</strong></span> 
     </span>
    </p>
   </div>
   <div class='ocr_carea' id='block_1_114' title="bbox 1856 5103 3451 5199">
    <p class='ocr_par' dir='ltr' id='par_1_114' title="bbox 1856 5103 3451 5199">
     <span class='ocr_line' id='line_1_114' title="bbox 1856 5103 3451 5199; baseline 0.001 -41"><span class='ocrx_word' id='word_1_779' title='bbox 1856 5119 2046 5159; x_wconf 89' lang='lat' dir='ltr'><strong>omnes</strong></span> <span class='ocrx_word' id='word_1_780' title='bbox 2072 5104 2313 5159; x_wconf 86' lang='lat' dir='ltr'><strong>anteivit.</strong></span> <span class='ocrx_word' id='word_1_781' title='bbox 2334 5103 2504 5159; x_wconf 92' lang='lat' dir='ltr'><strong>Porro</strong></span> <span class='ocrx_word' id='word_1_782' title='bbox 2522 5104 2567 5159; x_wconf 92' lang='lat' dir='ltr'><strong>si</strong></span> <span class='ocrx_word' id='word_1_783' title='bbox 2586 5105 2654 5158; x_wconf 91' lang='lat' dir='ltr'><strong>ab</strong></span> <span class='ocrx_word' id='word_1_784' title='bbox 2678 5104 2866 5160; x_wconf 89' lang='lat' dir='ltr'><strong>eodem</strong></span> <span class='ocrx_word' id='word_1_785' title='bbox 2892 5103 3076 5176; x_wconf 75' lang='lat' dir='ltr'><strong>Moyse</strong></span> <span class='ocrx_word' id='word_1_786' title='bbox 3099 5105 3164 5159; x_wconf 90' lang='lat' dir='ltr'><strong>ad</strong></span> <span class='ocrx_word' id='word_1_787' title='bbox 3200 5105 3451 5199; x_wconf 47' lang='lat' dir='ltr'><strong>primum‘</strong></span> 
     </span>
    </p>
   </div>
   <div class='ocr_carea' id='block_1_115' title="bbox 1859 5197 3436 5266">
    <p class='ocr_par' dir='ltr' id='par_1_115' title="bbox 1859 5197 3436 5266">
     <span class='ocr_line' id='line_1_115' title="bbox 1859 5197 3436 5266; baseline 0 -16"><span class='ocrx_word' id='word_1_788' title='bbox 1859 5212 2033 5266; x_wconf 86' lang='lat' dir='ltr'><strong>usque</strong></span> <span class='ocrx_word' id='word_1_789' title='bbox 2052 5197 2353 5252; x_wconf 87' lang='lat' dir='ltr'><strong>Ahrahami</strong></span> <span class='ocrx_word' id='word_1_790' title='bbox 2385 5199 2511 5252; x_wconf 71' lang='lat' dir='ltr'><strong>vita:</strong></span> <span class='ocrx_word' id='word_1_791' title='bbox 2540 5212 2747 5251; x_wconf 90' lang='lat' dir='ltr'><strong>annum</strong></span> <span class='ocrx_word' id='word_1_792' title='bbox 2798 5198 3134 5259; x_wconf 88' lang='lat' dir='ltr'><strong>recurreris,</strong></span> <span class='ocrx_word' id='word_1_793' title='bbox 3165 5212 3436 5251; x_wconf 87' lang='lat' dir='ltr'><strong>summam</strong></span> 
     </span>
    </p>
   </div>
   <div class='ocr_carea' id='block_1_116' title="bbox 1856 5289 3437 5361">
    <p class='ocr_par' dir='ltr' id='par_1_116' title="bbox 1856 5289 3437 5361">
     <span class='ocr_line' id='line_1_116' title="bbox 1856 5289 3437 5361; baseline -0.002 -16"><span class='ocrx_word' id='word_1_794' title='bbox 1856 5289 2079 5359; x_wconf 85' lang='lat' dir='ltr'><strong>colliges</strong></span> <span class='ocrx_word' id='word_1_795' title='bbox 2105 5304 2376 5344; x_wconf 89' lang='lat' dir='ltr'><strong>annorum</strong></span> <span class='ocrx_word' id='word_1_796' title='bbox 2400 5289 2647 5360; x_wconf 89' lang='lat' dir='ltr'><strong>quinque</strong></span> <span class='ocrx_word' id='word_1_797' title='bbox 2670 5304 2834 5359; x_wconf 89' lang='lat' dir='ltr'><strong>supra</strong></span> <span class='ocrx_word' id='word_1_798' title='bbox 2874 5292 3234 5361; x_wconf 88' lang='lat' dir='ltr'><strong>quingentos;</strong></span> <span class='ocrx_word' id='word_1_799' title='bbox 3276 5290 3437 5343; x_wconf 90' lang='lat' dir='ltr'><strong>item-</strong></span> 
     </span>
    </p>
   </div>
   <div class='ocr_carea' id='block_1_117' title="bbox 1854 5380 3433 5454">
    <p class='ocr_par' dir='ltr' id='par_1_117' title="bbox 1854 5380 3433 5454">
     <span class='ocr_line' id='line_1_117' title="bbox 1854 5380 3433 5454; baseline 0.001 -16"><span class='ocrx_word' id='word_1_800' title='bbox 1854 5398 1981 5454; x_wconf 87' lang='lat' dir='ltr'><strong>que,</strong></span> <span class='ocrx_word' id='word_1_801' title='bbox 2013 5383 2238 5438; x_wconf 84' lang='lat' dir='ltr'><strong>totidem</strong></span> <span class='ocrx_word' id='word_1_802' title='bbox 2270 5382 2339 5437; x_wconf 90' lang='lat' dir='ltr'><strong>ab</strong></span> <span class='ocrx_word' id='word_1_803' title='bbox 2365 5382 2457 5437; x_wconf 90' lang='lat' dir='ltr'><strong>illo</strong></span> <span class='ocrx_word' id='word_1_804' title='bbox 2482 5380 2745 5452; x_wconf 86' lang='lat' dir='ltr'><strong>Cecropis</strong></span> <span class='ocrx_word' id='word_1_805' title='bbox 2780 5382 2933 5452; x_wconf 90' lang='lat' dir='ltr'><strong>regni</strong></span> <span class='ocrx_word' id='word_1_806' title='bbox 2966 5397 3111 5437; x_wconf 90' lang='lat' dir='ltr'><strong>anno</strong></span> <span class='ocrx_word' id='word_1_807' title='bbox 3150 5381 3433 5451; x_wconf 83' lang='lat' dir='ltr'><strong>superiora</strong></span> 
     </span>
    </p>
   </div>
   <div class='ocr_carea' id='block_1_118' title="bbox 1854 5471 3411 5545">
    <p class='ocr_par' dir='ltr' id='par_1_118' title="bbox 1854 5471 3411 5545">
     <span class='ocr_line' id='line_1_118' title="bbox 1854 5471 3411 5545; baseline -0.001 -17"><span class='ocrx_word' id='word_1_808' title='bbox 1854 5489 2048 5530; x_wconf 88' lang='lat' dir='ltr'><strong>versus</strong></span> <span class='ocrx_word' id='word_1_809' title='bbox 2077 5483 2321 5544; x_wconf 89' lang='lat' dir='ltr'><strong>tempora</strong></span> <span class='ocrx_word' id='word_1_810' title='bbox 2353 5472 2678 5537; x_wconf 87' lang='lat' dir='ltr'><strong>numeratis,</strong></span> <span class='ocrx_word' id='word_1_811' title='bbox 2702 5472 2770 5528; x_wconf 91' lang='lat' dir='ltr'><strong>ad</strong></span> <span class='ocrx_word' id='word_1_812' title='bbox 2785 5471 2986 5527; x_wconf 88' lang='lat' dir='ltr'><strong>Ninum</strong></span> <span class='ocrx_word' id='word_1_813' title='bbox 3006 5472 3290 5545; x_wconf 87' lang='lat' dir='ltr'><strong>Assyrium</strong></span> <span class='ocrx_word' id='word_1_814' title='bbox 3314 5488 3411 5543; x_wconf 91' lang='lat' dir='ltr'><strong>per</strong></span> 
     </span>
    </p>
   </div>
   <div class='ocr_carea' id='block_1_119' title="bbox 1854 5565 3399 5654">
    <p class='ocr_par' dir='ltr' id='par_1_119' title="bbox 1854 5565 3399 5654">
     <span class='ocr_line' id='line_1_119' title="bbox 1854 5565 3399 5654; baseline 0.003 -36"><span class='ocrx_word' id='word_1_815' title='bbox 1854 5568 2064 5626; x_wconf 81' lang='lat' dir='ltr'><strong>venies.</strong></span> <span class='ocrx_word' id='word_1_816' title='bbox 2087 5583 2251 5637; x_wconf 84' lang='lat' dir='ltr'><strong>quem</strong></span> <span class='ocrx_word' id='word_1_817' title='bbox 2281 5566 2528 5622; x_wconf 87' lang='lat' dir='ltr'><strong>omnium</strong></span> <span class='ocrx_word' id='word_1_818' title='bbox 2566 5565 2866 5652; x_wconf 84' lang='lat' dir='ltr'><strong>principem</strong></span> <span class='ocrx_word' id='word_1_819' title='bbox 2892 5572 3005 5622; x_wconf 90' lang='lat' dir='ltr'><strong>tota</strong></span> <span class='ocrx_word' id='word_1_820' title='bbox 3036 5565 3242 5649; x_wconf 73' lang='lat' dir='ltr'><strong>passim</strong></span> <span class='ocrx_word' id='word_1_821' title='bbox 3267 5565 3399 5654; x_wconf 53' lang='grc' dir='ltr'>ῥεῖα</span> 
     </span>
    </p>
   </div>
   <div class='ocr_carea' id='block_1_120' title="bbox 231 5792 1757 5865">
    <p class='ocr_par' dir='ltr' id='par_1_120' title="bbox 231 5794 1748 5865">
     <span class='ocr_line' id='line_1_120' title="bbox 231 5794 1748 5865; baseline 0.003 -14"><span class='ocrx_word' id='word_1_822' title='bbox 231 5794 448 5862; x_wconf 72' lang='lat'><strong>(58-59)</strong></span> <span class='ocrx_word' id='word_1_823' title='bbox 486 5797 824 5862; x_wconf 78' lang='grc' dir='ltr'>Βασιλείας.</span> <span class='ocrx_word' id='word_1_824' title='bbox 860 5796 1180 5855; x_wconf 85' lang='lat' dir='ltr'><strong>Addendum</strong></span> <span class='ocrx_word' id='word_1_825' title='bbox 1212 5798 1332 5865; x_wconf 83' lang='grc' dir='ltr'>ἐπί,</span> <span class='ocrx_word' id='word_1_826' title='bbox 1370 5797 1449 5853; x_wconf 66' lang='lat' dir='ltr'><strong>vel</strong></span> <span class='ocrx_word' id='word_1_827' title='bbox 1483 5798 1580 5865; x_wconf 84' lang='grc' dir='ltr'>είς,</span> <span class='ocrx_word' id='word_1_828' title='bbox 1624 5808 1748 5855; x_wconf 87' lang='lat' dir='ltr'><strong>ante</strong></span> 
     </span>
    </p>
   </div>
   <div class='ocr_carea' id='block_1_121' title="bbox 1860 5792 2043 5865">
    <p class='ocr_par' dir='ltr' id='par_1_121' title="bbox 1860 5796 2043 5851">
     <span class='ocr_line' id='line_1_121' title="bbox 1860 5796 2043 5851; baseline -0.016 0"><span class='ocrx_word' id='word_1_829' title='bbox 1860 5813 1877 5851; x_wconf 74' lang='grc' dir='ltr'><strong>ν</strong></span> <span class='ocrx_word' id='word_1_830' title='bbox 1900 5796 2043 5850; x_wconf 81' lang='grc' dir='ltr'>ἀνωτ</span> 
     </span>
    </p>
   </div>
  </div>
