3842 6226
435 278 544 335 807

1114 271 1382 329 EUSEBll
1422 269 1906 327 CESARIENSIS
1934 268 2086 325 OPP.
2128 266 2309 323 PARS
2338 265 2400 321 ll.
2433 295 2503 306 —-
2526 263 3032 323 APOLOGETICA.

436 398 483 452 si
515 407 697 451 tamen
726 393 891 449 Indos
930 388 1194 460 excipias,
1224 388 1567 442 dominatum
1597 401 1720 442 esse
1761 386 2000 442 tradunt.

2106 384 2264 455 γυνὴ,
2282 400 2376 437 και
2394 381 2636 452 διάδοχος
2661 384 2763 453 τῆς
2781 378 3075 450 βασιλείας,
3091 381 3398 454 Σεμίραμις
3411 396 3431 415 °
3457 381 3586 438 ὥστ’
3605 380 3677 438 εἷ.

435 485 644 541 Nomen
673 485 741 539 ab
772 498 838 538 eo
863 481 1036 535 Ninus
1062 478 1277 541 civitas,
1312 492 1478 546 quam
1510 475 1745 529 Niniven
1791 471 2005 527 Hebraei

434 587 653 645 vocant,
676 574 903 644 accepit,
930 571 1288 641 ejusdemque
1310 570 1651 639 temporibus
1678 566 2006 622 Zoroastres

435 669 525 723 ille
544 682 732 737 magus
763 662 1067 719 Bactrianis
1100 661 1425 731 imperabat.
1456 658 1582 713 Nini
1605 672 1744 713 uxor
1762 656 2005 711 Semira-

434 761 538 814 mis
591 757 767 813 eidem
826 753 1092 809 successit
1129 752 1186 805 in
1240 766 1511 821 regnum:
1556 763 1791 818 quorum
1846 756 2008 802 atate

432 850 660 917 proinde
706 848 1083 902 Abrahamum
1109 846 1314 899 vixisse
1360 842 1619 912 oportuit.
1652 840 1854 895 Verum
1891 840 2009 894 haec

431 957 462 996 a
486 942 643 996 nobis
682 939 867 994 omnia
906 938 1069 993 certis
1120 936 1460 1008 argumentis
1504 935 1560 989 in
1609 932 2007 1003 Chronologicis

430 1032 634 1087 nostris
680 1029 971 1084 canonibus
1013 1028 1263 1084 confecta
1298 1027 1557 1096 reperies.
1591 1023 1750 1079 Nune
1783 1024 2005 1094 quidem

429 1123 817 1179 conﬁrmanda:
843 1121 1048 1192 Moysis
1077 1120 1409 1189 antiquitati,
1441 1119 1509 1173 ad
1541 1119 1828 1187 superiora
1883 1116 2000 1182 illa,

430 1230 599 1268 unum
626 1214 870 1268 hominis
895 1214 1052 1282 longe
1075 1228 1200 1267 cum
1224 1210 1485 1275 Hebrmis,
1506 1219 1622 1264 tum
1650 1210 1816 1265 etiam
1844 1209 2005 1264 nobis

429 1306 820 1371 inimicissimi,
854 1317 1017 1375 atque
1052 1303 1410 1358 infensissimi
1456 1301 1829 1357 testimonium
1874 1300 2006 1355 libet

427 1397 593 1469 485
624 1398 919 1467 adiungere
948 1416 960 1451 :
996 1396 1383 1468 philosophum
1418 1394 1568 1448 illum
1598 1394 1862 1463 aequalem
1900 1407 2004 1446 no-

429 1501 604 1544 strqu
646 1491 908 1560 intelligo,
939 1490 1033 1560 qui
1064 1505 1131 1544 eo
1172 1488 1226 1541 in
1263 1501 1446 1556 opere,
1501 1486 1647 1555 quod
1697 1497 1917 1539 nostros
1951 1484 2006 1537 in

431 1582 681 1637 homines
714 1583 792 1637 vis
820 1582 939 1651 ejus
974 1581 1083 1636 odii
1119 1578 1545 1651 magnitudoque
1583 1575 1845 1646 vulgavit,
1894 1590 2006 1630 non

430 1672 594 1726 modo
652 1687 792 1735 nos,
833 1672 927 1726 sed
956 1670 1224 1733 Hebraeos
1267 1669 1434 1724 etiam
1484 1669 1653 1737 ipsos,
1698 1680 1906 1721 necnon
1953 1678 2008 1719 et

430 1761 695 1833 Moysem,
728 1763 1139 1832 proplietasque
1180 1768 1306 1829 post
1348 1734 1782 1823 illum-cancros,
1813 1756 2005 1810 iisdem
2039 1734 2079 1789 Β

429 1852 778 1907 contumeliis
809 1850 1076 1905 oneravit.
1104 1846 1238 1901 Nam
1268 1847 1344 1900 ita
1372 1846 1593 1900 demum
1622 1848 1939 1911 susceptum
1968 1854 2002 1894 a

429 1944 592 1999 nobis
616 1950 1024 2013 argumentum,
1050 1940 1166 2009 ipsa
1205 1937 1445 1992 hostium
1468 1933 1814 1990 confessione
1839 1940 2008 1987 testa-

432 2045 570 2100 tum,
629 2035 771 2090 nihil
822 2034 1080 2103 cuiquam
1132 2028 1489 2085 dubitationis
1533 2026 1853 2082 relicturum
1885 2038 2007 2080 esse

426 2128 667 2183 conttdo.
710 2124 1048 2195 Porphyrius
1077 2122 1244 2191 igitur
1272 2118 1412 2174 libro
1458 2117 1545 2173 sui
1589 2117 1879 2172 adversum
1906 2129 2007 2171 nos

429 2218 615 2288 aperis
636 2225 858 2287 quarto,
890 2215 1038 2269 hunc
1068 2213 1122 2266 in
1150 2211 1396 2274 modum,
1422 2208 1602 2264 verbis
1625 2206 1851 2263 omnino
1878 2205 2008 2261 toti-

429 2312 553 2365 dem
582 2309 822 2379 loquitur
853 2326 867 2363 :
904 2323 925 2358 ι
962 2304 1136 2360 Porro
1160 2305 1214 2358 in
1245 2303 1555 2368 scribenda,
1589 2299 1787 2370 inquit,
1810 2313 1999 2353 rerum

428 2401 782 2458 Judaicarum
835 2397 1087 2461 historia,
1152 2392 1396 2448 veritatis
1451 2389 1864 2445 eminentissimus
1923 2395 2009 2445 est

431 2490 843 2553 Sancboniatbo
880 2488 972 2543 ille
998 2484 1268 2557 Berytius,
1304 2484 1505 2553 quippe
1533 2480 1628 2551 qui
1665 2488 2006 2535 commenta-

429 2587 545 2641 rios
578 2599 703 2639 cum
732 2596 923 2637 eorum
962 2579 1078 2634 sive
1106 2577 1243 2631 locis
1286 2576 1401 2630 sive
1427 2572 1745 2629 nominibus
1768 2571 2007 2625 maxime

429 2680 814 2746 congruentes,
847 2670 916 2725 ab
951 2666 1302 2723 Hierombalo
1327 2663 1549 2719 Jevonis
1596 2662 1683 2717 dei
1722 2660 2007 2716 sacerdote

428 2762 703 2834 acceperit
725 2779 739 2815 :
764 2759 859 2830 qui
882 2771 1040 2813 suam
1061 2755 1350 2811 historiam
1379 2752 1640 2808 Abelbalo
1662 2749 2003 2822 Berytiorum

431 2856 543 2926 regi
572 2860 967 2923 nuncupatam,
1002 2864 1128 2905 cum
1155 2847 1233 2902 illi
1261 2845 1385 2916 ipsi,
1422 2855 1536 2899 tum
1562 2843 1631 2899 iis
1665 2843 1855 2908 etiam,
1888 2841 2008 2911 qui-

429 2948 535 3002 bus
564 2945 619 3000 in
646 2942 980 3013 explorando
1037 2954 1168 2994 vero
1231 2935 1561 2993 consiliariis
1590 2944 1754 3002 atque
1783 2932 2006 2988 arbitris

2114 492 2201 528 ναι
2233 474 2322 528 τὸν
2366 472 2618 545 Ἀϐραὰμ
2643 472 2783 526 κατὰ
2813 470 3055 535 τούτους.
3081 471 3267 526 Ταῦτα
3305 473 3404 544 μὲν
3431 469 3526 528 οὖν
3557 476 3685 528 ἁπο-

2114 566 2398 629 δεικτικῶς
2419 569 2476 620 ὲν
2490 568 2600 629 τοῖς
2620 565 2930 636 πονηθεῖσιν
2953 568 3081 638 ήμῖν
3101 565 3411 634 Χρονικοῖς
3437 568 3684 622 κανόσιν

2114 655 2285 721 οὕτως
2328 656 2517 727 ἔχοντα
2557 657 2805 729 συνέστη.
2843 658 2966 712 Ἐπὶ
3008 658 3065 711 δὲ
3117 657 3210 711 τοῦ
3253 659 3520 730 παρόντος
3555 659 3685 730 πρὸς

2115 755 2225 816 τοῖς
2254 751 2560 823 εἰρημένοις
2606 751 2841 823 μάρτυρι
2881 753 2981 822 τῆς
3023 750 3317 818 Μωῦσέως,
3338 752 3685 823 ἀρχαιότητος

2111 844 2385 916 χρήσομαι
2410 842 2488 914 τῷ
2509 843 2723 897 πάντων
2743 842 3156 914 δυσμενεστάτῳ
3179 844 3276 897 καὶ
3295 843 3685 918 πολεμιωτάτῳ

2120 938 2383 1009 Ἐϐραίων
2412 955 2472 991 τε
2504 938 2598 991 καὶ
2627 937 2805 1009 ήμῶν,
2837 938 2981 1010 φημὶ
3008 938 3066 992 δὲ
3091 937 3170 1009 τῷ
3203 938 3324 993 καθ’
3349 941 3497 1010 ἡμᾶς
3540 938 3683 1010 φιλο-

2111 1027 2291 1097 σόφῳ,
2328 1027 2389 1092 ὃς
2412 1027 2511 1099 τὴν
2535 1027 2658 1081 καθ’
2695 1027 2853 1099 ήμῶν
2880 1029 3148 1100 συσκευὴν
3183 1029 3453 1101 ὑπερϐολῇ
3499 1029 3685 1101 μίσους

2110 1117 2569 1190 προϐεϐλημένος,
2592 1118 2654 1171 οὐ
2679 1117 2872 1188 μόνους
2890 1120 3059 1190 ἡμᾶς,
3086 1118 3223 1174 ἀλλὰ
3245 1123 3339 1173 καὶ
3379 1120 3682 1192 Ἐϐραίους,

2111 1209 2274 1264 αὐτόν
2294 1227 2354 1263 τε
2381 1208 2619 1263 Μωῦσέα
2647 1210 2740 1263 καὶ
2764 1211 2891 1274 τοὺς
2923 1210 3039 1282 μετ’
3070 1210 3233 1265 αὑτὸν
3257 1211 3541 1282 προφήτας
3565 1213 3684 1275 ταῖς

2110 1301 2255 1365 ῖσαις
2311 1301 2626 1372 ὑπηγάγετο
2682 1301 3035 1372 δυσφημίαις.
3097 1301 3196 1356 Διὰ
3255 1301 3365 1374 γὰρ
3417 1302 3518 1372 τῆς
3575 1301 3685 1357 τῶν

2108 1394 2317 1466 ὲχθρῶν
2352 1393 2637 1465 ὁμολογίας
2668 1394 3099 1466 ἀναμφηρίστως
3121 1392 3488 1465 ήγοῦμαι·τὴν
3515 1395 3684 1463 ἐπαγ-

2107 1486 2293 1555 γελίαν
2340 1483 2740 1540 πιστώσασθαι.
2771 1485 2974 1556 Γράφει
3007 1484 3187 1539 τοίνυν
3219 1486 3279 1538 ὲν
3323 1483 3402 1555 τῷ
3442 1485 3683 1556 τετάρτῳ

2106 1571 2205 1642 τῆς
2228 1571 2350 1627 καθ’
2379 1572 2535 1643 ήμῶν
2561 1572 2829 1643 συσκευῆς
2857 1573 2886 1626 ὁ
2914 1571 3221 1644 Πορφύριος
3243 1572 3481 1644 ῥήμασιν
3501 1574 3683 1638 αὐτοῖς

2108 1664 2265 1719 τάδε·
2309 1683 2328 1717 ι
2360 1665 2585 1736 Ἱστορεῖ
2628 1664 2687 1718 δὲ
2722 1665 2791 1718 τὰ
2830 1664 2959 1735 περὶ
3001 1664 3270 1719 Ἰουδαίων
3301 1664 3679 1733 ἀληθέστατα.

2106 1755 2189 1808 ὅτι
2217 1753 2329 1825 (60)
2358 1755 2589 1817 καὶτοῖς
2618 1754 2804 1818 τόποις
2834 1754 2931 1807 καὶ
2961 1756 3074 1818 τοῖς
3105 1755 3361 1827 ὀνόμασιν
3394 1755 3573 1809 αὐτῶν
3611 1756 3684 1810 τὰ

2107 1845 2503 1916 συμφωνότατα
2521 1845 2919 1916 Σαγχωνιάθων
2943 1847 2973 1899 6
3003 1846 3290 1921 Βηρύτιος,
3312 1847 3586 1919 είληφὼςι
3612 1850 3684 1904 τὰ

2105 1936 2473 2007 ὑπομνήματα
2494 1936 2646 2007 παρὰ
2675 1937 3024 2010 Ἰερομϐάλου
3040 1938 3134 1993 τοῦ
3156 1938 3343 2013 ἱερέως
3358 1939 3483 1994 θεοῦ
3512 1941 3681 2008 Ἶευὼ,

2105 2025 2507 2099 ὁς,’Δϐελϐαλῷ
2529 2027 2734 2100 (61)τῷ
2764 2028 2975 2100 βασιλεῖ
2995 2028 3279 2101 Βηρυτίων
3308 2032 3408 2105 τὴν
3443 2032 3683 2105 ἱστορίαν

2105 2119 2323 2183 ἀναθεὶς
2343 2157 2358 2183 ,
2392 2118 2484 2173 ὑπ’
2517 2118 2728 2174 ἐκείνου
2769 2119 2866 2174 καὶ
2895 2119 3005 2174 τῶν
3038 2123 3160 2175 κατ’
3188 2122 3350 2176 αὐτὸν
3384 2121 3683 2189 ἐξεταστῶν

2104 2210 2203 2282 τῆς
2252 2209 2511 2281 ἀληθείας
2544 2209 2872 2282 παρεδέχθη.
2912 2212 2976 2265 Oi
3008 2211 3066 2266 δὲ
3111 2212 3316 2267 τούτων
3362 2212 3547 2284 χρόνοι
3588 2214 3683 2268 καὶ

2107 2302 2213 2374 πρὸ
2241 2301 2348 2355 τῶν
2379 2300 2639 2372 Τρωῖκῶν
2673 2303 2935 2357 πίπτουσι
2963 2303 3193 2375 χρόνων,
3229 2305 3322 2359 καὶ
3357 2305 3542 2376 σχεδὸν
3571 2303 3682 2369 τοῖς

2104 2393 2383 2457 Μωῦσέως
2413 2390 2818 2464 πλησιάζουσιν,
2836 2395 2911 2458 ὡς
2934 2397 2989 2449 αί
3017 2394 3125 2449 τῶν
3145 2396 3395 2468 Φοινίκης
3420 2394 3682 2468 βασιλέων

2104 2485 2345 2558 διαδοχαὶ
2381 2487 2664 2560 μηνύουσι.
2696 2487 3094 2560 Σαγχωνιάθων
3121 2488 3199 2555 δὲ,
3232 2491 3262 2543 ὁ
3286 2488 3430 2544 κατὰ
3444 2490 3551 2561 τὴν
3573 2490 3683 2544 τῶν

2103 2576 2361 2631 Φοινίκων
2414 2577 2691 2632 διάλεκτον
2732 2577 3042 2651 φιλαληθῶς
3085 2579 3267 2633 πᾶσαν
3306 2579 3405 2651 τὴν
3447 2578 3682 2632 παλαιὰν

2107 2669 2347 2742 ἱστορίαν
2378 2670 2442 2723 ὲκ
2474 2669 2581 2723 τῶν
2617 2669 2762 2723 κατὰ
2811 2669 2962 2724 πόλιν
2998 2670 3405 2742 ὑπομνημάτων
3440 2670 3537 2724 καὶ
3579 2670 3684 2724 τῶν
3792 2725 3803 2739 ,

2105 2762 2163 2815 ὲν
2183 2762 2295 2824 τοῖς
2317 2762 2481 2831 ἱεροῖς
2503 2759 2834 2832 ἀναγραφῶν
2864 2760 3187 2831 συναγαγὼν
3213 2762 3307 2815 καὶ
3337 2762 3684 2834 συγγράψας,

2105 2852 2197 2906 ἐπὶ
2270 2850 2632 2924 Σεμιράμεως
2698 2851 2889 2920 γέγονε
2938 2852 3040 2921 τῆς
3100 2852 3404 2924 ’Δσσυρίων
3474 2851 3682 2922 βασιλί-

2103 2944 2192 3008 δος
2227 2943 2361 3016 (69).
2392 2963 2411 2996 ι
2440 2944 2626 2998 Ταῦτα
2652 2943 2682 2995 6
2704 2942 3030 3015 Πορφύριος.
3063 2944 3155 2996 Δεῖ
3178 2943 3240 3014 δὴ
3270 2942 3683 3012 συλλογίσασθαι

429 3036 708 3101 utebatur,
740 3032 1005 3103 probavit.
1036 3030 1282 3097 Quorum
1307 3042 1438 3083 sane
1476 3036 1718 3095 tempora
1751 3022 2000 3094 Trojanis

488 3129 499 3138 .
832 3125 863 3138 -.
949 3126 959 3136 .
1210 3134 1223 3138 _
1645 3117 1932 3138 ,λμᾼημ
1970 3132 1993 3138 _

2107 3036 2177 3091 τὰ
2221 3037 2559 3109 προκείμενα
2589 3029 2693 3090 ὧδέ
2726 3052 2866 3100 πως.
2898 3035 3070 3107 Εἴπερ
3100 3035 3129 3087 ὁ
3161 3035 3559 3106 Σαγχωνιάθων
3593 3036 3687 3088 ἐπὶ

429 3129 595 3184 etiam
625 3127 732 3182 illis
754 3125 1065 3194 antiquiora
1100 3134 1248 3185 sunt,
1288 3134 1591 3189 parumque
1641 3117 1938 3171 admodum
1967 3132 2000 3171 a

2108 3126 2468 3197 Σεμιράμεως
2520 3124 2781 3194 γέγονεν,
2830 3125 2864 3194 ἡ
2927 3122 2984 3176 δὲ
3043 3120 3238 3194 μακρῷ
3287 3121 3525 3193 πρόσθεν
3576 3122 3685 3176 τῶν

429 3219 633 3291 Moysis
660 3226 817 3272 atate
844 3216 1209 3284 disjuncta,ut
1229 3228 1295 3267 ex
1318 3210 1612 3265 thnicia:
1640 3208 1848 3281 Regum
1876 3224 2004 3264 suc-

429 3309 679 3366 cessione
729 3306 1099 3375 cognoscitur.
1153 3302 1299 3358 idem
1349 3310 1531 3356 autem
1568 3300 2000 3368 Sanclioniatho,

430 3401 527 3471 qui
559 3400 868 3455 universam
920 3397 1226 3458 historiam,
1260 3410 1385 3450 cum
1440 3410 1508 3449 ex
1562 3396 1794 3464 publicis
1825 3396 2001 3458 urbis,

432 3504 547 3550 tum
573 3510 605 3550 ο
637 3492 811 3549 sacris
841 3490 1041 3546 tabulis
1064 3490 1337 3551 haustam,
1366 3503 1583 3543 summo
1609 3504 1733 3543 cum
1758 3490 2005 3544 veritatis

429 3586 613 3644 studio
662 3583 946 3639 Phoenicia
991 3581 1175 3650 lingua
1216 3579 1564 3648 conscripsit,
1626 3578 2004 3635 Samiramidis

427 3677 781 3749 Assyriorum
810 3675 1010 3746 reginae
1041 3672 1377 3742 temporibus
1404 3671 1607 3726 ﬂoruit.
1651 3691 1671 3724 ι
1706 3670 1833 3727 Haec
1869 3671 2006 3727 Por-

427 3770 676 3842 phyrius.
707 3768 784 3823 Ex
812 3769 1012 3838 quibus
1054 3767 1125 3820 ita
1158 3780 1257 3818 nos
1292 3764 1607 3819 ratiocinari
1639 3780 1799 3834 posse
1839 3764 2004 3819 intel-

429 3863 560 3932 ligo.
586 3860 645 3915 Si
675 3858 1089 3915 Sancboniatho
1128 3855 1509 3911 Semiramidis
1537 3856 1876 3926 temporibus
1902 3855 2003 3911 ilo-

430 3954 563 4018 ruit,
597 3950 1013 4007 Semiramidem
1061 3964 1192 4004 vero
1250 3947 1424 4002 multo
1474 3956 1601 4002 ante
1632 3945 1872 4016 Troiana
1914 3963 2003 4002 re-

428 4058 632 4115 gnasse
656 4048 894 4106 constat,
917 4040 1111 4095 iisdem
1138 4055 1355 4109 quoque
1382 4039 1641 4093 vetustior
1664 4037 2004 4092 Sancbonia-

428 4132 524 4186 tho
562 4130 747 4195 fuerit,
783 4144 1008 4184 necesse
1044 4135 1147 4182 est.
1191 4127 1357 4196 Atqui
1410 4140 1534 4179 eum
1588 4124 1656 4179 ab
1700 4123 1824 4178 aliis
1878 4136 2000 4177 sese

428 4224 610 4280 adhuc
639 4220 1044 4291 antiquioribus
1100 4218 1525 4275 commentarios
1570 4216 1848 4286 accepisse
1888 4224 1999 4268 tra-

428 4314 585 4378 dunt,
615 4310 707 4381 qui
734 4311 897 4366 etiam
921 4309 1024 4378 ipsi
1056 4307 1258 4379 Moysis
1287 4321 1395 4360 non
1418 4306 1672 4376 requales,
1715 4305 1808 4360 sed
1835 4303 1996 4358 vicini

2104 3218 2363 3292 Τρωϊκῶν
2407 3216 2782 3287 ὁμολογεῖται·
2816 3212 2903 3286 εἴη
2951 3213 3017 3267 ἂν
3070 3213 3165 3267 καὶ
3214 3214 3242 3265 6
3290 3212 3683 3283 Σαγχωνιάθωι

2102 3312 2212 3367 τῶν
2246 3308 2507 3382 Τρωῖκῶν
2541 3307 2916 3378 παλαιότερος.
2954 3304 3094 3358 Ἀλλ’
3137 3300 3290 3367 οὗτος
3323 3304 3453 3359 παρ’
3483 3305 3686 3376 ἐτέρων

2105 3395 2489 3468 πρεσϐυτέρων
2529 3394 2693 3449 αὐτοῦ
2739 3396 2852 3459 τοῖς
2887 3394 3101 3465 χρόνοις
3148 3392 3426 3464 εἰληφέναι
3468 3393 3682 3462 λέγεται

2103 3488 2171 3541 τὰ
2198 3488 2568 3559 ὑπομνήματα
2591 3502 2605 3517 ο
2637 3488 2688 3539 οἱ
2720 3485 2777 3537 δὲ
2799 3525 2813 3549 ,
2843 3486 2939 3538 καὶ
2971 3483 3124 3537 αὐτοὶ
3154 3484 3496 3555 ἀρχαιότεροι
3533 3483 3681 3548 ὄντες

2104 3578 2267 3633 αὑτοῦ
2289 3619 2302 3642 ,
2332 3578 2516 3649 σχεδὸν
2553 3580 2665 3641 τοῖς
2699 3576 2980 3640 Μωῦσέως
3013 3575 3332 3646 πλησιάζειν
3364 3578 3579 3649 χρόνοις
3609 3579 3671 3630 εἰ

2107 3688 2331 3745 ρηνται,
2363 3670 2482 3745 οὐδὲ
2542 3669 2719 3739 αὐτοὶί
2743 3670 2886 3723 κατὰ
2927 3669 3165 3722 Μωῦσὲα
3198 3667 3511 3738 γενόμενοι,
3547 3669 3682 3724 ἀλλὰ

2105 3744 2289 3831 σχεδὸν
2315 3763 2427 3825 τοῖς
2448 3744 2669 3813 ’ἐκείνου
2700 3760 2914 3831 χρόνοις
2944 3758 3331 3828 πλησιάζοντες
3350 3775 3364 3788 ·
3386 3756 3462 3821 ὡς
3493 3757 3681 3812 τοσοῦ-

2102 3871 2193 3907 τον
2224 3854 2592 3926 πρεσϐύτερον
2634 3848 2773 3906 εἶναι
2808 3850 2899 3906 τὸν
2947 3850 3184 3905 Μωῦσέα
3226 3848 3319 3903 τοῦ
3367 3850 3681 3920 Σαγχωνιὰ-

2104 3945 2291 4011 θωνος,
2326 3945 2520 3999 ὁπόσον
2548 3944 2614 3999 ἂν
2641 3939 2794 4008 οὗτος
2823 3944 3077 4015 λείπηται
3108 3941 3217 3997 τῶν
3246 3941 3413 3996 αὐτοῦ
3444 3943 3682 4012 πρεσϐυ-

2101 4038 2294 4108 τέρων,
2323 4036 2372 4089 οἳ
2402 4037 2627 4090 Μωῡσεῖ
2654 4033 2973 4106 πλησιάζειν
3003 4032 3452 4104 ὡμολογήθησαν.
3484 4033 3689 4098 Πόσσις

2101 4128 2157 4182 δὲ
2191 4128 2297 4200 ἄρα
2331 4128 2507 4181 ἐτεσιν
2540 4127 2686 4191 εἰκὸς
2722 4122 2788 4197 ἦν
2829 4123 3066 4179 Μωῦσὲα
3092 4123 3389 4194 ὑπεράγειν
3417 4125 3548 4188 τοὺς
3588 4125 3685 4196 δεη-

2102 4221 2395 4292 λουμένους
2418 4261 2434 4286 ,
2464 4222 2669 4292 ἄπορον
2714 4221 2919 4272 εἰπεῖν·
2967 4216 3156 4287 διόπερ
3192 4213 3349 4269 τοῦτό
3400 4233 3492 4287 μοι
3538 4217 3685 4271 δοκεῖ

2103 4314 2391 4384 παρήσειν.
2422 4313 2556 4376 Δοὺς
2584 4310 2640 4364 δὲ
2665 4313 2783 4365 κατ’
2815 4309 2977 4363 αὑτὸν
3010 4311 3217 4363 ἐκεῖνον
3241 4308 3334 4362 τὸν
3367 4311 3684 4381 Σαγχωνιά-

429 4412 642 4459 tantum
670 4400 841 4455 fuisse
867 4400 1141 4453 dicuntur.
1169 4395 1426 4466 Sequitur
1458 4411 1589 4463 ergo
1621 4402 1771 4448 tanto
1804 4394 1995 4448 saltem

2106 4402 2247 4457 θωνα
2287 4402 2527 4457 Μωῦσέα
2560 4401 2876 4471 γεγονέναι,
2906 4400 3001 4452 καὶ
3031 4400 3105 4470 μὴ
3137 4400 3421 4472 πρότερον,
3451 4394 3556 4454 ὧδε
3592 4403 3688 4457 τὸν

428 4492 713 4548 intervallo
742 4490 1273 4546 Sancboniathouem
1310 4503 1341 4540 a
1364 4485 1514 4540 Mose
1536 4484 1803 4553 superari,
1827 4500 2001 4554 quan-

428 4593 486 4639 to
515 4582 779 4654 posterior
807 4581 915 4635 illis
947 4588 1051 4645 est,
1074 4593 1212 4647 quos
1241 4575 1460 4631 nonnisi
1483 4574 1695 4629 vicinos
1728 4589 1850 4629 esse
1870 4589 2002 4629 cou-

428 4676 668 4730 titentur.
701 4670 992 4736 Caeterum,
1025 4676 1158 4738 quot
1193 4666 1350 4720 annis
1383 4665 1603 4720 eosdem
1652 4673 2000 4733 antegressus

425 4764 840 4838 Moysesfuerit,
859 4762 1003 4832 quod
1037 4769 1185 4815 certo
1216 4757 1429 4813 deliniri
1462 4764 1718 4825 nequeat,
1744 4755 2001 4809 omitten-

428 4861 559 4914 dum
589 4865 787 4913 statuo.
842 4853 1173 4920 Quinetiam,
1206 4858 1266 4903 ut
1284 4849 1477 4902 demus
1506 4844 2000 4900 Sanchoniathonis

426 4950 693 5021 aequalem
721 4947 944 5002 omnino
965 4943 1135 4998 fuisse
1149 4941 1408 5011 Moysem,
1436 4938 1517 4993 sic
1541 4947 1718 4991 tamen
1743 4935 2000 5006 colligere

426 5054 593 5114 atque
622 5056 737 5096 rem
774 5039 1041 5093 coniicere
1065 5035 1245 5099 liceat,
1283 5031 1340 5085 Si
1375 5039 1637 5100 regnante
1681 5028 1734 5080 in
1769 5026 1997 5097 Assyria

499 5179 525 5208 ³
550 5169 637 5221 ἵσ.
660 5164 904 5235 εἴληφεν.

497 5260 608 5331 (60)
663 5257 1107 5327 Ἀληθέστατα,
1171 5256 1279 5331 ὅτι.
1342 5254 1569 5331 Bestius
1615 5256 1845 5331 videtur
1908 5261 1992 5315 ὅτι

2105 4495 2321 4565 ἔλεγχον
2349 4494 2642 4564 ὲφοδεύσω.
2688 4493 2860 4564 Εἴπερ
2892 4492 2985 4545 ἐπὶ
3017 4491 3378 4562 Σεμιράμεως
3417 4492 3522 4562 τῆς
3559 4493 3687 4547 Ἀσ-

2105 4589 2303 4660 συρίων
2334 4586 2602 4657 βασιλίδος
2640 4587 2668 4639 6
2704 4583 3098 4655 Σαγχωνιάθων
3126 4584 3451 4656 ἐγνωρίζετο
3472 4623 3491 4647 ,
3537 4583 3688 4638 ἔστω

2100 4678 2157 4731 δὲ
2176 4679 2271 4732 καὶ
2294 4677 2533 4748 Μωῦσῆς
2556 4677 2720 4749 μηδὲν
2740 4675 3014 4747 προάγων,
3033 4674 3175 4728 κατὰ
3198 4674 3253 4728 δὲ
3278 4674 3464 4729 τοῦτον
3488 4678 3689 4746 ἠκμα-

2100 4768 2231 4833 κὼς,
2260 4770 2452 4837 γένοιτ’
2482 4768 2547 4822 ἂν
2575 4763 2666 4822 οὖν
2698 4768 2791 4820 καὶ
2819 4766 2980 4830 αὐτὸς
3006 4764 3144 4819 κατὰ
3172 4765 3501 4838 Σεμίραμιν.
3538 4767 3687 4821 ’Δλΐ

2098 4863 2126 4914 6
2151 4861 2248 4931 μὲν
2277 4862 2542 4932 ἡμέτερος
2572 4860 2728 4928 λόγος
2752 4859 2844 4912 ἐπὶ
2866 4858 3070 4929 ταύτης
3099 4857 3285 4929 ἐδήλου
3313 4857 3574 4925 γενέσθαι
3591 4859 3687 4913 τὸν

2112 4953 2358 5023 ’Λϐραάμ
2382 4969 2395 4983 ·
2426 4955 2454 5007 6
2478 4952 2535 5005 δὲ
2565 4951 2658 5006 τοῦ
2691 4951 2979 5021 φιλοσόφου
3010 4950 3363 5021 παλαιότερον
3396 4951 3489 5004 τὸν
3515 4954 3682 5006 Μωῦ-

2100 5043 2195 5096 σέα
2220 5044 2547 5115 συνίστησιν.
2580 5043 2645 5097 Ἡ
2675 5043 2732 5095 δὲ
2760 5042 3065 5113 Σεμίραμις
3096 5040 3203 5094 τῶν
3231 5039 3497 5111 Τρωῖκῶν
3522 5044 3685 5096 ὁκτα-

2165 5239 2277 5310 (δῖ)
2318 5238 2431 5308 Τῆς
2474 5240 2799 5308 Ἀσσυρίων
2826 5240 3168 5306 βασιλίδος,
3230 5239 3384 5307 Apud
3429 5237 3684 5309 Scalign.

367 5371 371 5375 .
425 5309 1299 5402 ﬁniit-5010;;Tqueinndnmdum
1342 5326 1470 5402 legit
1505 5309 1746 5402 Scaliger
1779 5345 1792 5381 :
1825 5309 1988 5402 quam

2106 5309 2752 5402 -ail:l_,tt_iitu‘r_pat_tca
2796 5311 2920 5402 hanc:
2935 5330 2947 5365 :
2987 5312 3055 5363 Ἦ
3094 5309 3679 5402 προ-ἔῶνιἹλιακῶν,

424 5394 712 5454 lectionem
750 5403 795 5453 si
831 5394 1141 5467 sequemur,
1167 5394 1763 5466 slqucbg'retincndum
1793 5394 1915 5451 erit.

499 5468 607 5543 (61)
656 5468 1003 5543 Ἀϐελϐαλῷ.
1060 5468 1214 5543 Apud
1273 5467 1670 5543 διείιίίεςοιηιιιι,⁸
1700 5467 1983 5540 Ἀϐιϐάλῳ.

427 5536 621 5594 Uti-uni
651 5544 832 5596 verius
865 5542 970 5603 sit,
1026 5536 1264 5591 nondum
1296 5538 1493 5590 deﬁnio
1524 5555 1535 5589 :
1569 5537 1852 5605 utriusque
1886 5536 1985 5592 no-

427 5612 561 5690 talio
608 5610 783 5666 facilis
827 5620 938 5676 est,
990 5620 1042 5664 et
1092 5623 1216 5663 cum
1262 5604 1524 5661 chi'aica
1581 5604 1811 5661 diulccto
1855 5624 1986 5673 cou-

425 5688 687 5738 εειιυθιιε.

2090 5379 2123 5449 ἢ
2161 5379 2280 5434 κατ’
2322 5380 2517 5462 αὐτούς
2535 5396 2628 5462 ’γε
2653 5383 2780 5444 τοὺς
2825 5380 3049 5462 χρόνους
3080 5379 3682 5462 γενέσρξιιᾲναγὲγρα-

2090 5467 2220 5504 πται
2242 5467 2254 5480 ·
2284 5450 2354 5507 τὰ
2383 5451 2439 5504 δὲ
2470 5450 2564 5504 τοῦ
2591 5449 3096 5520 Σαγχουνιάθωνος,
3123 5452 3203 5515 είς
3235 5449 3462 5505 Ἐλλάδα
3494 5449 3680 5519 γλῶσ-

2091 5537 2187 5575 σαν
2218 5522 2529 5592 ἡρμήνευσε
2557 5520 2727 5575 Φίλων
2756 5523 2783 5574 ὁ
2811 5520 3056 5587 Βύϐλιος.
