3856 6224
182 5642 215 5661 θ’

245 295 349 353 309

247 502 345 571 ,τῆς
372 501 482 573 ἄρα
514 500 666 555 ἔσται
691 502 962 566 τοσούτοις
1003 501 1074 556 τὰ
1112 503 1335 575 Τρωϊκὰ
1360 503 1651 575 προάγων,
1685 507 1827 560 κατὰ

251 590 337 645 τὸν
389 590 698 660 φιλόσοφον.
732 591 958 663 Πρῶτος
985 592 1042 644 δὲ
1073 591 1348 663 βασιλεύει
1390 594 1653 665 Ἀργείων
1677 596 1826 650 ’Ἰνα-

246 697 360 751 χος,
391 678 545 735 οὔπω
576 681 694 734 τότε
738 682 1043 753 νἈθηναίων
1088 682 1212 736 οὔτε
1255 683 1356 756 τὴν
1391 685 1546 740 πόλιν
1574 684 1699 739 οὒτε
1729 688 1827 759 τὴν

245 773 619 845 προσηγορίαν
654 773 904 843 ἐχόντων.
941 775 999 829 '0
1037 774 1097 828 δὲ
1130 775 1347 846 πρῶτος
1384 776 1647 848 Ἀργείων
1678 781 1829 849 ἠγεῖ-

244 880 336 918 ται
382 864 529 918 κατὰ
565 864 659 918 τὸν
690 866 941 936 πέμπτον
987 865 1127 935 μετὰ
1171 867 1475 939 Σεμίραμιν
1529 869 1827 940 Ἀσσυρίων

248 957 496 1029 βασιλέα,
530 965 574 1011 ν’
620 959 717 1012 καὶ
753 966 797 1030 ρ’
830 957 1058 1032 ὕστερον
1086 958 1263 1013 ἔτεσιν
1293 962 1463 1031 αὐτῆς
1490 979 1550 1014 τε
1580 963 1674 1015 καὶ
1700 964 1828 1016 Μω-

247 1050 409 1115 σέως,
433 1051 492 1103 ὲν
518 1043 601 1113 οἷς
627 1049 780 1104 οὐδὲν
820 1049 1091 1121 ἐπίσημον
1118 1052 1341 1120 γεγονὸς
1370 1054 1661 1124 ἱστορεῖται
1696 1057 1825 1126 παρ’

249 1143 496 1215 Ἕλλησι.
530 1141 689 1198 Κατὰ
728 1142 887 1196 τοῦτο
918 1142 976 1197 δὲ
1020 1144 1113 1197 τοῦ
1159 1145 1353 1216 χρόνου
1388 1147 1519 1217 παρ’
1557 1147 1828 1219 Ἑϐραίοις

246 1235 509 1308 ἡγοῦνται
543 1238 592 1289 οἰ
632 1235 838 1307 κριταί.
882 1231 994 1289 Εἶτ’
1036 1232 1102 1290 αὖ
1137 1237 1299 1291 πάλιν
1335 1238 1444 1293 τῶν
1484 1241 1619 1294 ἐτῶν
1648 1242 1827 1305 ἄλλοις

245 1324 560 1397 κατώτερον
586 1326 798 1397 χρόνοις
820 1366 834 1388 ,
869 1326 969 1397 ἤδη
1013 1343 1116 1380 που
1158 1327 1321 1381 πλέον
1367 1327 1400 1399 ἢ
1443 1334 1487 1381 u'
1517 1330 1653 1384 ἐτῶν
1690 1331 1827 1386 ὅλων

249 1416 756 1489 συμπληρουμένων
800 1417 908 1472 ἀπὸ
954 1418 1315 1490 Σεμιράμεως
1336 1458 1352 1483 ,
1403 1419 1620 1492 πρῶτος
1671 1422 1828 1493 Ἀθη-

247 1510 416 1565 ναίων
449 1508 722 1580 βασιλεύει
749 1509 973 1582 Κέκροψ
999 1511 1028 1563 6
1062 1509 1334 1582 βοώμενος
1358 1512 1488 1583 παρ’
1525 1514 1710 1578 αὐτοῖς
1732 1516 1831 1569 αὐ-

244 1600 488 1671 τόχθων,
521 1602 761 1674 Ἄργους
802 1602 1108 1674 ἡγουμένου
1134 1603 1375 1675 Τριόπα,
1414 1603 1475 1668 ὃς
1501 1600 1568 1676 ἦν
1601 1605 1827 1677 ἕϐδομος

248 1691 392 1764 μετὰ
413 1692 507 1748 τὸν
536 1693 752 1767 πρῶτον
802 1696 1046 1768 Ἀργεῖον
1079 1700 1290 1770 Ἴναχον
1312 1716 1328 1731 ο
1373 1700 1579 1772 μεταξὺ
1621 1703 1678 1757 δὲ
1705 1703 1829 1757 τού-

244 1800 394 1850 των,
444 1786 477 1839 6
519 1787 615 1840 ἐπὶ
674 1786 904 1856 Ὠγύγου
955 1791 1351 1862 μνημονεύεται
1404 1794 1825 1866 κατακλυσμὸς,

247 1875 467 1947 πρῶτός
506 1894 568 1931 τε
605 1879 772 1943 ’Δπις
802 1881 862 1934 ὲν
904 1882 1166 1954 Αἰγύπτῳ
1214 1883 1335 1949 θεὸς
1374 1884 1702 1958 ὠνομάσθη,
1733 1889 1829 1942 καὶ

260 1966 348 2021 ἰὼ
381 1966 625 2041 θυγάτηρ
659 1970 863 2042 Ἰνάχου
887 2012 903 2037 ,
932 1973 998 2044 ἣν
1024 1976 1167 2029 Ἶσιν
1212 1974 1497 2045 Αἰγύπτιοι
1528 1979 1827 2050 μετονομά-

246 2077 442 2125 σαντες
468 2062 711 2128 σέϐουσι,
746 2065 1071 2138 Προμηθεύς
1110 2085 1170 2121 τε
1215 2069 1310 2122 καὶ
1354 2069 1556 2134 Ἀτλας
1602 2072 1829 2143 ἐγνωρί-

245 2151 421 2216 ξοντο.
462 2153 593 2207 Ἀπὸ
615 2153 672 2209 δὲ
702 2154 989 2227 Κέκροπος
1015 2157 1110 2211 ἐπὶ
1136 2158 1235 2229 τὴν
1280 2159 1436 2212 Ἰλίου
1465 2159 1665 2214 ἅλωσιν
1692 2161 1829 2217 ἄλλα

246 2244 538 2313 συνάγεται
590 2246 773 2319 μικρῷ
817 2249 929 2318 (6'5)
956 2249 1144 2304 δέοντα
1188 2250 1281 2323 ἐτη
1332 2258 1397 2318 υ’,
1433 2253 1491 2304 ὲν
1530 2247 1611 2315 οἷς
1653 2253 1722 2307 τὰ
1769 2257 1827 2309 ὲν

246 2334 476 2408 Ἕλλησι
505 2336 783 2410 θαυμάσια
818 2340 1228 2411 μυθολογεῖται,
1264 2345 1293 2396 6
1319 2343 1413 2397 ἐπὶ
1459 2344 1827 2411 Δευκαλίωνος

244 2427 632 2499 κατακλυσμὸς
654 2469 670 2495 ,
703 2431 798 2485 καὶ
822 2432 851 2485 6
879 2431 972 2485 ἐπὶ
1001 2432 1296 2498 Φαέθοντος
1325 2434 1672 2507 ἐμπρησμὸς,
1699 2438 1826 2491 πολ-

241 2518 356 2574 λῶν
375 2560 392 2585 ,
418 2520 503 2584 ὡς
527 2521 707 2587 είκὸς,
739 2520 958 2595 φθορῶν
999 2523 1105 2595 γῆς
1134 2524 1276 2578 κατὰ
1306 2525 1502 2590 τόπους
1527 2529 1827 2600 γεγενημέ-

241 2627 375 2665 νων.
408 2611 630 2681 Πρῶτος
671 2612 728 2666 δὲ
772 2613 996 2685 Κέκροψ
1040 2613 1259 2684 λέγεται
1306 2615 1454 2686 Ζῆνα
1500 2618 1825 2690 κεκληκέναι

241 2702 338 2757 τὸν
388 2701 520 2757 Θεὸν
539 2743 555 2769 ,
587 2703 662 2776 μὴ
693 2704 956 2779 πρότερον
986 2704 1128 2763 οὕτω
1154 2710 1288 2779 παρ’
1334 2708 1641 2781 ἀνθρώποις
1689 2710 1823 2765 ὠνο-

245 2796 562 2868 μασμένονο
605 2796 796 2852 ἔπειτα
838 2797 1021 2869 βωμὸν
1069 2802 1198 2873 παρ’
1257 2800 1563 2872 ’Δθηναίοις
1612 2803 1824 2875 ἱδρῦσαι

241 2886 497 2959 πρῶτος,
527 2889 625 2944 καὶ
652 2889 815 2944 πάλιν
843 2890 1062 2962 πρῶτος
1104 2890 1334 2961 Ἀθηνᾶς
1374 2892 1595 2964 ἄγαλμα
1624 2896 1824 2968 συστή-

244 2979 477 3043 σασθαι,
526 2979 601 3046 ὡς
634 2980 756 3035 οὐδὲ
800 2981 1006 3036 τούτων
1054 2982 1120 3036 ὲκ
1170 2982 1400 3037 παλαιοῦ
1448 2985 1819 3058 ὑπαρχόντων.

1410 295 1737 351 PREPAR.
1779 295 2036 351 EVANG.
2077 292 2206 351 LIB.
2253 295 2320 349 Χ.

243 410 445 474 κοσίοις
466 411 608 474 ὅλοις
632 410 777 464 ἔτεσι
804 409 1076 464 δείκνυται
1130 410 1527 483 προγενομὲνη.
1558 414 1668 466 Καὶ
1689 413 1819 466 Μω-

1922 410 2301 477 Semiramide,
2351 411 2760 468 Sanchoniatho
2803 414 3004 468 claruit
3061 434 3073 469 :

1861 1754 1903 1809 Β

240 3070 404 3124 Μετά
441 3070 499 3124 δὲ
524 3068 714 3125 τοῦτον
740 3072 834 3125 καὶ
857 3073 911 3124 οί
933 3074 1063 3143 παρ’
1087 3072 1310 3144 Ἕλλησι
1339 3074 1452 3128 θεοὶ
1491 3075 1690 3142 πάντες
1732 3094 1824 3147 γε·
1849 3093 1891 3152 ο

240 3160 643 3232 νεαλογοῦνται.
678 3164 814 3236 Παρ’
853 3164 1123 3237 Ἑϐραίοις
1145 3165 1203 3220 δὲ
1230 3167 1288 3220 ὲν
1310 3167 1485 3238 τούτῳ
1513 3172 1562 3223 οί
1594 3170 1702 3223 ἀπὸ
1728 3170 1822 3241 γέ-

240 3274 369 3323 νους
410 3257 575 3312 Δαϐὶδ
621 3257 956 3324 ἐϐασίλευον,
1014 3260 1109 3313 καὶ
1181 3261 1231 3313 oi
1285 3262 1424 3332 μετὰ
1476 3264 1681 3318 Μωσέα
1745 3265 1824 3319 δι-

240 3348 490 3420 έλαμπον
514 3350 820 3422 προφῆται·
849 3350 990 3405 ὥστε
1020 3350 1092 3405 τὰ
1118 3352 1295 3406 πάντα
1320 3352 1429 3407 άπὸ
1460 3354 1701 3419 Μωσέως
1729 3356 1822 3410 ἐπὶ

238 3441 344 3513 τὴν
387 3441 543 3497 Ἰλίου
578 3442 778 3496 ἅλωσιν
807 3442 1133 3511 συνάγεσθαι
1163 3443 1346 3498 πλεῖον
1376 3443 1408 3515 ἢ
1445 3443 1541 3516 ἔτη
1571 3452 1648 3511 ω’,
1680 3449 1823 3502 κατὰ

238 3532 344 3605 τὴν
386 3533 698 3588 ὲκτεθείσαν
743 3534 838 3589 τοῦ
884 3535 1173 3606 φιλοσόφου
1223 3538 1551 3609 μαρτυρίαν.
1603 3540 1722 3592 Ἔτι
1766 3540 1823 3596 δὲ

239 3627 379 3682 πολὺ
418 3626 526 3682 τῶν
552 3627 814 3700 Τρωῖκῶν
852 3627 1088 3701 νεώτερα
1126 3629 1196 3683 τὰ
1237 3630 1378 3684 κατὰ
1419 3631 1664 3702 Ὅμηρον
1683 3672 1698 3697 ,
1727 3634 1822 3687 καὶ

249 3718 534 3784 Ἡσίοδον,
568 3718 663 3771 καὶ
704 3718 830 3782 τοὺς
869 3717 1090 3781 λοιποὺς
1140 3716 1560 3789 μνημονεύεται.
1593 3718 1735 3783 Χθὲς
1763 3720 1821 3773 δὲ

240 3807 340 3861 καὶ
388 3805 581 3879 πρώην
638 3808 776 3878 μετὰ
827 3806 1051 3871 τούτους
1110 3809 1239 3879 περὶ
1291 3807 1392 3879 τὴν
1450 3809 1820 3880 πεντηκοστὴν

252 3899 589 3972 Ὀλυμπιάδα
618 3901 666 3952 oi
692 3900 835 3971 ἀμφὶ
866 3899 1190 3971 Πυθαγόραν
1213 3901 1307 3954 καὶ⁵
1341 3901 1702 3973 Δημόκριτον,
1725 3903 1819 3957 καὶ

236 3993 367 4057 τοὺς
412 3990 552 4065 μετὰ
595 3991 766 4046 ταῦτα
812 3991 1133 4061 φιλοσόφους
1175 3990 1605 4064 ὠνομάσθησαν,
1650 3994 1821 4061 ἐγγύς

234 4102 345 4138 που
379 4085 519 4156 μετὰ
559 4084 629 4139 τὰ
664 4084 887 4157 Τρωϊκὰ
913 4082 1089 4137 ἔτεσιν
1132 4083 1494 4149 ἑπτακοσίοις.
1526 4085 1818 4158 Προτερεῖν

234 4174 349 4247 ἄρα
388 4174 594 4245 Μωσῆς
643 4175 738 4228 καὶ
783 4173 834 4227 οἱ
873 4174 989 4243 μετ’
1036 4172 1201 4227 αὐτὸν
1246 4172 1512 4244 Ἑϐραίων
1544 4175 1818 4246 προφῆται

237 4265 586 4321 συνίστανται
633 4264 742 4318 τῶν
790 4266 919 4336 παρ’
973 4264 1201 4336 Ἕλλησι
1263 4264 1567 4335 φιλοσόφων
1626 4265 1817 4337 χιλίοις

232 4356 615 4421 πεντακοσίοις
642 4355 809 4419 ἔτεσι,
836 4353 980 4409 κατὰ
1006 4356 1104 4426 τὴν
1135 4352 1230 4407 τοῦ
1255 4354 1584 4427 δηλωθέντος
1625 4356 1816 4428 ἀνδρὸς

3396 302 3502 356 810

3130 413 3310 470 Moses
3354 426 3501 472 certe

1927 502 2148 573 quidem
2175 543 2192 570 ,
2244 511 2323 558 ut.
2352 502 2489 557 nihil
2529 518 2596 558 eo
2646 506 2910 560 vetustior
2961 505 3143 572 fuerit,
3186 506 3353 580 486
3403 508 3500 563 sed

1928 602 2153 658 prorsus
2177 588 2422 659 :equalis,
2452 590 2556 645 sub
2585 591 2834 661 ejusdem
2887 600 3069 649 tamen
3120 593 3499 651 Semiramidis

1929 679 2217 750 imperium
2250 680 2464 749 vixerit,
2499 686 2723 740 necesse
2751 694 2854 740 est.
2899 685 3018 742 Jam
3050 699 3102 743 et
3127 688 3499 746 Ahrahamum

1930 769 2307 827 Semiramidis
2332 774 2669 844 temporibus
2700 776 2906 832 vixisse
2936 791 3093 834 antea
3122 781 3497 849 probavimus,

1928 871 1982 918 et
2016 863 2222 920 Mosem
2251 865 2427 936 ipsum
2458 866 2548 921 illa
2591 870 2980 925 vestustiorem
3014 872 3377 943 philosophus
3409 874 3500 929 hic

1927 967 2116 1013 noster
2141 956 2314 1012 fuisse
2342 958 2649 1013 conﬁrmat.
2685 959 2923 1031 Trojana
2951 978 3079 1018 vero
3102 972 3349 1035 tempora
3402 965 3502 1022 Se-

1928 1048 2178 1103 miramis
2217 1050 2377 1105 annis
2422 1048 2648 1119 integris
2674 1053 2998 1122 octingentis
3026 1058 3321 1125 superavit.
3356 1056 3499 1130 Ergo

1929 1141 2153 1197 totidem
2186 1141 2279 1196 illa
2305 1141 2486 1199 Moses
2507 1159 2573 1199 ex
2602 1144 2765 1215 hujus
2797 1147 3107 1217 philosophi
3140 1159 3320 1205 mente
3345 1162 3504 1205 ante-

1928 1234 2175 1289 cesserit.
2228 1232 2492 1289 Praeterea
2522 1251 2645 1291 cum
2676 1237 2884 1305 primus
2912 1239 3053 1308 apud
3098 1241 3327 1312 Argivos
3367 1243 3494 1298 lna-

1929 1324 2069 1380 chus
2107 1325 2416 1395 imperaret,
2472 1328 2706 1385 necdum
2744 1327 3169 1386 Atheniensibus
3189 1342 3284 1387 aut
3309 1333 3503 1392 civitas

1931 1419 2029 1465 aut
2078 1427 2273 1467 nomen
2303 1424 2440 1468 erat.
2471 1413 2729 1484 Ejusdem
2758 1426 2937 1472 autem
2968 1417 3151 1474 luachi
3184 1438 3408 1493 regnum
3442 1424 3499 1479 in

1930 1501 2179 1570 quintum
2212 1518 2239 1556 a
2276 1503 2637 1558 Semiramide
2676 1503 3023 1576 Assyriorum
3054 1524 3237 1581 regem
3289 1513 3497 1580 incidit,

1931 1593 2091 1649 annis
2121 1602 2247 1664 post
2273 1594 2418 1649 illam
2441 1606 2603 1665 atque
2626 1595 2830 1652 Mosem
2860 1608 3080 1654 centum
3130 1610 3186 1657 et
3230 1604 3502 1675 quinqua-

1931 1684 2101 1753 ginta,
2129 1684 2332 1755 quibus
2371 1685 2510 1740 nihil
2557 1688 2700 1758 apud
2730 1686 2950 1745 Graecos
2983 1694 3244 1748 memoria
3274 1695 3499 1766 dignum

1931 1785 2144 1849 gestum
2173 1792 2297 1834 esse
2345 1780 2633 1850 reperitur.
2677 1780 2949 1836 Caeterum
2992 1784 3185 1839 eodem
3216 1787 3497 1857 temporis,

1930 1868 2074 1939 apud
2124 1867 2383 1926 Hebraeos
2433 1872 2649 1942 judices
2705 1873 3067 1943 imperabant.
3101 1876 3274 1932 Annis
3305 1878 3500 1933 deinde

1928 1970 2055 2031 post
2093 1960 2509 2018 Semiramidem
2556 1964 2792 2034 amplius
2824 1966 3256 2037 quadringentis,
3286 1969 3500 2039 primus

1928 2053 2157 2110 Athenis
2184 2055 2425 2125 regnavit
2467 2054 2728 2127 Cecrops,
2752 2072 2915 2128 quem
2937 2057 3250 2128 lndigenam
3275 2070 3496 2127 vocant,

1930 2137 2131 2209 Triopa
2158 2150 2421 2211 regnante
2444 2141 2624 2211 Argis,
2655 2145 2751 2214 qui
2780 2146 3046 2214 septimus
3074 2147 3142 2201 ah
3173 2146 3374 2203 lnacho
3411 2165 3498 2203 re-

1929 2246 2058 2301 gum
2087 2232 2409 2303 Argivorum
2434 2234 2614 2303 primo
2641 2234 2764 2290 fuit.
2796 2235 2918 2303 Quo
2947 2238 3167 2308 quidem
3201 2255 3393 2309 regum
3420 2241 3497 2296 is-

1928 2331 2105 2377 torum
2136 2323 2442 2392 intervallo,
2462 2324 2728 2397 Ogygium
2756 2326 3022 2383 diluvium
3055 2330 3352 2402 contigisse
3371 2347 3497 2387 nar-

1926 2423 2072 2480 rant,
2099 2415 2341 2487 itemque
2366 2419 2510 2487 apud
2545 2417 2830 2490 Egyptios
2866 2421 3104 2490 primum
3147 2422 3306 2492 Apim
3335 2424 3494 2479 deum

1927 2504 2303 2573 nominarunt,
2335 2520 2402 2561 ac
2447 2506 2613 2562 simul
2659 2507 2717 2562 lo
2750 2509 2936 2563 Inachi
2982 2510 3114 2574 ﬁlia,
3142 2527 3308 2581 quam
3337 2512 3497 2569 Isidis

1926 2597 2148 2652 nomine
2187 2598 2377 2654 colunt
2424 2597 2688 2671 Egyptii,
2723 2599 3086 2658 Prometheus
3134 2613 3298 2674 atque
3343 2605 3495 2661 Atlas

1924 2688 2194 2745 celebrari
2239 2701 2545 2761 coeperunt.
2595 2690 2719 2746 Jam
2768 2708 2801 2747 a
2854 2690 3096 2763 CecrOpe
3157 2696 3224 2748 ad
3276 2706 3493 2766 captum

1925 2780 2106 2846 Ilium,
2174 2781 2265 2836 alii
2316 2795 2485 2851 prope
2532 2782 2915 2854 quadringenti
2972 2785 3302 2855 colliguntur
3342 2788 3493 2850 anui,

1924 2871 2126 2942 quibus
2156 2872 2245 2926 illa
2274 2871 2589 2928 Grecorum
2620 2871 2822 2929 fabulis
2866 2873 3155 2930 decantata
3207 2876 3491 2938 miracula.

1926 2960 2291 3031 Deucalionis,
2330 2963 2581 3034 inquam,
2615 2964 2880 3021 diluvium
2902 2975 2957 3021 et
2976 2965 3291 3023 Phaetontis
3312 2969 3496 3024 incen-

1925 3053 2076 3109 dium
2101 3055 2416 3126 contigere;
2454 3058 2614 3128 cujus
2657 3058 2942 3128 utriusque
2967 3058 3204 3130 ﬁngendi
3247 3063 3494 3117 occasio-

1924 3159 2071 3213 nem,
2108 3160 2173 3201 ex
2207 3147 2414 3215 multis,
2446 3149 2526 3203 uti
2573 3149 2870 3205 verisimile
2912 3159 3018 3212 est,
3057 3151 3374 3221 crebrisque
3400 3168 3495 3222 per

1922 3252 1989 3292 ea
2026 3238 2145 3293 loca
2168 3247 2440 3295 terrarum
2492 3240 2744 3297 cladibus
2779 3243 3133 3312 arripueriut.
3173 3243 3363 3299 Jovem
3394 3260 3495 3301 au-

1925 3330 2031 3377 tem
2057 3324 2127 3378 ab
2154 3325 2345 3380 eodem
2376 3326 2621 3397 primum
2675 3328 2919 3399 Cecrope
2949 3330 3109 3385 deum
3165 3332 3491 3402 appellatum

1921 3429 2043 3471 esse
2078 3416 2279 3484 ferunt,
2303 3433 2429 3472 cum
2463 3435 2809 3490 nequaquam
2844 3422 2988 3477 inter
3016 3424 3265 3479 homines
3305 3426 3357 3481 id
3389 3442 3492 3481 an-

1923 3515 2006 3561 tea
2037 3509 2275 3565 nominis
2304 3510 2585 3565 habuisset
2623 3529 2636 3564 :
2670 3512 2739 3567 ab
2765 3513 2957 3567 eodem
2983 3516 3334 3583 postmodum
3374 3518 3492 3586 pri~

1921 3613 2068 3651 mam
2101 3598 2328 3655 Athenis
2350 3602 2646 3656 excitatam
2682 3617 2857 3669 aram,
2913 3604 3263 3674 primumque
3291 3605 3491 3661 Miner-

1921 3702 2001 3742 vae
2049 3688 2268 3759 signum
2320 3689 2615 3745 conﬂatum
2668 3705 2734 3745 ac
2780 3691 3017 3760 positum
3070 3680 3260 3757 fuisse,
3314 3711 3491 3765 neque

1919 3778 2065 3832 enim
2098 3790 2470 3848 pervetustum
2496 3797 2670 3852 genus
2694 3782 2825 3838 illud
2856 3798 3042 3838 rerum
3064 3786 3360 3842 exstitisse.
3385 3786 3491 3842 Ita-

1920 3885 2027 3940 que
2067 3880 2189 3940 post
2224 3870 2519 3943 Cecropem
2571 3882 2684 3928 tota
2717 3874 2809 3930 illa
2833 3874 3147 3930 Graecorum
3198 3879 3487 3935 numinum

1920 3962 2230 4033 genealogia
2259 3964 2475 4018 texitur.
2508 3964 2665 4035 Apud
2691 3963 2949 4023 Hebraeos
2970 3969 3199 4035 interea,
3232 3985 3357 4025 cum
3382 3970 3488 4026 Da-

1921 4053 2060 4107 vidis
2114 4054 2322 4122 posteri
2370 4055 2692 4125 regnabant,
2742 4067 2856 4111 tum
2909 4058 3083 4112 secuti
3116 4057 3319 4114 Mosen:
3361 4076 3488 4130 pro-

1918 4144 2092 4213 pheta:
2115 4144 2398 4202 ﬂorebant.
2433 4147 2512 4201 Ita
2564 4146 2610 4202 si
2639 4156 2888 4205 nostrum
2912 4148 3064 4205 hunc
3101 4151 3486 4223 philosophum

1917 4236 2228 4304 audiamus,
2263 4253 2296 4292 a
2340 4236 2525 4310 Moyse
2552 4238 2622 4293 ad
2651 4249 2869 4309 captum
2898 4241 3058 4295 Ilium
3094 4243 3223 4296 anni
3252 4245 3487 4314 amplius

1916 4328 2213 4399 octingenti
2247 4338 2622 4384 numerentur.
2670 4329 2844 4385 Porro
2881 4332 3038 4403 longe
3069 4331 3325 4403 Trojanis
3378 4336 3487 4389 illis

232 4449 546 4519 ὁμολογίαν.
578 4420 689 4503 Καὶ
714 4446 888 4502 ταῦτα
927 4448 1025 4518 μὲν
1060 4420 1223 4519 ἧμεῖς
1272 4420 1568 4517 ἐπιτόμως.
1602 4420 1813 4516 Σκέψα-

1922 4420 2252 4489 temporibus
2297 4422 2652 4489 recentiores,
2698 4421 3019 4487 Homerum,
3072 4422 3365 4480 Hesiodum
3419 4442 3485 4481 ac

233 4543 363 4598 σθαι
391 4542 449 4601 δὲ
479 4543 670 4613 καιρὸς
698 4541 791 4596 καὶ
832 4541 931 4603 τὰς
956 4539 1064 4594 τῶν
1097 4541 1203 4612 πρὸ
1232 4539 1389 4611 ἡμῶν
1428 4541 1556 4611 περὶ
1581 4541 1680 4611 τῆς
1717 4541 1815 4594 αύ-

229 4637 335 4705 τῆς
371 4635 679 4697 ὑποθέσεως
720 4633 1043 4700 ἀποδείξεις.
1099 4631 1360 4700 Γεγόνασι
1402 4631 1468 4702 δὴ
1502 4632 1632 4703 παρ’
1679 4633 1812 4701 ἡμῖν

229 4727 406 4794 λόγιοι
421 4728 633 4798 ἄνδρες,
650 4726 745 4779 καὶ
767 4724 876 4791 τῶν
903 4724 1012 4778 ἀπὸ
1042 4722 1286 4787 παιδείας
1313 4722 1525 4786 οὐδενὸς
1548 4721 1810 4794 δεύτεροι,

229 4822 347 4882 τοῖς
377 4836 436 4872 τε
475 4818 641 4881 θείοις
675 4818 737 4871 οὐ
795 4816 1088 4888 παρέργως
1120 4813 1595 4886 καθωμιληκότες,
1630 4813 1681 4865 οἶ
1719 4814 1812 4866 καὶ

227 4909 334 4980 τὴν
365 4907 645 4980 παροῦσαν
671 4907 927 4961 ὑπόθεσιν
961 4907 1048 4962 ἐπ’
1069 4904 1292 4976 ἀκριϐὲς
1314 4905 1809 4976 διευκρινήσαντες,

225 5003 301 5070 τῇ
334 5000 465 5071 παρ’
507 4998 779 5071 Ἑϐραίοις
812 4996 1148 5069 συνέστησαν
1177 4996 1549 5069 ἀρχαιολογίᾳ,
1579 4994 1813 5065 πλουσία

226 5092 330 5149 καὶ
370 5090 592 5163 ποικίλῃ
618 5091 932 5162 κατασκευῇ
971 5088 1299 5161 κεχρημένοι
1335 5087 1433 5158 τῆς
1461 5086 1806 5153 ἀποδείξεως.

226 5185 297 5240 οἱ
331 5182 432 5253 μὲν
457 5184 567 5255 γὰρ
605 5181 670 5236 εκ
711 5199 871 5237 τινων
912 5180 1355 5253 ὁμολογουμένων
1402 5179 1652 5252 ἱστοριῶν
1683 5180 1810 5245 τοὺς

226 5272 481 5344 χρόνους
505 5271 916 5341 συνελογίσαντο
936 5287 951 5301 ο
999 5273 1049 5324 οί
1113 5270 1171 5323 δὲ
1223 5269 1605 5341 παλαιοτέροις
1676 5271 1809 5324 ἀνα-

225 5363 518 5435 γνώσμασι
551 5364 651 5436 τὴν
687 5363 993 5436 μαρτυρίαν
1044 5360 1450 5415 ἐπιστώσαντοο
1493 5362 1588 5415 καὶ
1620 5363 1669 5415 οἱ
1709 5363 1807 5433 μὲν

238 5456 604 5528 Ἑλληνικοῖς,
634 5458 682 5510 οί
712 5456 768 5510 δὲ
801 5456 897 5509 καὶ
931 5457 1044 5517 τοίς
1072 5453 1140 5507 τὰ
1169 5453 1448 5519 Φοινίκων,
1480 5454 1550 5508 τά
1575 5469 1633 5506 τε
1661 5452 1806 5507 Χαλ-

225 5547 397 5602 δαίων
446 5549 542 5604 καὶ
588 5549 904 5617 Αἰγυπτίων
966 5544 1312 5616 ἀναγράψας-ι
1382 5546 1801 5618 συνεχρήσαντο.

300 5730 419 5801 (ϐὖ)
454 5729 672 5800 Μικρῷ.
711 5729 854 5802 Lege
882 5728 1098 5801 μικροῦ.

670 5825 865 5886 Pun.
906 5824 1023 5886 Gn.
1062 5824 1231 5886 ΧΧΙ.

1914 4512 2155 4582 reliquos
2182 4511 2353 4568 fuisse
2379 4522 2614 4569 constat.
2646 4511 2775 4569 Inde
2805 4514 2997 4584 nuperi
3031 4516 3278 4579 omnino,
3317 4515 3481 4588 487

1912 4602 2268 4674 Pythagoras,
2305 4602 2673 4669 Democritus,
2698 4607 2994 4676 caeterique
3018 4606 3275 4677 deinceps
3305 4608 3480 4677 philo-

1912 4695 2095 4765 50phi,
2128 4695 2278 4751 circa
2304 4697 2665 4768 Olympiadem
2701 4698 3234 4768 quinquagesimam,
3258 4699 3363 4754 hoc
3396 4709 3481 4754 est

1913 4786 2073 4840 annis
2100 4795 2224 4856 post
2251 4796 2471 4857 captum
2502 4788 2661 4841 Ilium
2697 4802 2866 4858 prope
2899 4789 3275 4859 septingentis,
3300 4804 3480 4845 emer-

1912 4892 2050 4931 sere.
2084 4875 2289 4932 Mosem
2314 4879 2479 4947 igitur
2504 4893 2569 4934 ac
2593 4879 2923 4949 posteriores
2970 4880 3120 4934 lose
3161 4879 3477 4949 prophetas,

1911 4977 2037 5023 ante
2085 4984 2275 5024 omnes
2321 4970 2547 5026 Graeciaa
2585 4971 2945 5041 philosophos
2981 4971 3140 5026 annis
3167 4971 3480 5041 quingentis

1910 5075 2074 5131 supra
2101 5062 2248 5116 mille
2267 5062 2490 5127 vixisse,
2522 5079 2590 5117 ex
2639 5063 2885 5134 ejusdem
2914 5063 3229 5134 philosophi
3258 5065 3479 5122 confes-

1910 5154 2066 5209 sione
2111 5153 2434 5212 auferimus.
2471 5156 2648 5253 Atque
2690 5156 2807 5211 haec
2848 5170 2881 5209 a
2932 5155 3101 5210 nobis
3132 5156 3207 5210 ita
3239 5155 3479 5211 breviter

1908 5248 2194 5318 perstricta
2214 5257 2399 5305 sunto.
2439 5247 2799 5318 Jam‘tempus
2837 5256 2943 5314 est,
2984 5255 3041 5301 ut
3066 5261 3257 5302 eorum
3286 5248 3473 5311 etiam,

1907 5340 2002 5410 qui
2024 5350 2150 5396 ante
2172 5357 2274 5397 nos
2304 5342 2407 5396 hac
2441 5342 2497 5395 in
2541 5340 2908 5411 diSputatione
2947 5338 3149 5393 versati
3201 5346 3350 5404 sunt,
3385 5352 3477 5392 ar-

1908 5443 2165 5503 gumenta
2210 5433 2512 5489 videamus.
2569 5431 2829 5487 Homines
2875 5431 3154 5486 enimvero
3188 5429 3329 5499 apud
3374 5445 3477 5484 nos

1906 5529 2184 5598 exstitere,
2213 5544 2322 5586 non
2362 5528 2551 5585 diserti
2594 5528 2779 5593 modo,
2810 5526 2905 5583 sed
2932 5526 3097 5582 etiam
3128 5525 3261 5580 nulli
3287 5524 3442 5581 crudi

3086 5810 3162 5868 26
