3842 6226
365 333 462 387 8H

1079 327 1350 382 EUSEBII
1391 318 1876 381 CAESARIENSIS
1915 316 2067 373 OPP.
2109 311 2293 369 PARS
2334 311 2400 366 Π.
2443 341 2511 350 -
2549 300 3062 361 APOLOGETICA.

3519 295 3630 350 812

365 449 514 502 tione
538 446 788 511 secundi,
816 443 1019 514 quique
1068 442 1368 511 plurimum
1416 438 1619 494 divinis
1647 438 1702 492 in
1733 435 1933 490 litteris

2049 426 2215 499 Ὀμοῦ
2238 428 2295 481 δὲ
2324 427 2371 478 οἱ
2400 423 2602 486 πάντες
2624 462 2637 484 ,
2673 421 2741 473 τὰ
2757 414 3043 489 Ἑλληνικὰ
3069 412 3248 467 καὶτὰ
3267 410 3536 482 βάρϐαρα,
3557 410 3631 464 τά

366 553 545 608 operte
577 537 853 604 studiique
880 543 1183 603 posuerunt
1244 530 1285 583 li
1316 542 1433 583 rem
1473 528 1633 583 istam
1680 532 1933 581 accurate

364 630 658 686 admodum
705 637 759 682 et
796 625 1073 681 enucleate
1110 622 1400 693 persecuti,
1451 618 1795 689 antiquitatis
1827 614 1933 670 He-

361 723 562 779 braicaa
592 722 749 775 iidem
785 734 978 788 magna
1013 716 1286 770 rationum
1318 713 1369 768 vi
1404 727 1468 767 ac
1521 708 1787 781 singulari
1829 721 1926 760 va-

362 816 555 869 rietate
592 810 857 866 fecerunt.
902 807 1008 861 Alii
1054 806 1256 875 quippe
1305 802 1472 858 certis
1503 798 1832 870 quibusdam
1866 810 1933 849 ex

363 905 608 961 historiis
652 911 705 958 et
731 900 976 957 omnium
1024 911 1297 953 consensu
1326 892 1662 964 approbatis,
1721 899 1933 959 tempo-

360 1012 484 1051 rum
519 995 715 1050 seriem
750 991 1108 1060 ordinemque
1155 988 1431 1043 duxerunt
1479 1002 1492 1039 :
1547 983 1638 1038 alii
1684 980 1799 1036 suis
1830 978 1933 1049 ipsi

362 1086 694 1143 testimoniis
747 1082 1061 1138 ﬁrmitatem
1122 1094 1185 1134 ac
1237 1078 1404 1132 robur
1449 1092 1514 1130 ex
1559 1073 1932 1144 antiquiorum

361 1178 688 1248 scriptorum
721 1172 1046 1228 auctoritate
1086 1168 1438 1240 quaesierunt.
1472 1164 1537 1219 Et
1574 1164 1665 1218 alii
1712 1162 1934 1233 quidem

363 1271 638 1325 adhaesere
664 1250 888 1330 Grméis,
924 1261 1015 1315 alii
1045 1275 1177 1315 vero
1207 1274 1271 1313 ex
1298 1272 1479 1312 rerum
1509 1254 1670 1310 etiam
1708 1252 1933 1307 Phoeni-

363 1364 610 1423 ciarum,
681 1356 1061 1411 Cbaldaearum
1120 1361 1175 1406 et
1226 1348 1601 1420 Egyptiarum
1658 1344 1936 1400 historicis

363 1459 680 1523 argumenta
725 1448 1044 1519 petierunt:
1078 1453 1132 1498 at
1175 1442 1341 1498 simul
1389 1438 1654 1505 universi,
1708 1436 1932 1499 Graecis,

364 1543 632 1607 barbaris,
688 1539 1081 1608 Hebraicisque
1118 1535 1284 1590 rebus
1334 1532 1436 1588 sub
1490 1546 1601 1585 uno
1655 1528 1938 1585 collocatis

2040 540 2098 576 τε
2127 523 2255 592 παρ’
2279 519 2460 581 αὐτοῖς
2487 514 2761 586 Ἑϐραίοις
2782 509 3204 578 συναγαγόντες,
3230 505 3325 559 καὶ
3349 503 3449 567 τὰς
3474 502 3631 575 παρὰ

2040 616 2207 667 πᾶσιν
2249 611 2496 681 ’ἱστορίας
2532 604 2905 678 παραθέντες,
2938 601 3141 673 θατέρᾳ
3182 615 3243 651 τε
3291 595 3393 667 τὴν
3432 596 3630 666 ἑτέραν

2041 703 2497 777 συγκρούσαντες,
2531 699 2600 753 τὰ
2626 697 2779 769 παρὰ
2805 699 2916 759 τοῖς
2947 695 3116 747 πᾶσιν
3143 691 3249 745 ὑπὸ
3271 689 3399 752 τοὺς
3429 687 3630 751 αὐτοὺς

2037 797 2262 869 χρόνους
2299 793 2612 866 πραχθέντα
2647 788 3094 859 συνεξητάκασιν.
3142 779 3258 837 Εἶθ’
3290 783 3523 845 ἕκαστος
3549 783 3599 835 οἱ

2041 887 2218 951 κείαις
2246 885 2489 957 μεθόδοις
2521 874 2620 954 τὴν
2646 880 2755 935 τῶν
2777 875 3254 946 ἀποδεικνυμένων
3280 872 3629 943 κατασκευὴν

2041 980 2431 1053 πεποιημένος,
2466 978 2756 1049 σύμφωνον
2780 973 2876 1028 καὶ
2904 968 3344 1043 ὁμολογουμένην
3366 967 3463 1038 τὴν
3486 966 3628 1020 ἀπό-

2039 1073 2205 1140 δειξιν
2255 1073 2663 1144 είσηνέγκαντο.
2711 1067 2802 1121 Διὸ
2845 1067 2939 1121 καὶ
2989 1064 3223 1136 μάλιστα
3281 1063 3402 1125 ταῖς
3432 1060 3631 1122 αὐταῖς

2040 1165 2334 1237 ἡγησάμην
2383 1164 2493 1217 δεῖν
2551 1159 2950 1233 παραχωρῆσαι
2998 1157 3204 1225 φωναῖς
3242 1153 3334 1206 τὸν
3381 1150 3631 1223 παρόντα

2040 1257 2216 1325 λόγον,
2237 1257 2385 1320 ὅπως
2415 1252 2550 1326 ὁμοῦ
2580 1252 2688 1305 τῶν
2719 1250 2936 1304 οἰκείων
2970 1248 3045 1320 μὴ
3075 1247 3461 1317 ἀποστεροῖντο
3484 1260 3629 1315 καρ-

2042 1347 2159 1401 πῶν
2201 1349 2249 1400 οἱ
2281 1347 2391 1399 τῶν
2421 1346 2595 1414 λόγων
2640 1343 2873 1412 πατέρες
2892 1382 2906 1405 ,
2938 1342 3031 1394 καὶ
3076 1338 3165 1393 διὰ
3197 1337 3457 1391 πλειόνων
3485 1354 3630 1408 μαρ-

2040 1439 2239 1512 τύρων,
2266 1437 2401 1493 ἀλλά
2429 1437 2505 1509 μὴ
2534 1436 2598 1508 δὴ
2621 1437 2739 1499 ἑνὸς
2760 1419 2894 1506 ὁμοῦ
2912 1436 2945 1505 ἡ
2966 1432 3222 1494 σύστασις
3243 1430 3344 1501 τῆς
3366 1428 3631 1500 ἀληθείας

2043 1531 2446 1602 ἀναμφίλεκτον
2476 1528 2631 1582 λάϐοι
2663 1528 2761 1598 τὴν
2788 1525 3143 1598 ἐπικύρωσιν.

360 1644 605 1706 aspectu,
643 1633 998 1700 omniumque
1040 1627 1365 1697 populorum
1401 1622 1645 1677 historiis
1700 1621 1843 1675 inter
1906 1636 1963 1675 se
2003 1624 2336 1694 propiusque
2360 1621 2697 1684 commissis,
2727 1635 2849 1689 quae
2908 1617 3049 1688 apud
3075 1629 3326 1686 quosque
3354 1612 3459 1669 sub
3480 1612 3629 1666 idem

359 1739 576 1799 tempus
600 1736 749 1799 gesta
800 1724 1020 1787 fuerint,
1052 1735 1176 1776 cum
1224 1718 1347 1773 aliis
1394 1716 1500 1770 alia
1550 1714 1837 1784 diligenter
1865 1728 2105 1783 expensa
2164 1717 2538 1770 contulerunt.
2569 1712 2708 1767 Tum
2773 1724 2930 1765 suam
2986 1709 3192 1779 quique
3224 1707 3368 1760 viam
3421 1718 3488 1759 ac
3516 1718 3631 1757 me-

361 1821 589 1876 thodum
636 1816 830 1882 secuti,
877 1823 1059 1885 partes
1094 1808 1333 1879 suscepti
1377 1807 1559 1878 operis
1609 1806 1853 1876 singulas
1901 1806 1973 1861 ita
2013 1809 2376 1877 digessertmt,
2413 1817 2476 1862 ut
2521 1821 2713 1862 omnes
2745 1813 2886 1859 Inter
2922 1817 3045 1857 sese
3091 1799 3366 1856 constanti
3418 1795 3632 1851 fuerint

362 1929 427 1970 ac
453 1921 599 1970 certa
634 1905 1103 1965 demonstratione
1129 1901 1420 1977 complexi.
1450 1898 1716 1966 Quocirca
1743 1898 1924 1953 locum
1964 1900 2146 1955 verbis
2194 1913 2482 1956 auctorum
2540 1896 2837 1968 ipsissimis
2883 1896 2988 1950 hac
3030 1893 3087 1948 in
3136 1890 3509 1962 disputatione
3538 1903 3634 1942 re-

362 2006 718 2078 linquendum
757 2001 961 2073 putavi,
1021 1998 1185 2055 simul
1235 2005 1298 2050 ut
1351 2010 1421 2050 ne
1468 2009 1693 2049 suorum
1742 1993 1877 2063 ipsis
1916 1993 2164 2048 laborum
2216 1994 2426 2046 fructus
2470 1989 2835 2060 praeripiatur,
2896 1986 3060 2042 simul
3104 1995 3163 2039 ut
3212 1988 3468 2051 suscepta
3526 1994 3633 2049 pro

360 2099 590 2155 veritate
637 2093 903 2159 defensio,
938 2107 1045 2147 non
1096 2106 1165 2144 ex
1211 2087 1395 2154 unius,
1448 2086 1542 2142 sed
1593 2101 1660 2140 ex
1705 2085 1942 2156 plurium
1983 2086 2201 2141 testium
2253 2100 2348 2141 ore
2387 2083 2547 2139 ﬁdem
2593 2082 2742 2138 omni
2797 2080 3137 2136 dubitatione
3187 2078 3452 2148 majorem
3482 2074 3630 2129 acci-

361 2195 495 2265 piat.
527 2190 818 2247 Ordiamur
838 2188 906 2242 ab
931 2185 1212 2241 Africano.

980 2276 1213 2333 CAPUT
1252 2275 1322 2329 X.

613 2369 703 2425 Ea;
741 2368 982 2440 Africani
1021 2365 1470 2435 Chronographia:
1505 2365 1680 2419 tertio.

440 2481 462 2516 ι
505 2464 647 2517 Ante
679 2461 1051 2532 olympiadum
1086 2457 1308 2522 seriem,
1362 2455 1541 2526 inquit
1578 2455 1687 2518 ille,
1710 2453 1931 2510 Graeco-

363 2571 488 2612 rum
521 2554 578 2609 in
612 2553 843 2609 historia
875 2551 1009 2607 certi
1068 2549 1204 2605 nihil
1257 2547 1634 2618 exploratique
1664 2546 1932 2617 reperias,

363 2662 536 2718 usque
566 2645 704 2700 adeo
736 2643 1051 2715 perturbata
1079 2649 1208 2697 sunt
1237 2640 1444 2714 omnia,
1488 2654 1590 2693 nec
1612 2637 1723 2692 ulla
1748 2653 1934 2693 secum

359 2754 430 2794 ex
473 2745 626 2808 parte
653 2735 1026 2802 consentiunt,
1055 2747 1176 2803 qua:
1213 2741 1371 2787 antea
1401 2730 1696 2799 contigisse
1734 2720 1938 2784 memo-

361 2839 574 2884 rantur.
630 2828 701 2883 At
751 2827 807 2881 in
856 2824 1257 2898 olympiadibus
1307 2821 1619 2893 digerendis
1681 2829 1936 2877 accurate

360 2922 529 2994 488
558 2921 713 2976 multi
751 2920 1148 2992 diligenterque
1196 2915 1399 2971 versati
1448 2923 1598 2982 sunt,
1648 2915 1792 2985 quod
1824 2929 1934 2969 non

361 3013 526 3084 longo
556 3011 859 3074 intervallo,
894 3010 987 3064 sed
1018 3015 1228 3063 tantum
1263 3021 1364 3061 suo
1388 3005 1656 3076 cujusque
1683 3020 1772 3061 res
1795 3020 1933 3076 qua-

361 3105 615 3159 driennio
639 3103 891 3158 deﬁnitas
924 3100 1097 3156 Graeci
1140 3099 1677 3168 comprehensasque
1709 3098 1938 3168 perscri—

361 3196 593 3267 pserint.
638 3192 1001 3260 Quamobrem
1043 3206 1107 3245 ex
1139 3189 1403 3245 fabulosis
1440 3189 1569 3253 illis,
1596 3189 1803 3258 quaead
1827 3190 1937 3259 pri-

364 3303 508 3343 mam
548 3302 723 3357 usque
744 3283 1106 3357 Olympiadem
1142 3283 1286 3337 fama
1311 3283 1526 3338 caeteris
1556 3292 1609 3337 et
1647 3282 1933 3337 hominum

361 3379 621 3451 opinione
647 3376 1013 3448 praestiterint,
1068 3375 1306 3430 breviter
1358 3375 1675 3444 cursimque
1730 3373 1933 3441 libatis,

362 3487 486 3544 qua:
516 3478 708 3542 postea
738 3467 1091 3539 contigerint,
1128 3481 1192 3522 ea
1234 3466 1280 3523 si
1315 3465 1479 3521 modo
1526 3464 1762 3536 insignia
1793 3465 1937 3520 vide-

362 3566 584 3632 buntur,
617 3564 692 3620 ita
722 3579 846 3620 cum
875 3561 1079 3618 Graecis
1108 3560 1335 3616 Hebraea
1363 3569 1675 3623 conteram,
1701 3566 1760 3613 ut
1783 3556 1935 3614 Grae-

2578 2262 2977 2320 ΚΕΦΑΛΑΙΟΝ
3014 2262 3072 2314 ι’.

2049 2365 2182 2420 Ἀπὸ
2224 2363 2330 2418 τοῦ
2372 2363 2572 2431 τρίτου
2606 2359 2722 2413 τῶν
2764 2353 3111 2426 Ἀφρικανοῦ
3141 2347 3625 2420 Χρονογραφιῶν.

2114 2479 2133 2510 ι
2160 2459 2338 2530 Μέχρι
2369 2458 2467 2525 μὲν
2496 2452 2873 2526 Ὀλυμπιάδων
2895 2448 3046 2503 οὐδὲν
3077 2444 3306 2517 ἀκριϐὲς
3339 2444 3625 2515 ἱστόρηται

2034 2554 2146 2616 τοῖς
2168 2550 2414 2621 Ἕλλησι,
2442 2547 2661 2601 πάντων
2690 2541 3133 2614 συγκεχυμένων,
3166 2537 3260 2590 καὶ
3285 2534 3426 2589 κατὰ
3454 2534 3627 2606 μηδὲν

2036 2644 2219 2707 αὐτοῖς
2252 2641 2360 2695 τῶν
2385 2637 2588 2712 προτοῦ
2620 2633 3083 2708 συμφωνούντων·
3114 2631 3170 2683 αἱ
3221 2628 3278 2681 δὲ
3307 2626 3626 2697 ἠκρίϐωντο

2037 2737 2271 2800 πολλοῖς,
2297 2733 2375 2804 τῷ
2398 2732 2473 2804 μὴ
2515 2732 2579 2783 ὲκ
2609 2728 2864 2782 πλείστου
2893 2724 3281 2795 διαστήματος,
3312 2718 3400 2772 διὰ
3423 2734 3626 2789 τετρα-

2037 2828 2186 2892 ετίας
2199 2827 2275 2889 δὲ,
2298 2824 2395 2888 τὰς
2425 2820 2744 2893 ἀναγραφὰς
2773 2817 2951 2872 αὐτῶν
2976 2811 3385 2873 ποιεῖσθαιτοὺς
3411 2807 3618 2877 ’Ἑλλη-

2037 2938 2154 2984 νας.
2183 2912 2257 2974 Οῦ
2290 2917 2354 2989 δὴ
2386 2916 2547 2987 χάριν
2573 2913 2670 2976 τὰς
2705 2907 3055 2974 ἐνδοξοτάτας
3086 2907 3181 2958 και
3217 2898 3483 2973 μυθώδεις
3511 2897 3629 2950 ἐπι-

2037 3011 2333 3082 λεξάμενος
2367 3004 2638 3080 ἱστορίας,
2672 3003 2834 3075 μέχρι
2864 3001 2959 3070 τῆς
2996 2995 3220 3069 πρώτης
3259 2991 3627 3063 Ὀλυμπιάδος

2039 3097 2480 3172 ὲπιδραμοῦμαν
2516 3097 2615 3160 τὰς
2642 3095 2700 3148 δὲ
2746 3091 2884 3164 μετὰ
2916 3090 3089 3144 ταῦτα
3112 3128 3126 3153 ,
3174 3084 3439 3151 συζεύξας
3477 3082 3624 3137 κατὰ

2039 3192 2228 3265 χρόνον
2257 3191 2527 3253 ἑκάστας,
2559 3186 2613 3240 εἴ
2636 3201 2780 3248 τινες
2813 3183 3096 3254 ἐπίσημοι,
3128 3181 3249 3241 ταῖς
3282 3176 3624 3246 Ἑλληνικαῖς

2039 3264 2135 3347 τὰς
2172 3279 2488 3354 Ἐϐραῖκὰς,
2516 3275 2808 3347 ἐξιστορῶν
2842 3273 2940 3345 μὲν
2966 3271 3034 3325 τὰ
3072 3268 3358 3340 Ἑϐραίων,
3382 3264 3629 3336 ἐφαπτό-

2043 3392 2201 3446 μενος
2239 3373 2297 3427 δὲ
2332 3372 2441 3425 τῶν
2487 3366 2834 3439 Ἑλληνικῶν,
2871 3362 3168 3435 ὲφαρμὸσω
3200 3361 3349 3413 τόνδε
3374 3358 3467 3412 τὸν
3498 3357 3627 3429 τρό-

2041 3485 2142 3521 πον
2161 3484 2174 3498 ·
2201 3464 2495 3535 λαϐόμενος
2530 3462 2657 3533 μιᾶς
2691 3458 2945 3531 πράξεως
2994 3453 3290 3526 Ἐϐραῖκῆς
3321 3450 3625 3522 ὁμοχρόνου

2043 3555 2239 3629 πράξει
2268 3556 2357 3624 ὑφ’
2395 3552 2663 3623 Ἑλλήνων
2689 3545 3057 3618 ἱστορηθείση,
3078 3544 3173 3597 καὶ
3200 3539 3408 3611 ταύτης
3438 3540 3627 3610 ἐχόμε.

364 3658 446 3715 cis
496 3658 672 3714 obiter
726 3657 991 3712 duntaxat
1032 3652 1365 3723 perstrictis,
1397 3651 1645 3706 historici
1682 3664 1830 3705 more
1860 3648 1935 3707 ιυ-

2042 3627 2159 3716 νος,
2191 3648 2443 3722 ἀφαιρῶν
2476 3666 2535 3701 τε
2570 3646 2662 3700 καὶ
2707 3640 3050 3715 προστιθεὶς,
3082 3640 3171 3702 τίς
3197 3654 3255 3690 τε
3304 3635 3537 3707 Ἕλλην,
3586 3635 3623 3707 ἢ

364 3752 480 3805 sius
508 3748 734 3805 Hebraea
758 3756 1056 3819 pertexam.
1090 3743 1151 3799 In
1179 3759 1290 3815 quo
1315 3743 1585 3814 ejusmodi
1609 3740 1794 3796 futura
1817 3757 1938 3796 mea

363 3842 505 3897 ratio
527 3848 630 3907 est,
661 3848 721 3895 ut
741 3839 955 3909 quoties
978 3836 1302 3892 Hebraicam
1333 3834 1638 3900 historiam,
1668 3848 1789 3903 quae
1811 3848 1937 3888 cum

364 3933 550 3991 Graeca
579 3933 763 4003 aliqua
787 3942 1028 4001 tempore
1077 3926 1387 3994 conveniat,
1425 3925 1763 3980 tractandam
1813 3940 1938 3980 sus—

366 4039 585 4095 cepero,
645 4024 804 4079 toties
836 4023 891 4078 in
927 4038 991 4078 ea
1024 4028 1343 4078 constanter
1376 4019 1610 4085 haerens,
1653 4017 1935 4083 detractis,

365 4117 461 4173 ubi
491 4131 580 4172 res
628 4116 834 4182 tulerit,
884 4113 1182 4185 adjectisve
1228 4111 1531 4175 nonnullis,
1585 4109 1813 4180 quinam
1846 4116 1939 4162 aut

365 4208 702 4271 Graecorum,
726 4216 819 4262 aut
841 4205 1156 4274 Persarum,
1181 4213 1277 4260 aut
1303 4203 1496 4274 populi
1530 4201 1773 4273 cujusvis
1801 4200 1937 4254 alte.

364 4303 506 4366 rius,
534 4300 776 4370 ejusdem
798 4307 1042 4368 tempore
1072 4296 1339 4362 ﬂoruerit,
1366 4294 1607 4366 aperiam
1639 4310 1653 4346 :
1690 4292 1770 4347 sic
1790 4290 1934 4346 enim

364 4396 488 4466 ejus
522 4409 612 4449 me
642 4396 882 4460 demum,
922 4391 1072 4462 quo‘d
1111 4389 1453 4461 propositum
1488 4386 1625 4441 mihi
1651 4392 1757 4447 est,
1786 4398 1940 4439 com-

365 4495 546 4558 potem
593 4483 839 4539 futurum
895 4481 1170 4537 existimo.
1201 4478 1449 4533 Primum
1498 4474 1665 4547 igitur
1696 4473 1938 4529 celebra-

365 4577 581 4634 tissima
610 4575 702 4630 illa
725 4572 1076 4629 Hebraeorum
1107 4570 1385 4641 migratio,
1430 4583 1556 4624 cum
1585 4582 1616 4621 a
1643 4564 1940 4622 Nabucho-

363 4671 640 4725 donosore
693 4664 987 4737 Babylonis
1044 4678 1173 4734 rege
1225 4663 1281 4716 in
1350 4661 1666 4716 servitutem
1718 4642 1939 4713 abducti

365 4768 515 4828 sunt,
550 4772 726 4814 annos
753 4756 931 4812 tenuit
951 4753 1322 4825 septuaginta,
1366 4751 1445 4805 uti
1493 4748 1739 4804 futurum
1787 4746 1939 4803 Jere—

362 4853 505 4908 mias
539 4858 666 4907 ante
691 4847 1039 4920 praedixerat.
1064 4844 1239 4899 Porro
1261 4839 1817 4914 Nabuchodonosoris
1838 4838 1940 4894 Be-

360 4960 525 5002 rosus
579 4955 800 5014 quoque
851 4937 1185 5010 Babylonius
1236 4933 1505 5026 meminit.
1559 4930 1783 4986 Exactis
1827 4929 1936 4986 illis
1968 4971 2011 5026 Β

360 5036 709 5110 septuaginta
738 5030 1071 5104 captivitatis
1096 5028 1282 5094 annis,
1308 5024 1486 5098 Cyrus
1525 5022 1810 5079 Persicum
1844 5036 1933 5075 re-

362 5144 529 5203 gnum
559 5125 818 5193 obtinuit,
841 5137 966 5179 cum
1005 5119 1275 5192 Olympias
1309 5125 1564 5187 ageretur
1593 5113 1938 5184 quinquage—

360 5224 502 5278 sima
531 5220 744 5291 quinta,
778 5216 860 5271 uti
908 5228 977 5268 ex
1013 5210 1236 5266 Diodori
1266 5206 1600 5262 Bibliotheca
1620 5243 1637 5271 ,
1668 5203 1849 5259 Thalli
1881 5211 1937 5258 et

357 5312 624 5375 Castoris,
669 5323 772 5364 nec
800 5322 909 5361 non
936 5302 1151 5374 Polybii
1196 5309 1252 5355 et
1295 5297 1615 5369 Phlegoutis
1663 5293 1933 5359 historiis,

360 5403 576 5459 auferre
612 5402 773 5465 licet;
809 5397 1042 5467 aliisque
1091 5402 1376 5465 praeterea,
1423 5389 1518 5460 qui
1564 5386 1934 5460 olympiadum

361 5494 559 5552 seriem
599 5498 895 5548 texuerunt
942 5508 957 5543 :
995 5485 1255 5543 omnibus
1297 5483 1444 5538 enim
1477 5481 1533 5536 in
1577 5495 1643 5536 eo
1694 5489 1939 5548 tempore

361 5584 668 5641 definiendo
701 5580 975 5637 convenit.
1006 5577 1182 5650 Cyrus
1210 5574 1375 5646 igitur
1417 5587 1562 5628 anno
1603 5568 1817 5640 imperii
1847 5568 1933 5624 sui

364 5677 561 5747 primo,
584 5675 678 5744 qui
702 5671 1029 5742 Olympiadis
1056 5666 1532 5740 quinquagesima:
1572 5662 1778 5734 quintae
1824 5660 1939 5731 pri-

437 5804 463 5832 ι
504 5806 591 5861 γρ.
624 5786 998 5854 συνεχρόνισεν

2038 3744 2275 3815 Πέρσης,
2306 3742 2339 3813 ἢ
2373 3742 2466 3795 καὶ
2492 3736 2738 3794 ὁστισοῦν
2766 3739 2831 3807 τῇ
2866 3731 3132 3805 Ἐϐραίων
3160 3729 3622 3801 συνεχρόνησενα,

2040 3835 2562 3906 ἐπισημειούμενος,
2626 3831 2757 3892 ἴσως
2833 3826 2898 3881 ἂν
2952 3823 3047 3878 τοῦ
3102 3820 3305 3876 σκοποῦ
3374 3819 3621 3891 τύχοιμι.

2051 3929 2319 4001 Ἐϐραίων
2356 3927 2453 3998 μὲν
2481 3923 2574 3978 οὖν
2612 3926 2645 3994 ὴ
2694 3919 2943 3993 μετοικία
2976 3915 3379 3987 ἐπισημοτάτη,
3416 3915 3627 3983 αἰχμα-

2038 4019 2407 4075 λωτισθέντων
2435 4016 2540 4070 ὑπὸ
2562 4011 3031 4084 Ναϐουχοδονόσορ
3065 4007 3329 4079 βασιλέως
3361 4003 3625 4057 Βαϐυλῶ-

2038 4130 2148 4178 νος,
2172 4110 2488 4183 παρέτεινεν
2508 4107 2600 4178 ἐτη
2624 4113 2687 4172 o',
2710 4104 2854 4159 καθὰ
2885 4103 3289 4173 προεφήτευσεν
3323 4094 3619 4166 Ἱερεμίας.

2040 4202 2146 4257 Τοῦ
2180 4202 2244 4275 δὴ
2273 4196 2744 4270 Ναϐουχοδονόσορ
2782 4190 3113 4266 μνημονεύει
3144 4188 3441 4260 Βηρωσσδς
3470 4189 3501 4239 ὁ
3524 4186 3623 4240 Ba-

2040 4295 2320 4357 ϐυλώνιος.
2347 4292 2501 4347 Μετὰ
2528 4290 2586 4344 δὲ
2612 4288 2682 4343 τὰ
2713 4295 2753 4342 o'
2786 4288 2885 4357 τῆς
2912 4282 3290 4356 αἰχμαλωσίας
3315 4280 3412 4350 ἐτη
3438 4279 3627 4351 Κῦρος

2039 4386 2267 4459 Περσῶν
2296 4383 2607 4439 ἐϐασίλευεν
2626 4423 2641 4447 ,
2687 4374 2731 4448 ᾧ
2760 4378 2868 4431 ἔτει
2909 4373 3211 4447 Ὀλυμπιὰς
3243 4372 3382 4443 ἤχθη
3419 4378 3516 4432 vs’,
3548 4370 3628 4433 ὡς

2039 4478 2107 4531 ὲκ
2133 4475 2241 4529 τῶν
2269 4470 2674 4540 Βιϐλιοθηκῶν
2700 4466 2966 4537 Διοδώρου
2982 4505 2997 4531 ,
3050 4464 3147 4519 καὶ
3175 4461 3269 4515 τοῦ
3294 4459 3505 4514 Θαλλοῦ
3531 4461 3630 4514 καὶ

2039 4571 2321 4638 Κάστορος
2354 4563 2605 4637 ἱστοριῶν
2625 4603 2640 4627 ,
2671 4561 2751 4614 ἔτι
2794 4559 2852 4614 δὲ
2900 4556 3164 4612 Πολυϐίου
3195 4554 3290 4607 καί
3329 4552 3629 4618 Φλέγοντος

2042 4660 2188 4714 ἔστιν
2221 4658 2423 4728 εὑρεῖν,
2456 4653 2593 4708 ἀλλὰ
2624 4652 2719 4706 καὶ⁹
2750 4650 2973 4721 ἐτέρων,
3006 4641 3087 4710 οἷς
3116 4644 3382 4716 ἐμέλησεν
3420 4642 3629 4713 Ὀλυμ-

2041 4752 2247 4808 πιάδων
2270 4768 2283 4781 ·
2332 4749 2505 4804 ἅπασι
2548 4746 2658 4818 γὰρ
2693 4740 3071 4812 συνεφώνησεν
3112 4740 3142 4791 ὁ
3189 4736 3406 4808 χρόνος.
3440 4733 3628 4803 Κῦρος

2040 4846 2084 4900 δ’
2115 4840 2208 4899 οὖν
2230 4843 2308 4915 τῷ
2340 4838 2542 4914 πρώτῳ
2566 4838 2665 4908 τῆς
2696 4834 2870 4905 ἀρχῆς
2900 4832 3029 4895 ἔτει,
3056 4830 3195 4899 ὅπερ
3225 4823 3293 4897 ἦν
3325 4822 3631 4915 ’ρλυμπιά-

2039 4938 2128 5001 δος
2156 4942 2229 4991 νε¹
2261 4913 2468 4997 ἐτοςτδ
2495 4928 2733 5001 πρῶτον,
2766 4923 2854 4980 διὰ
2888 4918 3224 4994 Ζοροϐάϐελ,
3258 4914 3382 4969 καθ’
3415 4913 3477 4967 ὃν
3523 4913 3633 4983 Ἰη-

2041 5026 2167 5090 σοῦς
2196 5028 2225 5079 ό
2254 5022 2349 5078 τοῦ
2384 5019 2660 5081 Ἰωσεδὲκ,
2690 5016 2786 5087 τὴν
2823 5012 3046 5086 πρώτην
3097 5008 3191 5063 καὶ
3228 5004 3460 5078 μερικὴν
3486 5002 3628 5056 ἀπό-

2040 5116 2251 5189 πεμψιν
2299 5114 2591 5185 ἐποιήσατο
2618 5108 2712 5163 τοῦ
2741 5104 2896 5169 λαοῦ,
2927 5098 3309 5173 πληρωθείσης
3341 5094 3443 5165 τῆς
3478 5091 3632 5146 ἐϐδο-

2045 5184 2462 5281 μητκονταετίας,
2494 5203 2571 5265 ὡς
2596 5203 2654 5254 ὲν
2687 5198 2764 5270 τῷ
2787 5196 2994 5267 Ἔσδρα
3019 5191 3171 5263 παρὰ
3202 5191 3315 5252 τοῖς
3349 5184 3632 5257 Ἑϐραίοις

2047 5280 2345 5373 ἱστόρηται.
2370 5299 2436 5351 Αἱ
2470 5296 2569 5367 μὲν
2595 5288 2688 5347 οῦν
2718 5289 2947 5360 ἱστορίαι
2972 5285 3347 5358 συντρέχουσι,
3364 5280 3553 5353 Κύρου
3570 5296 3632 5333 τε

2048 5368 2324 5461 βασίλείας
2372 5387 2467 5441 καὶ
2512 5381 2893 5456 αἰχμαλωσίας
2929 5377 3152 5439 τέλους·
3202 5374 3294 5428 καὶ
3336 5368 3480 5425 κατὰ
3532 5368 3631 5432 τὰς

2058 5481 2423 5554 Ὀλυμπιάδας
2452 5477 2623 5540 οὕτως
2652 5476 2732 5539 είς
2763 5473 2913 5545 ἡμᾶς
2951 5467 3307 5540 εὑρεθήσεται
3336 5461 3635 5554 συμφωνή-

2046 5592 2215 5630 σαντα
2233 5589 2247 5604 ·
2289 5571 2501 5633 τούτοις
2530 5567 2639 5639 γὰρ
2670 5565 2928 5636 ἑπόμενοι
2949 5603 2963 5628 ,
3001 5559 3097 5613 καὶ
3126 5557 3226 5620 τὰς
3254 5553 3448 5616 λοιπὰς
3492 5553 3634 5604 ἱστο-

2048 5668 2169 5739 ρίας
2199 5664 2341 5720 κατὰ
2366 5663 2456 5717 τὸν
2498 5659 2662 5714 αὐτὸν
2704 5658 2861 5712 λόγον
2906 5652 3166 5714 ἀλλήλαις
3208 5644 3631 5719 ὲφαρμόσομενθ
