3842 6226
252 315 359 369 813

1413 310 1733 368 ΡΒᾸΞΡΑΒ.
1769 308 2022 365 EVANG.
2064 307 2191 364 LIB.
2238 308 2304 363 Χ.

3388 311 3490 365 8H

282 435 347 500 ὰς
386 435 445 488 δὲ
485 433 593 505 πρὸ
635 432 875 497 τούτων,
915 426 1019 487 ὧδέ
1064 448 1181 495 πως
1212 432 1310 502 τῆς
1345 431 1594 502 ’Δττικῆς
1637 446 1805 503 χρονο

1924 444 2047 484 mus
2076 430 2206 485 item
2230 446 2407 485 annus
2432 440 2568 492 erat,
2605 444 2699 499 per
2721 428 3129 496 Zorobabelem,
3154 428 3312 499 cujus
3330 432 3493 486 ctiam

248 525 489 598 'macpta;
515 524 922 597 ἀριθμουμένης
944 542 958 556 ο
1004 525 1114 579 ἀπὸ
1146 524 1372 592 Ὠγύγου
1407 523 1499 577 τοῦ
1528 526 1657 594 παρ’
1680 523 1825 576 ὲκεί-

246 635 362 683 νοις
401 616 720 688 αὐτόχθονος
760 615 1171 681 πιστευθέντος,
1202 617 1286 684 ἐφ’
1319 609 1381 669 οὗ
1407 616 1631 684 γέγονεν
1668 616 1697 668 6
1731 614 1826 685 μέ-

245 719 352 775 γας
419 708 514 761 καὶ
579 707 795 778 πρῶτος
855 707 916 760 ὲν
979 709 1048 777 τῇ
1120 706 1338 778 ’Δττικῇ
1400 705 1824 776 κατακλυσμὸς,

246 798 541 869 Φορωνέως
590 797 849 869 Ἀργείων
901 796 1274 867 βασιλεύοντος
1292 838 1307 865 ,
1348 797 1424 861 ὡς
1478 795 1826 860 Ἀκουσίλαος

250 892 474 961 ἱστορεῖ,
499 890 660 960 μέχρι
692 888 914 960 πρώτης
949 887 1327 959 Ὀλυμπιάδος,
1348 887 1542 943 ὁπόθεν
1568 888 1826 960 ’Έλληνες

245 982 512 1054 ἀκριϐοῦν
542 983 666 1044 τοὺς
697 980 920 1053 χρόνους
938 981 1328 1052 ὲνόμισαν,έτη
1356 981 1646 1050 συνάγεται
1678 982 1824 1053 χίλια

245 1075 470 1129 εἴκοσιν·
523 1074 600 1137 ὡς
634 1075 726 1126 καὶ
757 1076 870 1136 τοῖς
915 1073 1332 1144 προειρημένοις
1386 1077 1697 1144 συμφωνεῖ,
1732 1074 1825 1128 καὶ

245 1169 363 1229 τοῖς
395 1165 523 1236 ἑξῆς
549 1165 911 1236 δειχθήσεται.
965 1164 1150 1218 Ταῦτα
1188 1165 1298 1237 γάρ
1350 1165 1645 1236 Ἀθηναίων
1690 1168 1825 1221 ἰστο·

211 1245 473 1325 ’ροῦντες
525 1255 635 1329 (64)
695 1254 1002 1319 Ἑλλάνικός
1050 1272 1111 1308 τε
1155 1256 1250 1310 καὶ
1299 1255 1585 1328 Φιλόχορος
1630 1260 1679 1311 οἱ
1726 1258 1825 1322 τὰς

259 1347 544 1414 Ἀτθίδας,
564 1348 617 1401 οῖ
639 1365 701 1400 τε
724 1348 793 1402 τὰ
816 1348 998 1416 Σύρια
1020 1349 1255 1415 Κάστωρ
1282 1349 1377 1401 καὶ
1401 1348 1622 1415 Θαλλὺς,
1638 1351 1730 1404 καί
1756 1351 1824 1406 τὰ

246 1439 467 1493 πάντων
496 1438 759 1511 Διόδωρος
790 1440 819 1491 ὁ
860 1438 961 1502 τὰς
1003 1438 1398 1506 Βιϐλιοθήκας
1420 1480 1436 1504 ,
1481 1439 1823 1513 Ἀλέξανδρός

242 1548 305 1584 τε
334 1534 363 1585 6
390 1531 722 1603 Πολυΐστωρ,
753 1531 847 1584 καί
878 1547 1023 1593 τινες
1045 1530 1153 1584 τῶν
1182 1531 1303 1585 καθ’
1332 1533 1479 1602 ἡμᾶς
1501 1533 1821 1603 ἀκριϐέστε-

245 1640 342 1694 ρον
370 1622 723 1694 ἐμνήσθησαν
742 1663 758 1689 ,
790 1621 1016 1675 καὶτῶν
1051 1621 1314 1683 Ἀττικῶν
1344 1623 1615 1677 ἁπάντων.
1648 1624 1716 1677 Εἴ
1740 1643 1821 1689 τις

242 1712 340 1769 οὖν
379 1716 438 1768 ἐν
472 1718 584 1778 τοῖς
617 1714 809 1785 χιλίοις
847 1714 1049 1767 εῐκοσιν
1081 1713 1259 1767 ἔτεσιν
1303 1715 1573 1785 ἐπίσημος
1614 1716 1821 1788 ἱστορία

1925 521 2151 591 aequalis
2175 521 2316 576 idem
2347 531 2399 577 et
2442 522 2628 578 socius
2671 529 2790 576 erat
2828 519 2989 576 Jesus
3031 519 3280 577 Josedeci
3324 521 3492 586 ﬁlius,

1925 613 2137 683 expleta
2167 612 2280 684 jam
2310 613 2652 684 septuaginta
2704 627 2974 667 annorum
3028 628 3264 679 summa,
3310 617 3494 685 popu.i

1924 702 2136 760 Iudaici
2183 716 2392 775 partem
2446 705 2686 776 aliquam
2724 706 2962 775 primum
2991 704 3221 770 dimisit,
3257 714 3318 761 ut
3349 708 3494 777 apud

1926 794 2154 851 Esdram
2181 794 2465 853 Hebraeum
2496 797 2817 851 historicum
2844 797 3096 867 legimus.
3137 797 3204 851 Et
3232 798 3492 869 quoniam

1926 888 2077 958 regni
2129 887 2254 960 Cyri
2318 890 2647 959 principium
2695 904 2822 944 cum
2867 887 3107 943 Judaicm
3163 890 3492 959 captivitatis

1926 980 2054 1048 line,
2094 982 2485 1036 historicorum
2521 981 2766 1036 omnium
2806 982 3167 1036 consensione
3192 983 3490 1049 concurrit,

1924 1072 2120 1128 similis
2153 1076 2316 1128 etiam
2343 1074 2397 1128 iu
2427 1074 2796 1146 olympiadum
2821 1074 3002 1138 annis,
3030 1089 3154 1129 cum
3179 1076 3487 1145 utriusque,

1922 1171 2037 1216 tum
2072 1170 2390 1217 caeterorum
2418 1162 2673 1233 deinceps
2697 1161 3074 1217 convenientia
3099 1163 3167 1218 ad
3194 1179 3294 1219 nos
3317 1180 3491 1234 usque

1922 1252 2160 1321 ducitur,
2195 1254 2393 1324 quippe
2426 1254 2520 1324 qui
2566 1255 2635 1309 ab
2664 1269 2729 1308 eo
2753 1253 2919 1308 veluti
2948 1255 3169 1311 cardine
3195 1259 3488 1326 progressi,

1922 1354 2315 1416 consequentes
2344 1348 2547 1416 pariter
2572 1346 2830 1403 historias
2862 1348 3052 1403 eadem
3088 1348 3229 1403 inter
3258 1364 3378 1405 sese
3401 1366 3489 1404 ra—

1921 1436 2071 1491 tione
2094 1438 2443 1493 commissuri
2490 1439 2909 1509 contexturique
2942 1439 3138 1494 simus.
3189 1439 3260 1494 At
3304 1439 3356 1494 in
3398 1457 3488 1494 su-

1920 1529 2196 1599 periorum
2232 1530 2619 1598 consignandis
2645 1534 3004 1601 temporibus,
3036 1533 3083 1588 si
3110 1532 3300 1588 Atticae
3322 1534 3486 1587 chro-

1922 1621 2233 1689 nographize
2268 1620 2537 1676 rationem
2591 1623 2747 1692 sequi
2797 1623 2946 1688 libet,
2978 1623 3047 1678 ab
3088 1622 3289 1695 Ogyge,
3326 1640 3487 1694 quem

1923 1708 2160 1764 indidem
2194 1719 2371 1765 satum
2404 1726 2526 1766 esse
2553 1713 2804 1779 credunt,
2848 1715 2951 1769 sub
2990 1729 3101 1785 quo
3133 1716 3324 1785 ingens
3357 1716 3487 1771 illud

241 1808 525 1879 τυγχάνει,
548 1807 690 1865 κατὰ
716 1808 777 1861 τὸ
797 1807 1067 1878 χρήσιμον
1095 1806 1469 1877 ὲκλεγήσεται.
1504 1827 1522 1858 ι
1548 1808 1656 1862 Kai.
1681 1810 1805 1880 μετᾶ

1920 1800 2267 1872 primumque
2290 1803 2579 1870 diluvium,
2602 1813 2863 1875 regnante
2883 1806 3041 1877 Argis
3065 1805 3371 1877 Phoroneo,
3392 1808 3486 1864 At-

245 1899 459 1971 βραχέα
493 1899 734 1968 ἐπιλέγει
753 1914 768 1929 ·
791 1917 809 1949 ι
827 1899 1011 1970 Φαμξν
1026 1900 1205 1953 τοίνυν
1229 1898 1293 1953 ἐκ
1315 1917 1375 1952 τε
1400 1899 1511 1970 (65)
1538 1899 1692 1953 τοῦδε
1717 1902 1811 1955 τοῦ

242 1991 697 2062 συγγράμματος,
714 1990 969 2059 Ὤγυγον,
994 1990 1054 2055 ὃς
1075 1990 1168 2045 τοῦ
1191 1990 1406 2063 πρώτου
1428 1992 1813 2064 κατακλυσμοῦ

240 2081 468 2150 γέγονεν
492 2079 796 2149 ἐπώνυμος,
827 2078 1036 2133 πολλῶν
1067 2079 1467 2151 διαφθαρέντων
1492 2078 1776 2143 διασωθεὶς
1796 2123 1811 2147 ,

244 2170 390 2225 κατὰ
429 2172 528 2243 τὴν
589 2171 868 2241 Αἴγυπτον
903 2171 1016 2243 (66)
1065 2172 1160 2228 τοῦ
1207 2171 1337 2226 λαοῦ
1385 2171 1525 2242 μετὰ
1572 2172 1814 2237 Μωσέως

240 2262 422 2330 ἔξοδον
454 2262 804 2334 γεγενῆσθαι,
841 2263 993 2318 τόνδε
1023 2264 1115 2318 τὸν
1148 2264 1368 2337 τρόπον.
1421 2264 1546 2317 Ἐπί⁵
1589 2262 1813 2335 πρώτην

251 2357 592 2429 Ὀλυμπιάδα
645 2355 747 2429 τὴν
804 2357 1208 2429 προειρημένην
1273 2354 1382 2411 ἀπὸ
1433 2355 1659 2425 Ὠγύγου
1716 2354 1809 2428 ἔτη

236 2426 586 2522 δειχθήσεται
634 2426 747 2520 (ϐῖ)
780 2426 919 2520 lant"
1098 2445 1401 2523 δὲπρὼτης
1453 2426 1812 2517 Ὀλυμπιάδος

236 2543 335 2596 ἐπὶ
367 2543 465 2612 τῆς
500 2549 571 2595 νε’
600 2541 721 2606 ἔτος
751 2541 985 2612 πρῶτον,
1015 2541 1293 2595 τουτέστιν
1321 2539 1416 2593 ἐπὶ
1443 2536 1627 2610 Κύρου
1659 2538 1813 2609 βασι-

237 2634 382 2697 λέως
407 2633 528 2698 ἔτος
556 2633 771 2704 πρῶτον
792 2673 808 2699 ,
839 2635 975 2704 ὅπερ
1000 2628 1068 2703 ἦν
1098 2632 1471 2703 αἰχμαλωσίας
1500 2630 1684 2697 τέλος,
1716 2630 1808 2700 ἔτη

239 2723 343 2790 σιζ¹
362 2742 376 2756 ·
409 2726 517 2779 ἀπὸ
550 2725 775 2795 Ὠγύγου
801 2725 979 2778 τοίνυν
1000 2724 1093 2777 ἐπὶ
1126 2724 1306 2796 Κῦρον
1332 2723 1428 2792 ,ξτη
1462 2722 1643 2794 ,ασλζκ
1674 2722 1738 2776 Εἰ
1763 2722 1809 2778 δ’

235 2818 500 2889 ἀναφέρει
530 2836 615 2882 τις
658 2816 1117 2887 ἐπιλογιζόμενος,
1175 2815 1284 2869 ἀπὸ
1326 2814 1419 2868 τοῦ
1462 2815 1650 2879 τέλους
1711 2816 1811 2887 τῆς

234 2907 610 2977 αἰχμαλωσίας
636 2906 800 2979 ,ασλξ
845 2905 973 2976 ἐτη,
1004 2905 1146 2958 κατὰ
1188 2904 1445 2958 ἀνάλυσιν
1499 2903 1810 2976 εὑρίσκεται

232 2999 432 3053 ταυτὸν
461 2999 736 3071 διάστημα
764 2997 858 3051 ἐπὶ
888 2997 949 3050 τὸ
979 2996 1194 3069 πρῶτον
1232 2995 1350 3060 ἔτος
1378 2996 1477 3066 τῆς
1500 2994 1609 3048 ἀπὸ
1644 2993 1809 3064 Αἰγύ-

236 3104 375 3141 πτου
429 3085 520 3140 διὰ
564 3086 807 3149 Μωσέως
845 3085 1023 3154 ἐξόδου
1069 3085 1320 3157 Ἰσραὴλ,
1379 3085 1501 3138 ὅσον
1546 3082 1653 3137 ἀπὸ
1705 3083 1809 3153 τῆς

1919 1893 2080 1948 ticam
2112 1895 2381 1950 invasisse
2397 1897 2690 1952 Acusilaus
2716 1908 2908 1953 auctor
2922 1906 3025 1964 est,
3050 1901 3116 1954 ad
3139 1899 3370 1970 primam
3393 1917 3489 1957 us-

1919 1998 2025 2055 que
2045 1982 2424 2054 olympiadem,
2458 1985 2598 2040 unde
2619 1985 2790 2042 Graeci
2820 1999 3127 2045 accuratam
3150 1993 3252 2047 sibi
3283 2004 3481 2064 tempo-

1918 2072 2231 2146 rum'm
2252 2075 2446 2128 seriem
2486 2074 2786 2130 ducendam
2817 2089 3159 2149 putaverunt,
3184 2084 3311 2137 anni
3337 2086 3483 2140 colli-

1920 2175 2123 2237 guntur
2144 2166 2335 2236 viginti
2361 2182 2525 2236 supra
2552 2167 2731 2234 mille;
2756 2170 2848 2239 Qui
2874 2186 3135 2228 numerus
3162 2183 3217 2228 et
3245 2191 3368 2230 cum
3393 2192 3487 2231 su-

1919 2246 2224 2326 perioribus
2247 2256 2448 2325 optime
2469 2260 2740 2329 congruit,
2768 2269 2822 2315 et
2850 2277 2915 2315 ex
2939 2265 3278 2332 sequentium
3305 2268 3487 2321 decla-

1911 2353 2121 2407 ratione
2146 2352 2437 2408 constabit.
2471 2350 2598 2407 Haec
2648 2352 2794 2408 enim
2825 2350 3136 2408 Hellanicus
3182 2361 3237 2406 et
3296 2351 3485 2406 Philo-

1911 2442 2133 2509 chorus,
2164 2444 2258 2514 qui
2297 2459 2380 2499 νει
2412 2444 2638 2509 Atticas,
2675 2447 2914 2514 itemque
2940 2443 3134 2499 Castor
3155 2452 3209 2497 et
3237 2442 3482 2512 Thallus,

1911 2534 2005 2605 qui
2038 2534 2289 2605 Syriacas
2324 2537 2596 2607 prosecuti
2649 2544 2796 2600 sunt,
2825 2537 3027 2606 quique
3074 2536 3312 2604 gentium
3361 2551 3475 2590 oin-

1910 2625 2062 2679 nium
2101 2624 2384 2681 historiam
2418 2628 2472 2680 in
2501 2625 2884 2680 Bibliothecam
2916 2642 3071 2681 suam
3109 2627 3330 2683 inclusit
3357 2628 3483 2682 Dio—

1909 2716 2098 2783 dorus,
2127 2724 2182 2772 et
2198 2716 2506 2772 Alexander
2547 2717 2856 2789 Polyhistor
2888 2718 3165 2773 memoriae
3221 2719 3481 2788 prodide-

1911 2821 2037 2865 runt
2063 2827 2079 2865 :
2114 2823 2345 2879 quorum
2378 2811 2562 2876 etiam,
2591 2825 2622 2866 e
2652 2809 3145 2879 nostris.prarterea
3192 2811 3436 2866 nonnulli
3465 2853 3481 2878 ,

1908 2901 2219 2972 diligentius
2251 2919 2415 2971 quam
2455 2902 2616 2958 Attici
2649 2916 2840 2958 omnes
2866 2944 2880 2969 ,
2926 2902 3342 2971 accuratiusque
3367 2918 3483 2958 me-

1907 2991 2135 3046 minere.
2167 2991 2350 3062 Itaque
2372 3034 2387 3055 ,
2417 2992 2463 3047 si
2499 3008 2620 3063 quae
2668 2992 2814 3047 mille
2843 3006 2907 3048 ac
2961 2991 3152 3063 viginti
3207 3006 3481 3048 annorum

1909 3082 2085 3152 spatio
2116 3083 2276 3152 paulo
2306 3082 2569 3154 insignior
2598 3091 2849 3139 occurret
2879 3083 3126 3149 historia,
3169 3097 3292 3138 eam
3327 3097 3480 3138 com-

232 3179 605 3250 πεντηκοστῆς
634 3178 888 3249 πέμπτης
943 3153 1298 3247 Ὀλυμπιάδος
1333 3177 1425 3230 ἐπὶ
1457 3177 1718 3246 Ὤγυγον,
1747 3174 1805 3240 ὃς

1910 3174 2069 3228 mode
2097 3188 2198 3229 suo
2228 3174 2348 3229 loco
2375 3153 2645 3229 dabimus.
2700 3192 2719 3225 ι
2762 3173 3015 3245 Idemque
3069 3174 3258 3245 paucis
3310 3175 3480 3230 inter-

229 3270 448 3326 ἔκτισεν
486 3270 778 3325 Ἐλευσῖνα.
808 3268 968 3323 Ὅθεν
999 3268 1393 3341 ὲπισημότερόν
1421 3269 1538 3321 ἐστι
1573 3268 1806 3322 καταλα-
1852 3302 1855 3303 ν

230 3364 349 3415 δεῖν
374 3361 475 3434 τὴν
515 3361 762 3433 Ἀττικὴν
790 3362 1213 3434 χρονογραφίαν.
1244 3380 1262 3412 ›
1315 3361 1425 3414 Καὶ
1453 3361 1572 3432 μεθ’
1605 3361 1800 3434 ἕτερα⁸

237 3456 379 3510 «Καὶ
402 3453 639 3509 τοσαῦτα
667 3454 766 3526 μὲν
789 3456 895 3527 πρὸ
923 3453 1168 3523 Ὠγύγου.
1188 3453 1346 3507 Κατὰ
1372 3454 1429 3507 δὲ
1454 3455 1581 3517 τοὺς
1612 3453 1803 3507 τούτου

228 3552 458 3625 χρόνους
500 3550 693 3622 ἐξῆλθε
756 3551 961 3622 Μωσῆς
1001 3551 1097 3603 ἀπ’
1124 3548 1420 3618 Αἰγύπτου.
1454 3549 1567 3602 Καὶ
1598 3548 1674 3612 ὡς
1705 3550 1805 3603 οὐκ

226 3640 457 3695 ἄπιστον
480 3640 602 3694 τότε
632 3640 804 3694 ταῦτα
831 3639 1123 3712 συμϐῆναι,
1149 3639 1434 3710 δείκνυμεν
1459 3637 1650 3702 οὕτως.
1669 3638 1803 3691 Ἀπὸ

222 3731 326 3803 τῆς
357 3732 540 3800 ἐξόδου
566 3732 812 3795 Μωσέως
868 3731 960 3784 ἐπὶ
993 3730 1194 3802 Κῦρον,
1223 3730 1282 3794 ὃς
1313 3729 1631 3783 ὲὸασίλευσε
1662 3729 1801 3801 μετὰ

218 3823 324 3896 τὴν
358 3823 730 3895 αἰχμαλωσίαν
750 3863 765 3888 ,
813 3823 909 3894 ἐτη
949 3821 1135 3895 ,ασλζκ
1162 3822 1406 3886 Μωσέως
1436 3821 1562 3894 γὰρ
1591 3821 1684 3894 ἔτη
1731 3820 1802 3875 τὰ

221 3917 387 3971 λοιπὰ
417 3917 858 3988 τεσσαράκοντα·
902 3914 1077 3986 Ἰησοῦ
1123 3913 1216 3968 τοῦ
1252 3915 1367 3985 μετ’
1414 3914 1618 3967 ἐκεῖνον
1659 3915 1799 3985 ἡγη-

224 4009 465 4081 σαμένου
513 4008 606 4080 ἔτη
653 4015 767 4061 κε’·
825 4006 1208 4079 πρεσϐυτέρων
1256 4005 1349 4077 ἔτη
1396 4005 1462 4071 λ’,
1509 4005 1616 4059 τῶν
1661 4005 1797 4077 μετά

235 4101 412 4174 Ἰησοῦ
462 4101 702 4173 κριτῶν·
741 4101 848 4154 τῶν
897 4101 956 4155 δὲ
1010 4103 1068 4154 ὲν
1105 4102 1176 4170 τῇ
1234 4099 1401 4169 βίϐλῳ
1438 4099 1545 4153 τῶν
1596 4099 1798 4172 κριτῶν

223 4193 629 4267 περιεχομένων
657 4192 751 4263 ἔτη
777 4197 861 4259 uL,’
880 4206 895 4222 ο
934 4189 1123 4262 ἱερέων
1149 4190 1205 4244 δὲ
1240 4190 1389 4244 Ἠλεὶ
1421 4191 1514 4244 καὶ
1546 4189 1798 4262 Σαμουὴλ

222 4286 317 4357 ἔτη
355 4290 426 4352 l1"
464 4285 571 4337 τῶν
603 4284 658 4338 δὲ
683 4284 808 4355 ἑξῆς
844 4283 1105 4354 βασιλέων
1119 4282 1385 4354 Ἐϐραίων
1410 4282 1505 4353 ἔτη
1534 4282 1796 4354 τετρακό-

222 4395 313 4432 σια
347 4383 431 4446 μ’·
478 4374 547 4451 ἦς
589 4378 651 4431 τὸ
682 4378 989 4431 τελευταῖον
1015 4375 1125 4447 (68)
1158 4374 1275 4439 έτος
1313 4371 1382 4447 ἦν
1426 4374 1611 4447 Κύρου
1647 4376 1797 4447 βασι-

220 4469 371 4534 λείας
410 4469 531 4533 έτος
563 4468 809 4539 πρῶτον,
840 4468 916 4531 ὡς
940 4466 1369 4539 προειρήκαμεν.
1407 4467 1530 4521 Ἐπί
1558 4467 1614 4521 δὲ
1646 4466 1795 4538 πρώ-
1825 4489 1868 4545 D

221 4580 323 4633 της
372 4561 731 4631 Ὀλυμπιάδος
772 4559 879 4613 ἀπὸ
915 4558 1160 4623 Μωσέως
1194 4557 1287 4629 ἔτη
1326 4564 1455 4629 ,ακ¹,
1496 4559 1652 4630 εἴπερ
1696 4558 1791 4612 ἐπὶ

220 4652 595 4723 πντηκοστῆς
607 4652 862 4723 πέμπτης
880 4651 997 4714 έτος
1012 4650 1225 4722 πρῶτον
1240 4649 1336 4720 έτη
1352 4668 1398 4721 γα
1405 4650 1530 4715 σλζη
1547 4652 1664 4705 Κάν
1681 4653 1792 4714 τοῖς

229 4744 559 4815 Ἑλληνικοῖς
598 4743 930 4813 συνέδραμεν
971 4744 999 4796 ὁ
1039 4742 1246 4813 χρόνος.
1278 4741 1433 4796 Μετὰ
1460 4741 1518 4795 δὲ
1558 4743 1791 4812 Ὤγυγον

213 4836 305 4891 διὰ
331 4836 433 4908 τὴν
457 4835 566 4891 ἀπὸ
595 4834 692 4890 τοῦ
728 4832 1116 4921 κατακλυσμοῦ
1139 4833 1339 4907 πολλὴν
1365 4834 1568 4906 φθορὰν
1598 4835 1788 4889 ἀϐασί-

286 4989 399 5059 (64)
443 4988 633 5043 Ταῦτα
675 4986 784 5058 τὰρ
817 4988 1012 5059 Ἀθηντ
1045 4989 1232 5055 ἱστορ.
1270 4984 1449 5039 Malim
1478 4985 1650 5039 ταῦτα
1681 4987 1788 5059 γάρ

217 5058 543 5128 ἱστοροῦσιν,
579 5059 756 5114 deleto
794 5058 1113 5128 Ἀθηναίων.

284 5077 331 5113 το
402 5076 543 5123 υσιν,
579 5075 756 5114 (1818ιο
798 5075 1113 5128 Ἀθηναιων.

284 5075 399 5200 (δίέἶ
438 5131 545 5183 Ἕκ
576 5145 660 5182 τε.
701 5129 967 5200 Ριιτιίοιιιο
1007 5145 1101 5196 τε,
1146 5136 1242 5183 aut
1281 5126 1638 5199 expungenda
1670 5136 1784 5191 est,

213 5212 307 5256 aut
339 5200 547 5270 aliquid
573 5199 722 5254 aliud
749 5200 1009 5270 postulat.

284 5270 397 5339 (66)
431 5268 762 5339 Ἀἴγυπτε-ον.
825 5268 954 5323 Dele
981 5269 1125 5324 hanc
1163 5282 1351 5324 vocem
1375 5311 1390 5337 ,
1443 5276 1537 5323 aut
1583 5281 1786 5337 repone

209 5339 305 5393 ἀπ’
333 5340 628 5409 Αἰγύπτου.

280 5410 396 5478 (67)
412 5407 839 5478 ᾍειχθήσεται.
866 5407 1024 5462 Forte
1046 5407 1370 5478 δεικνύεται.

280 5419 396 5533 (67)
434 5419 839 5478 Δειχθῆσεται.
868 5419 1024 5462 Forte
1046 5419 1370 5463 δεικνυεται.

278 5482 384 5551 (68,
429 5476 538 5551 ’ᾙς
573 5479 642 5551 r6
668 5479 1031 5551 τελευταίον.
1080 5476 1241 5533 Deest
1277 5480 1364 5551 hic
1397 5476 1625 5551 aliquid.
1658 5474 1781 5551 Quo

210 5545 352 5604 enim
373 5545 440 5603 ’τὸ
466 5545 535 5622 ἦς
562 5549 863 5622 referatur?
913 5545 1076 5622 [forte
1113 5557 1238 5622 ante
1294 5549 1438 5622 hunc
1486 5545 1778 5622 articulum

210 5616 502 5700 scripsegit'
534 5619 853 5700 Africanus,
892 5617 1006 5700 τῆς.
1034 5617 1102 5700 δ’.
1126 5617 1500 5700 αἰχμαλωσίας
1549 5616 1780 5700 έϐδομῄ-

210 5686 390 5744 κοντα.
411 5690 572 5744 Certe
597 5690 737 5758 όμάς
773 5690 861 5742 illa
897 5688 1044 5758 mille
1059 5686 1428 5758 ducentorum
1458 5702 1524 5741 ac
1552 5686 1774 5755 triginta

214 5770 414 5830 septem
459 5755 761 5827 annorum,
795 5773 929 5829 quos
959 5757 1032 5833 ab“
1059 5755 1244 5812 Exodo
1275 5759 1341 5813 ad
1366 5756 1567 5829 Cyrum
1605 5772 1775 5831 usque

1901 3264 2064 3335 jectis
2103 3281 2117 3317 :
2149 3284 2168 3317 ι
2200 3264 2466 3322 Volumus
2508 3265 2688 3337 igitur,
2723 3266 2932 3336 inquit,
2958 3266 3145 3336 scripti
3176 3269 3340 3322 etiam
3375 3267 3480 3322 hu-

1901 3356 1992 3426 jus
2022 3356 2344 3412 auctoritate
2372 3355 2516 3423 freti,
2541 3354 2781 3428 Ogygem
2808 3356 2982 3421 illum,
3015 3357 3109 3426 qui
3153 3358 3298 3428 quod
3341 3358 3477 3413 hau-

1905 3447 2006 3502 stis
2040 3462 2306 3518 aquarum
2336 3448 2389 3502 vi
2418 3448 2856 3518 quamplurimis,
2886 3448 3070 3504 salvus
3103 3457 3157 3502 et
3185 3450 3476 3505 incolumis

1903 3547 2168 3606 evaserat,
2204 3539 2381 3609 primo
2409 3539 2616 3593 diluvio
2660 3556 2858 3594 nomen
2884 3540 3050 3606 dedit,
3081 3540 3226 3594 circa
3262 3552 3476 3611 tempus

1905 3632 2058 3697 illud,
2086 3646 2196 3703 quo
2222 3634 2455 3704 populus
2481 3649 2545 3687 ex
2577 3631 2813 3704 Egypto
2850 3649 2972 3687 cum
3006 3632 3153 3689 Mose
3180 3624 3432 3704 migravit
3456 3676 3473 3701 ,

1903 3724 2194 3780 exstitisse.
2224 3723 2281 3780 ld
2304 3725 2448 3795 quod
2483 3726 2629 3779 hunc
2661 3724 2717 3778 in
2752 3726 2973 3780 modum
3005 3724 3347 3781 conﬁcimus.
3390 3726 3474 3782 Ab

1901 3815 2081 3888 Ogyge
2132 3818 2199 3871 ad
2248 3819 2478 3888 primam
2524 3817 2883 3889 Olympiadem
2936 3819 3065 3873 anni
3099 3827 3362 3886 putantur
3392 3819 3473 3873 vi-

1900 3909 2036 3983 ginti
2061 3924 2225 3979 supra
2260 3908 2443 3964 mille:
2478 3909 2547 3963 ab
2591 3907 2895 3979 Olympiade
2929 3910 3103 3978 prima
3130 3909 3197 3964 ad
3229 3907 3467 3978 primum

1899 3999 2362 4071 quinquagesima:
2393 4000 2597 4070 quintae
2623 4012 2828 4052 annum
2857 4038 2872 4063 ,
2923 4000 3014 4070 qui
3070 4000 3280 4070 primus
3338 3998 3471 4054 item

1899 4091 2025 4163 Cyri
2057 4090 2196 4160 regis
2225 4104 2401 4144 annus
2435 4099 2552 4154 est,
2602 4088 2852 4159 idemque
2873 4090 3203 4161 captivitatis
3231 4089 3471 4146 Judaicaa

1899 4183 2045 4249 ﬁnis,
2070 4182 2200 4237 anni
2258 4180 2640 4251 septemdecim
2673 4195 2836 4251 supra
2864 4180 3130 4237 ducentos
3163 4201 3176 4237 :
3227 4196 3357 4253 ergo
3400 4184 3470 4237 ab

1898 4273 2076 4345 Ogyge
2103 4273 2172 4333 ad
2197 4271 2398 4343 Cyrum
2428 4286 2623 4342 usque,
2650 4271 2778 4325 anni
2805 4272 3026 4342 triginta
3068 4281 3271 4342 septem
3302 4288 3468 4344 supra

1897 4367 2043 4422 mille
2076 4380 2140 4422 ac
2187 4365 2448 4422 ducentos
2496 4378 2685 4419 omnes
2735 4364 3083 4452 colliguntur.
3147 4364 3309 4432 Jam,
3370 4368 3468 4439 qui

1898 4474 2119 4515 sursum
2144 4471 2334 4513 versus
2364 4455 2432 4510 ab
2462 4456 2611 4511 exitu
2642 4456 2969 4525 captivitatis
3002 4472 3176 4513 annos
3220 4467 3468 4514 retexere

1894 4551 2146 4617 voluerit,
2177 4550 2224 4605 is
2253 4549 2477 4620 triginta
2509 4556 2715 4621 septem
2755 4562 2919 4617 supra
2946 4548 3093 4605 mille
3113 4564 3178 4604 ac
3204 4550 3467 4609 ducentos

1895 4641 2218 4699 revolvendo
2245 4639 2573 4703 numerabit,
2601 4641 2705 4693 hoc
2726 4647 2807 4693 est
2849 4639 2990 4693 idem
3021 4648 3250 4709 prorsus
3293 4641 3465 4695 inter-

1893 4735 2095 4791 vallum
2126 4734 2194 4789 ad
2247 4748 2373 4789 eum
2416 4746 2592 4802 usque
2641 4746 2885 4796 annum,
2941 4746 3050 4801 quo
3105 4731 3343 4802 primum
3394 4749 3463 4791 ex

1894 4827 2128 4899 Egypto
2163 4840 2257 4897 per
2286 4823 2526 4897 Moysem
2560 4822 2788 4879 eductus
2823 4824 2988 4879 Israel
3014 4833 3133 4891 est,
3178 4824 3322 4895 quod
3360 4826 3459 4881 abs

1892 4990 2172 5048 numerat,
2210 4996 2279 5035 ex
2328 4980 2777 5049 consequentium
2828 4993 3093 5033 annorum
3138 4978 3460 5034 collectione

1891 5069 2001 5107 non
2023 5052 2268 5116 exsistet,
2285 5052 2391 5105 nisi
2421 5051 2521 5105 hos
2545 5049 2886 5118 septuaginta
2913 5050 3136 5117 insuper
3157 5049 3453 5103 addideris:

1890 5123 2106 5179 tametsi
2135 5131 2193 5177 ut
2224 5122 2435 5177 deesset
2464 5121 2688 5175 oumino
2720 5119 2887 5183 nihil,
2913 5119 3130 5175 duobus
3158 5128 3211 5173 et
3240 5127 3458 5187 septua-

1889 5194 2043 5262 ginta
2083 5207 2221 5264 opus
2248 5199 2412 5264 esset.
2460 5188 2597 5243 Nam
2623 5189 2880 5245 detractis
2909 5189 3248 5264 septuaginta
3269 5226 3284 5251 ,
3320 5203 3456 5264 con-

1888 5257 2028 5317 fiunt
2053 5257 2217 5318 médo
2246 5262 2392 5315 mille
2415 5269 2629 5313 rentum
2656 5270 2711 5313 et
2740 5257 3020 5324 sexaginta
3047 5259 3309 5328 quinque,
3332 5257 3458 5327 qui-

1888 5334 1992 5403 bus
2039 5333 2381 5403 septuaginta
2427 5329 2818 5403 siaddideris,
2871 5328 3008 5403 1255
3040 5328 3333 5403 habiturus
3369 5342 3453 5382 es.

1890 5402 2016 5467 Sed,
2056 5396 2281 5473 opinor,
2317 5399 2999 5473 anniMoysisoctogesimi
3025 5406 3234 5473 partem
3267 5398 3447 5473 adnu-

1886 5467 2110 5537 merat;
2144 5482 2198 5526 et
2231 5486 2432 5525 annum
2466 5467 2793 5538 captivitatis
2821 5467 3279 5537 septuagesimum
3311 5467 3453 5525 ultra

1885 5542 2011 5613 Cyri
2038 5543 2296 5613 primum
2367 5542 2645 5594 mensibus
2714 5540 2921 5607 aliquot
2971 5538 3281 5613 e‘scurrisse
3347 5552 3453 5607 pu-

1887 5608 1984 5666 ta't.
2035 5608 2167 5665 Eam
2202 5613 2347 5665 enim
2397 5624 2666 5665 summam
2699 5623 2807 5662 non
2866 5623 2932 5661 ex
2976 5608 3320 5662 librariorum
3361 5625 3450 5662 er-

1884 5697 2028 5743 rore,
2059 5683 2152 5736 sed
2180 5681 2418 5735 Africani
2445 5694 2512 5734 ex
2538 5687 2718 5733 mente
2745 5677 3031 5733 conﬂatam
3079 5694 3201 5733 esse
3236 5687 3455 5739 constat

1883 5766 1947 5808 ex
1984 5752 2359 5826 sequentibus,
2396 5750 2486 5805 ubi
2524 5749 2720 5821 saepius
2751 5748 2938 5805 eadem
2968 5748 3296 5806 inculcetur.
