3842 6226
367 308 475 362 815

1012 305 1278 360 EUSEBII
1310 303 1782 359 (ΙᾸΞΞΛΠΙΕΝΒΙΞ
1811 303 1942 358 ΟΡΡ

2047 301 2182 356 ARS
2215 299 2278 355 11.
2319 327 2393 342 -
2419 295 2920 354 APOLOGETICA.

3502 289 3608 345 8l6

368 423 818 495 quinquagesima
865 423 1051 490 quinta
1092 423 1395 493 Olympiade
1429 423 1494 476 ad
1542 421 1809 494 Ogygem,
1845 420 1939 490 qui

2047 420 2226 478 λευτος
2241 418 2455 488 ἔμεινεν
2473 419 2504 487 ή
2521 415 2614 468 νῦν
2632 414 2850 484 Ἀττικὴ
2867 411 3032 484 μέχρι
3047 410 3330 483 Κέκροπος
3348 410 3443 480 ἐτη
3465 409 3606 481 ρπθ¹ο

371 516 678 572 Eleusinem
723 515 985 575 condidit.
1019 529 1306 569 excurrere
1354 516 1556 570 dictum
1615 524 1715 569 est.
1764 515 1940 582 Atque

369 608 494 664 inde
522 607 740 677 quidem
797 604 1063 674 insignius
1093 605 1282 659 Attica:
1319 607 1689 671 chronologize
1736 603 1934 674 princi-

367 703 520 774 pium
573 701 695 755 duci
744 708 938 768 potest.
991 717 1008 749 ι
1046 697 1354 768 lterumque
1385 707 1505 768 post
1527 695 1632 750 alia
1649 695 1936 769 quzedam:

379 811 398 844 ι
423 791 622 848 Verum
641 791 706 847 de
725 800 963 859 tempore
1008 788 1242 858 Ogygem
1305 797 1617 856 antegresso
1658 787 1938 839 hactenus.

369 885 633 938 Cancrum
663 882 807 937 illius
834 891 1096 950 tempore,
1123 880 1357 933 excessit
1382 879 1450 932 ab
1477 877 1709 948 Egypto
1741 877 1939 938 Moses,

369 975 423 1031 id
454 973 600 1045 quod
647 972 758 1028 veri
789 987 952 1042 quam
1005 970 1182 1026 simile
1221 970 1328 1033 sit,
1393 970 1537 1023 hunc
1601 969 1653 1021 in
1719 967 1942 1021 modum

368 1066 728 1123 ostendimus.
755 1065 839 1118 Ab
865 1063 1010 1118 exitu
1042 1061 1207 1116 Mosis
1234 1062 1298 1116 ad
1327 1061 1547 1133 Cyrum,
1581 1059 1674 1128 qui
1705 1068 1825 1128 post
1853 1073 1944 1111 ca-

368 1159 668 1232 ptivitatem
697 1155 960 1227 regnavit,
998 1155 1124 1210 anni
1154 1161 1415 1224 putantur
1447 1151 1594 1206 mille
1619 1166 1683 1205 ac
1723 1148 1942 1204 ducenti

369 1267 494 1308 cum
530 1250 752 1320 triginta
805 1257 1029 1318 septem.
1055 1244 1220 1300 Mosis
1249 1245 1394 1300 enim
1429 1242 1624 1312 reliqui
1670 1242 1738 1295 ab
1761 1257 1943 1311 egres-

371 1357 435 1398 su
472 1341 600 1394 anni
640 1337 997 1408 quadraginta
1028 1343 1156 1391 sunt
1185 1353 1197 1388 :
1231 1332 1381 1398 Jesu,
1408 1332 1503 1402 qui
1533 1330 1831 1387 secundum
1880 1327 1945 1381 il-

371 1434 484 1486 lum
517 1431 718 1502 populo
742 1427 1058 1485 deducendo
1080 1425 1316 1496 prmfuit,
1348 1424 1588 1496 quinque
1619 1437 1681 1476 ac
1709 1421 1899 1491 viginti
1927 1437 1938 1472 :

372 1523 670 1586 seniorum,
695 1521 786 1591 qui
821 1528 941 1590 post
968 1518 1154 1574 Jesum
1186 1517 1395 1588 judices
1450 1515 1623 1579 fuere,
1679 1513 1940 1585 triginta:

369 1612 620 1669 iudicum
651 1613 918 1675 omnium,
953 1610 1046 1680 qui
1094 1609 1313 1680 proprio
1345 1608 1588 1677 ipsorum
1621 1605 1762 1660 libro
1808 1620 1943 1660 con--

372 1708 630 1771 tinentur,
655 1704 947 1772 nonaginta
989 1716 1152 1772 supra
1179 1700 1604 1770 quadringentos
1632 1716 1644 1752 :
1681 1698 1934 1754 sacerdo-

2041 509 2145 562 Τὸν
2179 509 2289 580 γάρ
2320 508 2455 578 μετὰ
2493 507 2729 574 Ὤγυγον
2779 505 3059 566 Ἀκταῖον,
3091 502 3125 572 ἢ
3166 503 3236 555 τά
3264 501 3613 572 πλασσόμενα

2043 601 2146 654 τῶν
2171 600 2448 670 ὀνομάτων
2468 639 2482 663 ,
2519 598 2640 650 οὐδὲ
2669 595 2921 665 γενέσθαι
2954 595 3087 664 φησὶ
3118 594 3422 665 Φιλόχορος.
3453 613 3473 645 ι
3503 594 3614 646 Καὶ

2041 687 2196 752 αὖθις
2216 706 2229 719 ·
2272 709 2290 741 ι
2316 685 2448 742 Ἀπὸ
2483 686 2713 754 Ὠγύγου
2744 685 2923 738 τοίνυν
2951 685 3042 737 ἐπὶ
3070 683 3273 752 Κῦρον,
3303 683 3474 736 ὁπόσα
3507 683 3616 736 ἀπὸ

2043 778 2284 840 Μωσέως
2312 779 2403 830 ἐπὶ
2433 777 2524 830 τὸν
2587 775 2747 829 αὑτὸν
2774 774 2961 845 χρόνον
2979 815 2993 839 ,
3021 774 3118 845 ἐτη
3146 773 3326 844 ,ασλζκ
3360 774 3469 826 Καὶ
3493 773 3614 826 Ἐλ-

2042 870 2217 940 λήνων
2250 869 2307 922 δέ
2357 887 2500 932 τινες
2541 866 2813 938 ἱστοροῦσι
2843 866 2982 919 κατᾶ
3009 867 3136 930 τοὺς
3165 867 3361 928 αὐτοὺς
3389 865 3614 934 χρόνους

2043 960 2297 1031 γενέσθαι
2325 961 2528 1015 Μωσέα
2552 977 2565 990 ’
2596 959 2852 1030 Πολέμων
2875 962 2933 1011 ἐν
2960 961 3025 1028 τῇ
3049 957 3240 1030 πρώτῃ
3261 957 3366 1010 τῶν
3395 959 3614 1025 Ἐλλη-

2041 1053 2226 1107 νικῶν
2243 1051 2522 1121 ἱστοριῶν
2539 1053 2742 1120 λέγων’
2779 1051 2901 1104 Ἐπὶ
2942 1050 3164 1112 Ἀπιδος
3196 1049 3290 1102 τοῦ
3324 1048 3616 1120 Φορωνέως

2045 1151 2208 1218 μοῖρα
2233 1145 2326 1200 τοῦ
2357 1145 2671 1215 Αἰγυπτίων
2702 1145 2935 1216 στρατοῦ
2965 1144 3217 1208 ἐξέπεσεν
3240 1142 3536 1210 Αἰγύπτου,
3565 1142 3615 1194 οἰ

2042 1239 2100 1291 ἐν
2130 1241 2196 1309 τῇ
2233 1238 2566 1308 Παλαιστίνῃ
2596 1235 2902 1306 καλουμένῃ
2939 1235 3107 1306 Συρίᾳ
3136 1235 3194 1288 ού
3225 1234 3412 1305 πόρρω
3457 1235 3617 1304 Ἀρα-

2043 1329 2165 1392 ϐίας
2186 1329 2429 1402 ῷκησαν,
2451 1328 2605 1382 αὐτοὶ
2624 1327 2864 1398 δηλονότι
2897 1327 2948 1379 οἱ
2981 1325 3118 1396 μετά
3133 1326 3395 1388 Μωσέως.
3415 1325 3616 1377 Ἀπίων

2042 1421 2098 1474 δὲ
2128 1423 2156 1474 ὁ
2181 1421 2550 1486 Ποσειδωνίου,
2581 1419 2997 1491 περιεργότατος
3018 1419 3436 1490 γραμματικῶν,
3469 1420 3524 1469 ἐν
3550 1421 3614 1488 τῇ

2045 1508 2196 1563 κατὰ
2223 1508 2528 1567 Ἰουδαίων
2545 1511 2709 1581 βίϐλῳ
2739 1510 2834 1563 καὶ
2891 1511 2949 1562 ἐν
2963 1509 3027 1579 τῇ
3045 1506 3280 1579 τετάρτῃ
3297 1508 3406 1562 τῶν
3437 1508 3625 1563 Ἰστο-

2038 1600 2191 1669 ριῶν
2206 1617 2337 1671 φησι
2360 1642 2374 1667 ,
2399 1599 2539 1653 κατά
2564 1601 2772 1670 Ἴναχον
2799 1598 3033 1668 Ἄργους
3063 1595 3286 1665 βασιλέα
3303 1637 3318 1660 ,
3353 1595 3621 1665 ’Λμὼσιος

2046 1691 2356 1761 Αἰγυπτίων
2401 1690 2811 1764 βασιλεύοντος.
2858 1687 3159 1757 ἀποστῆναι
3207 1676 3621 1750 Ἰουδαίους,ὧν

373 1809 488 1854 tum
541 1797 621 1851 Eli
688 1806 742 1852 et
791 1795 1052 1857 Samuel.
1111 1791 1446 1862 nonaginta:
1489 1792 1943 1860 consequentium

2047 1784 2298 1856 ἡγεῖσθαι
2333 1785 2561 1839 Μωσέα.
2629 1781 2920 1852 Μέμνηται
2955 1779 3011 1833 δὲ
3051 1781 3145 1834 καὶ
3197 1779 3476 1850 Ἡρόδοτος
3519 1780 3624 1849 τῆς

372 1907 558 1962 regum
583 1889 953 1952 Hebraeorum,
979 1885 1272 1955 nonaginta
1300 1898 1463 1954 supra
1493 1883 1942 1952 quadringentos,

373 1991 678 2055 sequuntur
708 1979 1034 2050 captivitatis
1054 1975 1392 2046 septuaginta
1424 1975 1610 2046 :cujus
1638 1983 1947 2046 postremus

373 2091 572 2140 annus,
599 2074 752 2145 regni
768 2073 890 2145 Cyri
927 2075 1136 2144 primus
1154 2072 1275 2140 fuit,
1299 2081 1360 2127 ut
1387 2072 1498 2142 jam
1530 2078 1656 2124 ante
1681 2068 1942 2124 diximus.

371 2165 686 2242 4901am
721 2181 752 2220 a
798 2163 948 2220 Mose
1001 2165 1067 2218 ad
1117 2163 1476 2234 Olympiadem
1528 2161 1760 2231 primam
1816 2158 1947 2213 anni

374 2257 550 2315 fluunt
576 2256 765 2326 viginti
793 2270 956 2326 supra
982 2254 1149 2316 mille.
1184 2269 1309 2309 cum
1341 2253 1410 2308 ab
1452 2251 1643 2308 eodem
1680 2249 1746 2304 ad
1781 2248 1946 2318 quin-

373 2346 703 2418 quagesimae
748 2344 949 2415 quintae
982 2358 1186 2398 annum
1219 2342 1488 2412 primum,
1538 2340 1684 2395 mille
1729 2338 1944 2394 ducenti

373 2453 499 2494 cum
552 2437 768 2508 triginta
821 2443 1026 2506 septem
1081 2443 1473 2498 numerentur,
1523 2431 1576 2485 in
1630 2445 1738 2500 quo
1789 2429 1947 2483 nobis

373 2531 536 2586 etiam
567 2545 688 2585 cum
714 2528 1025 2584 Graecorum
1070 2525 1406 2595 temporibus
1435 2523 1642 2595 optime
1673 2521 1941 2576 convenit.

373 2625 442 2678 At
463 2636 590 2677 vero
611 2630 732 2691 post
759 2618 1017 2690 Ogygem,
1059 2619 1204 2689 quod
1260 2618 1451 2687 ingens
1500 2616 1568 2670 ab
1616 2614 1710 2669 illo
1745 2613 1948 2668 diluvio

374 2722 666 2769 consecuta
702 2712 934 2766 vastitas
970 2721 1134 2776 esset,
1167 2725 1290 2780 quae
1317 2723 1463 2762 nunc
1487 2707 1660 2761 Attica
1707 2705 1908 2760 dicitur
1929 2744 1944 2767 ,

373 2820 436 2860 ea
465 2806 584 2860 sine
620 2803 836 2874 regibus
867 2817 1043 2856 annos
1087 2809 1304 2855 centum
1336 2807 1390 2853 et
1424 2797 1699 2866 octoginta
1728 2810 1944 2857 novem,

374 2898 441 2952 ad
471 2896 764 2964 Cecropem
793 2909 966 2964 usque
992 2893 1309 2963 permansit.
1332 2889 1572 2944 Actaeum
1596 2888 1740 2942 enim
1768 2887 1944 2950 illum,

374 2991 467 3060 qui
495 2997 615 3059 post
643 2986 876 3058 Ogygem
913 2995 1256 3046 recensetur,
1301 2997 1531 3052 quaeque
1559 2981 1814 3049 deinceps
1846 2978 1948 3032 lino

375 3089 573 3150 guntur
615 3078 855 3141 nomina,
887 3073 1245 3127 Philochorus
1289 3086 1358 3126 ne
1397 3071 1672 3127 exstitisse
1725 3069 1944 3140 quidem

2047 1875 2382 1938 (incuruata;
2427 1875 2664 1946 ταύτης,
2711 1874 2806 1927 καὶ
2855 1870 3121 1942 ’ᾼμώσιος
3157 1872 3214 1923 ἐν
3251 1873 3318 1941 τῇ
3354 1870 3616 1940 δευτέρᾳ·

2046 1969 2231 2037 τρόπῳ
2269 1966 2326 2020 δέ
2360 1983 2466 2019 τινι
2509 1967 2604 2020 καὶ
2647 1965 2916 2019 Ἰουδαίων
2967 1963 3166 2025 αὐτῶν,
3214 1965 3270 2015 ἐν
3316 1965 3426 2024 τοῖς
3466 1979 3625 2033 περι-

2046 2057 2395 2128 τεμνομένοις
2414 2057 2610 2120 αὐτοὺς
2636 2053 3013 2128 καταριθμῶν,
3030 2056 3124 2108 καὶ
3163 2053 3478 2125 Ἀσσυρίους
3498 2056 3626 2117 τοὺς

2047 2151 2106 2204 ἐν
2135 2153 2198 2222 τῇ
2231 2149 2558 2226 Παλαιστίνῃ
2587 2151 2901 2214 ἀποκαλῶν,
2926 2151 3067 2220 τάχα
3095 2149 3162 2203 δι’
3203 2147 3469 2220 Ἀϐραάμ.
3487 2149 3626 2201 Πτο-

2049 2241 2268 2312 λεμαῖος
2294 2241 2350 2294 δὲ
2377 2243 2406 2294 ὁ
2426 2243 2744 2314 Μενδήσιος,
2761 2242 2831 2296 τὰ
2851 2243 3160 2311 Αἰγυπτίων
3191 2238 3452 2294 ἀνέκαθεν
3476 2241 3626 2292 ἱστο-

2051 2333 2180 2404 ρῶν,
2227 2332 2400 2386 ἆπασι
2439 2332 2648 2397 τούτοις
2682 2332 2995 2403 συντρέχει·
3023 2330 3165 2384 ὥστε
3207 2329 3316 2382 οὐδ’
3356 2328 3627 2400 ἐπίσημος

2049 2426 2141 2476 ἐπὶ
2166 2423 2325 2476 πλέον
2352 2426 2385 2495 ή
2412 2423 2522 2477 τῶν
2549 2425 2755 2495 χρόνων
2788 2424 3140 2495 παραλλαγή.
3171 2422 3513 2494 Σήμειωτέον
3542 2423 3626 2489 δὲ,

2047 2519 2122 2582 ὡς
2165 2521 2194 2572 ὃ
2229 2519 2282 2572 τί
2323 2536 2452 2572 ποτε
2485 2519 2759 2592 ἐξαίρετον
2795 2519 3020 2587 Ἕλλησι
3050 2519 3116 2571 δι’
3155 2518 3488 2589 ἀρχαιότητα
3533 2534 3630 2586 μυο

2048 2609 2285 2676 θεύεται,
2323 2612 2459 2682 μετά
2488 2613 2690 2666 Μωσέα
2719 2611 2866 2665 τοῦθ’
2892 2612 3222 2683 εὑρίσκεται,
3250 2608 3631 2681 κατακλυσμοῑ

2048 2721 2106 2756 τε
2156 2703 2250 2756 καὶ
2294 2703 2668 2775 ἐκπυρώσεις,
2738 2703 3100 2776 Προμηθεὺς,
3159 2703 3276 2771 Ἰὼ,
3350 2701 3626 2774 Εὐρώπη,

2049 2797 2288 2866 Σπαρτοί
2319 2797 2452 2868 (69),
2484 2798 2670 2869 Κόρης
2701 2796 2947 2868 ἁρπαγὴ,
2979 2798 3268 2868 μυστήρια,
3293 2795 3628 2865 νομοθεσίαι,

2048 2887 2300 2942 Διονύσου
2337 2889 2861 2960 πράξεις,Περσεὺς,
2891 2887 3264 2960 Ἀργοναῦται,
3297 2888 3628 2957 Κένταυροι,

2047 2980 2422 3052 Μινώταυρος,
2453 2980 2522 3033 τὰ
2547 2981 2675 3052 περὶ
2701 2979 2880 3044 Ἴλιον,
2909 2975 3060 3033 ἆθλοι
3099 2978 3426 3050 Ἡράκλειοι,
3457 2977 3630 3046 Ἦρα-

2051 3069 2276 3124 κλειδῶν
2305 3069 2529 3133 κάθοδος
2548 3109 2562 3132 ,
2599 3069 2791 3122 Ἰώνων
2827 3068 3052 3122 ἀποικία
3071 3107 3085 3130 ,
3117 3068 3210 3120 καὶ
3244 3066 3628 3137 Ὀλυμπιάδες.

375 3133 599 3226 omnino
625 3169 928 3223 conlirmat.
961 3186 980 3218 ι
1012 3164 1078 3218 Ει
1124 3179 1314 3218 rursus
1348 3204 1358 3214 .
1403 3180 1422 3214 ι
1474 3160 1617 3232 Ergo
1646 3161 1715 3215 ab
1740 3158 1942 3231 Ogyge,

2057 3160 2243 3229 Ἔδοξε
2273 3162 2332 3215 δέ
2377 3179 2464 3233 μοι
2501 3162 2601 3232 τῆς
2651 3160 2904 3230 Ἀττικῆς
2939 3160 3212 3231 βασιλείας
3248 3160 3335 3212 τὸν
3366 3133 3632 3231 προειρηο

377 3262 575 3330 inquit,
607 3259 672 3314 ad
702 3257 903 3328 Cyrum
932 3271 1106 3326 usque
1131 3255 1466 3309 tantumdem
1486 3267 1946 3322 numeres,quan-

377 3359 490 3406 tum
519 3350 583 3405 ad
615 3349 864 3404 eumdem
898 3363 928 3402 a
958 3346 1125 3416 Mose,
1155 3349 1257 3401 hoc
1285 3355 1370 3401 est
1403 3359 1577 3399 annos
1609 3344 1872 3399 ducentos
1894 3353 1948 3398 et

379 3443 596 3513 triginta
650 3449 853 3510 septem
911 3455 1073 3509 supra
1127 3439 1291 3493 mille.
1339 3437 1408 3492 Et
1451 3452 1579 3491 vero
1629 3435 1943 3491 Graecorum

376 3549 510 3590 sane
539 3533 785 3587 nonnulli
825 3530 1028 3586 Mosem
1063 3531 1165 3586 sub
1213 3529 1403 3585 eadem
1456 3538 1699 3598 tempora
1747 3529 1948 3584 vixisse

376 3631 664 3680 testantur.
699 3620 856 3686 Nam,
887 3620 1106 3677 Polemo
1148 3620 1405 3691 quidem,
1453 3620 1593 3674 libro
1641 3618 1945 3674 Crwcarum

377 3715 718 3768 historiarum
749 3713 946 3784 primo,
975 3712 1250 3782 conceptis
1298 3711 1478 3765 verbis
1511 3711 1706 3776 habet,
1758 3710 1948 3780 Apidis

379 3805 646 3861 Phoronei
678 3804 772 3859 lilii
802 3813 1065 3875 tempore,
1092 3803 1364 3858 exercitus
1395 3801 1700 3874 Egyptiaci
1734 3814 1942 3872 partem

378 3913 500 3954 sese
543 3897 612 3952 ab
645 3896 877 3968 Egyth
913 3897 1274 3961 subduxisse,
1320 3905 1484 3966 atque
1536 3895 1590 3950 in
1624 3893 1944 3963 Palaestina,

378 4006 541 4063 quam
567 3989 779 4060 Syriam
822 3998 1036 4052 vocant,
1063 3989 1209 4043 haud
1259 3987 1450 4057 procul
1485 3987 1553 4041 ab
1580 3987 1778 4042 Arabia
1813 4002 1947 4042 con-

380 4082 587 4138 sedisse
616 4099 630 4135 :
662 4081 783 4135 illos
815 4079 1072 4133 nimirum
1108 4081 1254 4149 ipsos
1288 4079 1591 4150 intelligens
1618 4119 1633 4144 ,
1678 4081 1770 4151 qui
1796 4079 1948 4136 Mose

382 4173 519 4228 duce
535 4171 759 4243 profecti
787 4179 933 4226 sunt.
977 4171 1112 4240 Apio
1133 4185 1258 4225 vero
1282 4169 1560 4226 Posidonii
1587 4171 1750 4239 ﬁlius,
1775 4173 1945 4227 idem-

379 4279 487 4334 que
535 4261 1014 4333 grammaticorum
1053 4263 1295 4316 omnium
1334 4263 1768 4328 curiosissimus,
1805 4263 1946 4318 libro

385 4356 635 4411 adversus
665 4353 905 4417 Judwos,
981 4361 1034 4405 et
1079 4349 1441 4408 Historiarum
1475 4363 1670 4423 quarto
1717 4355 1944 4419 scribit,

2058 3257 2217 3330 μένον
2249 3256 2516 3310 ἐκτιθέναι
2559 3255 2769 3326 χρόνον,
2817 3253 3172 3326 παρατιθέναι
3216 3252 3460 3322 μέλλοντι
3508 3257 3633 3316 ταῖς

2064 3349 2378 3420 Ἑϐραϊκαῖς
2417 3347 2677 3418 ἱστορίαις
2715 3347 2814 3410 τὰς
2857 3346 3190 3417 Ἑλληνικάς.
3243 3345 3486 3411 Ἐξὲσται
3520 3345 3633 3416 γάρ

2053 3440 2130 3512 τῷ
2163 3440 2501 3511 βουλομένῳ,
2551 3439 2677 3510 παρ’
2719 3437 2852 3510 ἐμοῦ
2900 3439 2994 3509 τὴν
3043 3437 3217 3509 ἀρχὴν
3245 3439 3630 3508 κομιζομένῳ,

2051 3532 2362 3604 λογίζεσθαι
2386 3533 2475 3584 τὸν
2510 3532 2743 3603 ἀριθμὸν
2770 3531 2972 3602 ὁμοίως
2996 3532 3138 3602 ἐμοί.
3169 3531 3378 3584 Οὐκοῦν
3407 3531 3519 3585 τῶν
3543 3550 3630 3602 χι-

2049 3625 2180 3678 λίων
2205 3625 2298 3678 καὶ
2326 3625 2496 3678 εἰκοσι
2529 3624 2698 3689 ἐτῶν,
2737 3624 2846 3677 τῶν
2877 3624 3037 3695 μέχρι
3067 3622 3289 3697 πρώτης
3328 3623 3634 3694 Ὀλυμπιά-

2047 3717 2136 3782 δος
2160 3717 2267 3771 ἀπὸ
2289 3715 2530 3779 Μωσέως
2558 3732 2614 3768 τε
2653 3716 2747 3768 καὶ
2781 3716 3006 3786 Ὠγύγου
3037 3716 3394 3786 ἐκκειμένων,
3427 3713 3631 3786 πρώτῳ

2054 3809 2152 3880 μὲν
2180 3809 2288 3862 ἔτει
2318 3807 2379 3861 τὸ
2408 3807 2600 3876 Πάσχα
2624 3849 2638 3872 ,
2669 3807 2763 3860 καὶ
2803 3807 2913 3860 τῶν
2953 3806 3220 3878 Ἐϐραίων
3248 3805 3424 3870 ἔξοδος
3464 3808 3498 3877 ὴ
3533 3808 3630 3860 ἀπ’

2049 3898 2323 3966 Αἰγύπτου
2345 3939 2358 3961 ,
2395 3897 2453 3950 ἐν
2489 3897 2544 3949 δὲ
2581 3900 2647 3968 τῇ
2684 3899 2904 3968 Ἀττικῇ
2942 3898 2970 3950 ὀ
3008 3899 3100 3950 ἐπὶ
3145 3898 3372 3967 Ὠγύγου
3417 3897 3632 3966 γίνεται

2050 3990 2465 4058 κατακλυσμός’
2503 3989 2596 4042 καὶ
2637 3988 2777 4042 κατά
2818 3989 2996 4057 λόγον.
3030 3989 3150 4042 Τῶν
3178 3990 3286 4061 γὰρ
3312 3989 3631 4057 Αἰγυπτίων

2046 4084 2184 4155 ὀργῇ
2218 4081 2354 4134 Θεοῦ
2391 4081 2655 4152 χαλάζαις
2699 4099 2760 4134 τε
2798 4082 2892 4134 καὶ
2925 4082 3155 4153 χειμῶσι
3191 4080 3628 4153 μαστιζομένων,

2045 4175 2192 4237 εἰκὸς
2234 4168 2302 4244 ἦν
2345 4173 2485 4245 μέρη
2532 4172 2650 4226 τινὰ
2697 4174 3034 4244 συμπάσχειν
3083 4175 3182 4245 τῆς
3231 4174 3358 4244 γῆς,
3391 4175 3474 4227 ὅτι
3502 4192 3565 4228 τε
3595 4189 3623 4219 ι

2062 4265 2375 4334 Ἀθηναίους
2421 4265 2530 4317 τῶν
2563 4264 2740 4319 αὐτῶν
2777 4267 3096 4335 Αἰγυπτίοις
3136 4267 3431 4321 ἀπολαύειν
3478 4267 3634 4330 εἰκὸς

2047 4350 2136 4426 ἦν,
2170 4355 2429 4417 ἀποίκους
2455 4353 2677 4407 ἐκείνων
2707 4355 3154 4424 ύπονοουμένους,
3189 4354 3264 4418 ὣς
3291 4372 3454 4424 φασιν
3475 4356 3632 4409 ἄλλοι

381 4439 583 4496 lnacho
617 4442 775 4512 Argis
814 4453 1104 4512 regnante,
1178 4441 1395 4499 Judmos
1445 4444 1582 4499 duce
1637 4445 1821 4510 Mose,
1876 4448 1943 4501 ab

2047 4465 2106 4500 τε
2141 4448 2234 4500 καί
2261 4448 2317 4499 ὲν
2369 4445 2445 4515 τῷ
2482 4445 2816 4515 Τρικαρήνῳ
2849 4446 3192 4518 Θεόπομπος.
3247 4447 3305 4500 Ὁ
3337 4447 3394 4501 δὲ
3421 4447 3632 4517 μεταξὺ

381 4536 569 4592 Amosi
628 4535 1002 4608 [Egyptiorum
1059 4553 1181 4606 rege
1230 4537 1511 4593 defecisse.
1566 4539 1736 4609 Cujus
1781 4541 1943 4595 etiam

380 4627 720 4696 defectionis,
751 4628 1022 4699 simulque
1053 4629 1292 4696 Amosis,
1322 4630 1460 4684 libro
1489 4631 1727 4686 secundo
1767 4629 1941 4686 liere-

380 4717 538 4773 dotus
565 4719 846 4774 meminit:
879 4721 988 4774 imo
1017 4729 1070 4773 et
1098 4722 1336 4790 ipsorum
1367 4736 1583 4790 quoque
1608 4721 1942 4787 Judzeorum,

378 4823 516 4878 quos
547 4808 600 4863 in
636 4810 1081 4866 circumcisorum
1129 4811 1356 4866 classem
1383 4813 1627 4881 reponit,
1680 4828 1744 4867 ac
1775 4812 1944 4868 Pala-

379 4895 536 4951 stina:
565 4897 816 4968 Assyrios
851 4900 1128 4962 nominat,
1181 4901 1342 4955 ducta
1389 4900 1633 4957 fortassis
1665 4919 1729 4956 ex
1775 4905 1942 4957 Abra-

376 4990 542 5046 liamo
571 4993 856 5063 utriusque
882 5009 1069 5049 causa.
1105 4993 1314 5060 Quibus
1337 5011 1461 5051 cum
1493 4997 1743 5052 omnibus
1765 4996 1944 5053 Ptole-

2052 4539 2241 4610 χρόνος
2273 4537 2731 4609 παραλέλειπται,
2769 4539 2826 4590 ἐν
2857 4532 2903 4606 ᾧ
2939 4537 3103 4608 μηδὲν
3135 4538 3407 4610 ἐξαίρετον
3428 4537 3634 4608 Ἕλλη-

2053 4647 2134 4682 σιν
2169 4629 2467 4700 ἱστόρηται.
2493 4627 2646 4681 Μετὰ
2674 4627 2732 4680 δέ
2765 4628 3007 4700 τέσσαρα
3041 4630 3134 4682 καί⁵
3156 4630 3512 4696 ἐννενήκοντα
3529 4629 3634 4701 ἐτη

2047 4717 2118 4792 ἦν
2160 4719 2510 4792 Προμηθεὺς,
2563 4719 2639 4783 ὥς
2681 4737 2856 4787 τινες,
2899 4721 2958 4785 ὃς
3003 4721 3262 4775 πλάσσειν
3305 4719 3635 4792 ἀνθρώπους

2051 4813 2343 4884 ἐμυθεύετο
2365 4828 2380 4843 ο
2415 4811 2576 4881 σοφὸς
2604 4811 2712 4883 γὰρ
2746 4811 2844 4874 ὢν,
2891 4815 2971 4876 εἰς
3013 4812 3260 4866 παιδείαν
3291 4813 3494 4877 αὐτοὺς
3519 4814 3636 4867 ἀπὸ

2047 4909 2145 4978 τῆς
2187 4907 2323 4974 ἄγαν
2367 4904 2630 4966 ἰδιωτείας
2689 4905 3042 4974 μετέπλαττε.
3094 4925 3112 4955 ι
3158 4905 3344 4958 Ταῦτα
3389 4906 3489 4976 μὲν
3534 4903 3636 4961 οὖν

2062 4995 2407 5067 Ἀφρικανός.
2437 4994 2778 5065 Μεταϐὦμεν
2804 4995 2847 5048 δ’
2879 4996 3040 5066 ἡμεῖς
3071 4995 3155 5065 ἐφ’
3185 4995 3390 5066 ἕτερον.

375 5098 513 5139 ωωο
547 5101 764 5156 quoque
814 5087 1110 5150 Mendesio,
1142 5090 1234 5160 qui
1292 5091 1361 5145 ab
1420 5092 1626 5146 ultimis
1664 5108 1834 5162 usque
1867 5095 2204 5166 temporibus
2233 5090 2611 5162 Egyptiorum
2661 5090 2813 5145 ducit
2839 5090 3150 5156 historiam,
3211 5090 3284 5146 ita
3346 5090 3633 5156 convenit,

374 5186 436 5232 ut
466 5178 606 5234 inter
633 5180 783 5250 ipsos
824 5183 970 5237 nul‘la
1021 5183 1136 5238 fere
1191 5184 1298 5240 nisi
1353 5186 1626 5242 levissima
1677 5199 1982 5259 temporum
2022 5187 2324 5246 differentia
2388 5186 2568 5241 notari
2613 5187 2806 5256 possit.
2839 5184 3106 5241 Cazterum
3135 5228 3152 5254 ,
3206 5186 3296 5241 hic
3328 5169 3635 5243 observan-

373 5273 504 5328 dum
557 5282 720 5330 etiam
777 5287 880 5344 est,
909 5279 1171 5349 quidquid
1203 5281 1365 5351 paulo
1397 5284 1575 5338 rarius
1639 5283 1708 5338 ob
1765 5293 2087 5340 vetustatem
2151 5281 2322 5339 Graeci
2373 5281 2703 5348 fabulantur,
2738 5279 2792 5334 id
2843 5295 3006 5335 omne
3037 5278 3184 5336 Mose
3243 5281 3518 5349 posterius
3547 5281 3636 5334 in-

371 5367 576 5434 veniri,
631 5369 873 5431 diluvia,
923 5371 1205 5438 incendia,
1257 5371 1673 5440 Prometheum,
1733 5375 1821 5441 lo,
1880 5375 2186 5446 Europam,
2248 5379 2266 5396 ‘
2327 5370 2668 5439 Proserpinae
2743 5380 2959 5440 raptum
2991 5409 3006 5434 ,
3073 5370 3374 5440 mysteria.
3445 5370 3632 5434 letum

372 5463 703 5531 sanctiones,
761 5466 958 5523 Bacchi
1011 5479 1198 5540 gesta,
1260 5468 1552 5537 Perseum,
1604 5471 1980 5543 Argonautas,
2030 5473 2364 5533 Centauros,
2421 5467 2825 5534 Minotaurum,
2878 5481 2967 5521 res
3023 5464 3324 5537 Trojanas,
3379 5461 3634 5520 Herculis

444 5592 470 5620 α
512 5580 598 5635 τσ.
639 5581 783 5646 τούς.

446 5674 556 5744 (69)
599 5677 875 5743 Σπαρτοί.
931 5675 1300 5745 Supplendum
1336 5677 1533 5736 credo.
1579 5677 1664 5732 vel
1696 5677 1940 5742 ὀδόντες,

703 5677 875 5756 ξρτοι.
931 5675 1551 5756 δμρρξεηᾳᾳιηεηςᾶολ
1579 5677 1669 5756 vel
1696 5677 1940 5756 ὀδόντες,
2048 5686 2171 5756 post
2201 5678 2512 5756 Europam,
2566 5679 2634 5734 de
2660 5678 2870 5734 Cadmo
2912 5675 3210 5756 Cadmique
3253 5673 3526 5756 militibus
3560 5688 3629 5728 ex

374 5745 456 5798 vel
501 5745 861 5816 στρατιῶται,
909 5749 992 5801 vel
1031 5747 1234 5817 aliquid
1277 5748 1474 5802 simile.
1511 5746 1750 5804 Omnino
1794 5749 1941 5804 enim

2047 5749 2303 5806 draconis
2333 5747 2588 5806 dentibus
2641 5758 2861 5822 repente
2892 5749 3028 5806 satis
3062 5749 3279 5803 locutus
3312 5747 3550 5801 videtur.
