3842 6226
417 332 524 389 819

1115 333 1382 390 EL'SEBII
1421 334 1895 392 CASSARIENSIS
1932 334 2080 393 OPP.
2113 338 2377 395 PARS".
2419 371 2489 383 —
2525 337 3019 397 APOLOGETICA.

3544 331 3656 387 820

417 445 525 485 non
576 428 680 484 nisi
739 436 862 498 post
906 443 1108 483 annum
1141 430 1209 485 ab
1237 431 1449 485 excidio
1476 429 1717 501 Trojano
1748 433 1979 488 centesi-

2103 436 2323 509 Ιωνικὴν
2346 437 2619 500 ἀποικίαν,
2648 437 2683 507 ἦ
2708 439 2822 489 ἐστι
2852 434 2987 507 μετὰ
3016 431 3211 487 ἑκατὸν
3244 429 3655 502 τεσσαράκοντα

417 535 591 574 mum.
619 519 967 575 Aristarchus
997 519 1190 575 Ionica:
1225 528 1436 576 tantum
1472 523 1699 578 colonia:
1730 525 1982 593 tempori-

417 612 543 677 bus,
574 628 694 682 quae
718 612 875 667 annis
901 620 1022 680 post
1054 611 1288 683 Troiana
1315 613 1405 669 illa
1431 624 1646 669 centum
1674 623 1727 670 et
1746 615 1982 685 quadra-

419 705 569 774 ginta
595 704 823 759 deducta
855 713 957 759 est.
994 704 1353 761 Philochorus
1396 715 1518 777 post
1543 708 1789 762 eamdem
1833 708 1984 765 colo-

421 798 568 852 niam
595 798 970 867 quadraginta,
1004 799 1264 854 archonte
1288 800 1513 855 Athenis
1554 801 1793 871 Arxippo
1818 842 1833 865 ,
1882 816 1984 856 an—

421 889 510 944 nis
529 898 649 959 post
663 904 907 945 eversam
940 889 1159 959 Troiam
1181 900 1398 945 centum
1421 901 1476 946 et
1502 892 1797 964 octOginta.
1819 892 1985 964 Apol-

420 979 644 1035 lodorus
674 980 834 1035 annis
874 980 943 1034 ab
980 981 1083 1035 ista
1121 982 1334 1036 colonia
1362 990 1578 1037 centum
1606 1023 1622 1048 ,
1682 998 1792 1053 quo
1823 985 1986 1039 modo

422 1071 677 1142 Troianis
704 1088 829 1127 eum
870 1072 1203 1142 temporibus
1231 1072 1509 1142 iuniorem
1546 1073 1714 1129 fuisse
1765 1083 1984 1144 oporte-

423 1172 526 1230 ret,
560 1162 717 1218 annis
744 1163 1106 1234 quadraginta
1132 1180 1295 1234 supra
1315 1165 1600 1220 ducentos.
1627 1162 1738 1220 Nec
1767 1166 1984 1230 desunt,

425 1255 516 1325 qui
548 1255 706 1323 paulo
741 1263 866 1309 ante
914 1255 1251 1325 olympiadas
1304 1264 1491 1310 natum
1545 1256 1697 1310 illum
1738 1272 1860 1312 esse
1890 1274 1985 1314 ve-

424 1346 545 1411 lint,
577 1347 679 1400 hoc
707 1356 792 1401 est
824 1348 982 1401 annis
1010 1348 1078 1401 ab
1114 1357 1418 1418 expugnata
1442 1346 1603 1418 Troia
1624 1349 1988 1421 quadringen-

425 1436 516 1490 tis.
571 1436 684 1491 lmo
714 1447 841 1492 sunt
867 1438 1053 1502 etiam,
1086 1440 1178 1508 qui
1219 1441 1379 1509 longe
1418 1440 1774 1495 recentiorem
1800 1449 1855 1495 et
1880 1441 1987 1495 Ar-

426 1529 659 1583 chilochi
689 1531 947 1598 aequalem
992 1546 1116 1584 eum
1147 1530 1385 1585 faciant:
1417 1532 1773 1589 Archilochus
1806 1543 1987 1588 autem

427 1618 570 1671 circa
603 1618 962 1689 Olympiadem
1001 1622 1215 1674 tertiam
1250 1636 1313 1676 ac
1341 1622 1656 1677 vicesimam
1685 1624 1988 1677 celebratus

426 1716 529 1771 est,
559 1706 720 1777 Gygaa
748 1707 878 1779 Lydi
921 1709 1273 1778 temporibus,
1321 1712 1479 1766 annis
1500 1722 1621 1781 post
1641 1712 1873 1783 Troiana
1897 1714 1985 1768 illa

427 1799 761 1869 quingentis.
792 1801 871 1855 Ac
903 1802 969 1855 de
1003 1800 1219 1857 Homeri
1249 1804 1465 1873 quidem
1492 1813 1667 1871 atate,
1698 1806 1871 1875 deque
1894 1821 1984 1861 eo-

427 1907 574 1955 rum,
598 1893 802 1962 quires
836 1893 1009 1962 ipsius
1037 1896 1315 1951 memoriae
1345 1897 1732 1966 prodiderunt,
1767 1907 1994 1952 conten—

426 1982 576 2037 tione
604 1996 773 2053 atque
793 1985 1019 2039 dissilio
1038 2027 1053 2050 ,
1090 1986 1204 2042 haec
1237 1990 1547 2042 summatim
1572 1990 1814 2059 attigisse
1846 1990 1994 2044 suﬂi-

429 2075 558 2140 ciat,
597 2090 724 2129 cum
751 2075 952 2146 alioqui
1002 2092 1115 2131 rem
1147 2089 1419 2147 accurate,
1453 2082 1499 2136 si
1532 2081 1740 2146 liberet,
1772 2082 1995 2138 investi-

430 2182 558 2238 gare
608 2183 912 2237 possemus.
973 2168 1108 2226 Nam
1157 2171 1245 2225 vel
1299 2188 1365 2227 ex
1428 2188 1493 2228 eo
1543 2174 1719 2243 quivis
1764 2175 1994 2231 istorum

430 2256 680 2313 omnium
703 2258 1041 2313 narrationes
1086 2260 1340 2315 vanitatis
1369 2261 1745 2333 mendaciique
1771 2265 1996 2318 convin—

432 2357 539 2404 cat.
597 2349 701 2415 Qui
749 2350 893 2404 enim
955 2350 1120 2405 semel
1175 2352 1226 2405 in
1271 2360 1573 2422 temporum
1632 2353 1996 2422 descriptione

430 2442 699 2507 titubarit,
734 2443 782 2495 is
823 2458 1101 2512 nunquam
1139 2443 1380 2498 historia-
1432 2444 1712 2499 veritatem
1763 2444 1997 2500 retinere

431 2533 621 2603 possit.
664 2551 691 2585 ι
717 2534 972 2602 Idemque
992 2534 1179 2603 paucis
1205 2534 1502 2604 interiectis
1518 2550 1532 2585 :
1548 2550 1567 2582 ‹
1587 2534 1657 2589 At
1678 2543 1801 2590 esto
1826 2550 1957 2590 sane
1978 2576 1993 2601 ,

434 2624 645 2689 demus,
675 2623 872 2693 inquit,
903 2622 1192 2679 Homerum
1227 2640 1333 2680 non
1363 2625 1527 2680 modo
1555 2641 1662 2679 non
1714 2625 1997 2681 eversione

436 2713 1058 2785 Troianaposteriorem,
1078 2717 1168 2771 sed
1189 2718 1350 2771 etiam
1372 2717 1605 2787 ipsemet
1628 2718 1750 2772 belli
1773 2717 1997 2787 Troiani

435 2814 676 2874 tempore
711 2807 944 2872 vixisse,
978 2807 1088 2861 imo
1118 2807 1282 2862 etiam
1317 2808 1774 2878 Agamemnonem
1809 2808 1862 2861 in
1906 2809 1997 2863 illa

439 2898 785 2967 expeditione
802 2908 1070 2965 secutum,
1090 2915 1152 2954 ac
1175 2900 1219 2954 si
1247 2900 1370 2969 quis
1398 2901 1471 2954 ita
1491 2900 1638 2967 velit,
1660 2901 1775 2971 ipsa
1796 2901 2000 2955 littera-

437 3004 560 3043 rum
599 2989 911 3045 inventione
939 2992 1173 3059 priorem
1205 2991 1372 3046 fuisse
1398 3011 1410 3044 :
1448 2991 1650 3046 Mosem
1681 2993 1825 3046 enim
1850 3002 2001 3048 certo

439 3082 734 3143 constabit,
764 3097 872 3135 non
896 3083 1072 3135 solum
1102 3083 1385 3151 permultis
1418 3082 1576 3137 annis
1602 3092 1816 3152 captum
1842 3082 1997 3139 Ilium

440 3176 820 3241 antecessisse,
835 3190 1018 3229 verum
1037 3177 1199 3230 etiam
1224 3177 1467 3247 eiusdem
1493 3178 1736 3241 conditu,
1755 3179 1999 3250 adeoque

443 3262 586 3317 Troe
613 3264 777 3318 simul
795 3273 850 3319 et
874 3264 1127 3320 Dardano
1152 3267 1307 3336 longe
1326 3268 1688 3336 antiquiorem
1707 3270 1999 3325 exstitisse.

442 3354 617 3420 Quam
642 3355 697 3409 in
736 3371 852 3410 rem
882 3355 1258 3413 Chaldaeorum
1280 3398 1297 3425 ,
1342 3355 1663 3413 Pbtenicum
1682 3399 1699 3426 ,
1722 3358 2000 3432 Egyptio-

515 3531 629 3599 (74)
685 3531 813 3603 [ὧν
859 3531 1121 3587 Ἰλιακῶν
1145 3533 1325 3603 ἔτεσιν
1353 3534 1681 3601 διακοσίοις
1716 3537 2005 3603 τεσσαρά-

443 3617 645 3657 κοντα.
685 3601 947 3657 Tatianus
997 3618 1220 3669 excus.,
1261 3602 1370 3657 τῶν
1422 3604 1664 3657 Ἰλιακῶν
1722 3601 2004 3660 διακοσίων

443 3670 799 3746 πεντήκοντα.
835 3672 939 3727 Sed
973 3671 1423 3746 Fronto_noster_,
1461 3676 1490 3726 ό
1532 3675 1869 3746 μακαρίτης,
1903 3678 2003 3730 ob-

444 3751 652 3814 servat,
681 3742 735 3795 in
767 3742 1141 3814 m_anuscripto
1177 3744 1348 3814 ltegio
1383 3742 1743 3814 Eusebianam
1788 3742 2004 3799 exstare

444 3810 749 3932 {lectionemf
794 3812 951 3867 Certe
978 3810 1295 3879 διακοσίοιξ,
1330 3830 1440 3870 non
1483 3813 1769 3869 διακοσίων
1788 3856 1803 3881 ,
1834 3815 2009 3885 legen-

481 3894 568 3932 um
592 3895 711 3932 esse
739 3919 754 3932 .
1840 3904 1845 3909 ’

481 3894 568 3933 um
592 3890 754 3934 65561.
1840 3904 1845 3909 '

517 3950 630 4018 (75)
670 3948 791 4020 Πρὸ
820 3949 939 4003 τῶν
972 3950 1395 4020 Ὁλυμπιὰδω.
1421 3952 1572 4007 Alter
1600 3969 1874 4009 manuscr.
1907 3955 2007 4007 ha-

446 4019 693 4094 bet_:regi
737 4034 847 4094 non
878 4020 1026 4094 1:96:
1057 4019 1209 4076 unde
1238 4024 1474 4093 coniicio
1521 4024 1809 4094 legendum
1849 4039 2003 4090 esse,

446 4089 576 4157 περὶ
590 4089 706 4159 τὰς
738 4089 857 4159 ’ρλυ
866 4089 1117 4159 μπιάδας.

519 4158 630 4227 (76)
675 4157 805 4231 [022:
830 4157 924 4231 ἐπ’
952 4159 1188 4231 ᾀκριϐὲς
1214 4157 1509 4231 ἐξετάζειν
1528 4159 1901 4231 δυναμένοις.
1921 4161 2009 4214 1η-

448 4239 657 4302 terpres
688 4227 901 4281 Tatiani
929 4229 1009 4283 sic
1036 4232 1214 4302 vertit,
1243 4230 1366 4302 aliis
1389 4227 1697 4300 diligentius
1723 4233 2008 4302 inquisitu-

448 4299 521 4351 ris
554 4296 791 4369 relinquo
816 4315 834 4350 :
858 4306 933 4362 at,
964 4314 1083 4353 meo
1095 4298 1322 4368 iudicio,
1349 4301 1453 4355 ista
1476 4296 1598 4355 cum
1620 4296 1998 4369 sequentibus,

446 4369 584 4440 ἡμῖν
609 4366 867 4440 εἰρήσθω,
887 4366 1144 4439 conjungi
1190 4369 1426 4424 debent:
1461 4371 1665 4440 alioqui
1699 4366 1919 4426 nutaret
1941 4386 2007 4426 ac

446 4436 704 4506 penderet
719 4436 923 4490 'nratio.
991 4436 1000 4495 ξ

519 4505 933 4579 (wider-ator
972 4507 1118 4579 γάρ,
1149 4517 1251 4579 etc.
1292 4508 1441 4579 Alter
1479 4509 1838 4579 manuscript.
1887 4508 2006 4564 haec

448 4577 605 4645 longe
634 4576 871 4648 brevius,
888 4576 1034 4640 εἰκὸς
1055 4578 1164 4648 γάρ
1181 4578 1347 4648 ψευδῆ
1370 4576 1777 4648 ἀποφαίνεσθαί
1788 4579 2003 4643 αύτούς,

448 4595 605 4645 longe
634 4595 871 4641 ψένιυδ,
888 4595 1034 4640 εικος
1055 4595 1125 4645 γα
1181 4595 1347 4648 ψευοη
1370 4595 1763 4647 αποφαινεσυαι
1788 4596 2003 4643 αυτους,

374 4658 379 4663 '
447 4661 641 4714 nempe
680 4647 775 4699 καὶ
820 4646 888 4699 τά
927 4595 1189 4719 πρὸςτέν
1222 4648 1499 4719 ίστορίαν..
1526 4647 1787 4703 Tatianus
1816 4664 2005 4719 excus.

448 4731 573 4789 cum
605 4725 794 4789 nostro
832 4718 1154 4789 consentit,
1180 4718 1285 4771 nisi
1323 4719 1468 4789 quod
1515 4720 1840 4789 paulogpost
1879 4718 2007 4789 περὶ

444 4785 571 4857 τοὺς
598 4786 823 4856 χρόνους
850 4786 1043 4857 lgbet,
1078 4803 1183 4841 non
1223 4796 1284 4841 ut
1326 4785 1446 4851 hic,
1479 4788 1604 4857 περὶ
1632 4785 1756 4850 τοὺς
1794 4785 2002 4857 λόγους.

447 4853 836 4926 Placet'tamen
863 4853 1166 4911 Eusebiana
1202 4856 1393 4920 lectio,
1431 4853 1649 4925 propter
1678 4853 1959 4926 sequentia
1989 4874 2002 4908 :

449 4924 566 4995 vult
587 4924 756 4995 enim.
790 4934 849 4978 ut
872 4933 1038 4995 patet,
1070 4928 1126 4980 in
1160 4927 1275 4994 ipsa
1304 4924 1729 4995 quoque’rerum
1757 4924 2006 4993 historia,

447 4993 757 5067 perfacilem
783 4994 849 5049 iis
874 4993 1087 5067 _lap_sum
1117 4993 1283 5050 fuisse
1300 4993 1445 5064 {qui
1466 4995 1576 5064 iam
1614 4998 1670 5051 in
1702 5007 2005 5067 temporum

448 5063 813 5130 descriptione
843 5064 1193 5130 titubassent.

518 5128 785 5204 (78)’Παρ’
801 5128 890 5198 οἷς
909 5135 1017 5201 γὰρ
1036 5135 1466 5203 ἀσυνάρτητος.
1490 5134 1654 5190 Plane
1674 5137 2005 5191 contrarium

448 5204 694 5264 videtur,
739 5204 1045 5274 tbﬁtpépa
1078 5204 1492 5268 συντάττεσθαι,
1529 5207 1633 5265 hoc
1679 5215 1764 5261 est
1802 5208 2010 5261 παντά-

452 5290 615 5345 πασιν
659 5271 1005 5345 ἁρμοζόντως
1052 5276 1147 5328 καὶ
1195 5275 1454 5345 ἀκριϐῶς.
1501 5275 1579 5329 Ita
1624 5274 1902 5331 Plutarch.
1951 5277 2008 5330 in

456 5340 827 5414 Themistocle,
894 5345 1184 5413 singulari,
1237 5340 1294 5399 ni
1347 5344 1536 5408 fallor,
1569 5347 1818 5414 exemplo
1848 5345 2009 5409 εΤοῖς

449 5412 793 5486 Χρονικοῖς,
814 5412 1015 5486 inquit,
1030 5414 1184 5486 δοκεῖ
1217 5415 1420 5486 μᾶλλον
1435 5412 1759 5486 Θουκυδίδης
1797 5433 1859 5469 συ
1867 5416 2007 5486 μερέ-

453 5484 668 5603 ρεσθαι,
703 5483 903 5552 καίπερ
922 5483 1053 5564 ,ούδὲ
1082 5483 1264 5548 αὐτοῖς
1294 5485 1507 5565 ἀτρέμα
1537 5483 2004 5556 συνταττομένοις.

477 5554 509 5603 d
534 5563 616 5603 est
643 5569 657 5603 :
691 5550 992 5603 Thucvdldt
1021 5570 1144 5603 cum
1187 5556 1479 5603 Annalibus
1552 5554 1669 5603 [vel
1704 5564 2004 5603 temporum

477 5554 509 5605 d
534 5563 616 5626 est
637 5569 668 5626 ι,
691 5550 992 5626 Thucydidi
1021 5570 1144 5626 cum
1187 5550 1483 5626 Annalibus
1552 5554 1669 5626 [vel
1704 5550 2006 5624 temporum

454 5620 826 5695 rationibus],
853 5620 1148 5695 Convenire
1196 5626 1368 5695 magis
1401 5620 1644 5691 videtur;
1681 5620 1903 5695 tametsi
1941 5640 2011 5678 ne

456 5691 555 5764 ipsi
584 5691 799 5764 quidem
842 5693 1115 5764 exquisite
1162 5691 1311 5750 satis'
1335 5695 1729 5764 diligenterque
1777 5694 2008 5749 confecti

455 5762 564 5815 sint
593 5778 605 5814 :
633 5760 746 5828 vel,
780 5762 986 5818 tametsi
1022 5779 1088 5820 ne
1121 5764 1221 5833 ipsi
1248 5760 1462 5835 quidem
1492 5766 1564 5821 ita
1591 5760 1822 5823 confecti
1859 5765 1969 5820 sint
1990 5803 2005 5830 ,

2085 525 2179 596 ἐτη
2214 526 2323 580 τῶν
2366 525 2640 580 Ἰλιακῶνο
2675 525 2959 597 Φιλόχορος
3000 522 3058 577 δὲ
3087 522 3223 594 μετά
3267 522 3367 592 τὴν
3405 520 3656 591 Ἰωνικὴν

2083 618 2339 671 ἀποικίαν
2389 617 2534 671 ἔτεσι
2589 622 2661 686 μ’,
2713 616 2806 667 ἐπὶ
2882 614 3145 684 ἄρχοντος
3201 611 3487 684 Ἀθήνῃσι]
3523 610 3655 681 Ἀρ-

2087 711 2308 777 ξίππσυ,
2334 709 2442 763 τῶν
2478 708 2718 762 Ἰλιακῶν
2757 706 2982 777 ὕστερον
3024 706 3198 759 ἔτεσιν
3229 702 3423 758 ἑκατὸν
3462 702 3656 773 ὀγδοή-

2086 824 2247 860 κοντα
2265 824 2279 837 ·
2317 808 2368 859 οἱ
2397 805 2455 858 δὲ
2483 806 2610 876 περὶ
2645 801 3041 872 Ἀπολλόδωρον
3083 799 3222 869 μετά
3274 798 3373 868 τὴν
3408 796 3655 866 Ἰωνικὴν

2086 892 2339 948 ἀποικίαν
2386 892 2561 945 ἔτεσιν
2611 890 2825 954 ἑκατὸν,
2881 889 2910 942 ὃ
2952 888 3145 957 γένοιτ’
3186 886 3253 940 ἂν
3294 886 3517 957 ὕστερον
3543 886 3658 939 τῶν

2097 984 2347 1040 Ἰλιακῶν
2369 983 2509 1038 ἔτεσι
2545 981 2835 1043 διακοσίοις
2875 980 3285 1050 τεσσαράκοντα
3321 978 3454 1047 (74).
3498 978 3658 1043 Τινὲς

2084 1079 2141 1133 δὲ
2166 1076 2272 1149 πρὸ
2293 1076 2399 1130 τῶν
2414 1073 2787 1145 Ὀλυμπιάδων
2809 1070 2919 1142 (75)
2932 1070 3138 1140 ἔφασαν
3167 1069 3326 1122 αὐτὸν
3352 1068 3656 1137 γεγονέναι,

2084 1170 2329 1225 τουτέστι
2364 1167 2501 1239 μετά
2521 1167 2620 1237 τὴν
2654 1164 2806 1218 Ἰλίου
2836 1163 3035 1218 ἅλωσιν
3082 1161 3233 1215 ἔτεσι,
3258 1160 3655 1231 τετρακοσίοις.

2089 1263 2300 1334 Ἔτεροι
2328 1261 2384 1313 δὲ
2407 1259 2557 1315 κάτω
2576 1257 2667 1311 τὸν
2691 1257 2877 1328 χρόνον
2906 1256 3208 1324 ὑπήγαγον,
3241 1255 3337 1307 σὺν
3361 1254 3661 1325 Ἀρχιλόχῳ

2086 1351 2367 1421 γεγονέναι
2408 1351 2499 1405 τὸν
2534 1349 2777 1419 Ὅμηρον
2821 1347 3065 1411 εἰπόντες
3083 1364 3096 1377 ·
3158 1349 3187 1400 ὁ
3237 1346 3295 1400 δὲ
3345 1345 3660 1417 Ἀρχίλοχος

2087 1445 2303 1515 ἡκμασε
2329 1442 2463 1513 περὶ
2500 1439 2834 1511 Ὀλυμπιάδα
2873 1439 3065 1510 τρίτην
3095 1438 3190 1491 καὶ
3218 1437 3483 1508 εἰκοστὴν,
3515 1437 3659 1491 κατὰ

2085 1531 2266 1601 Γύγην
2308 1530 2399 1583 τὸν
2425 1530 2614 1591 Λυδὸν,
2651 1528 2875 1600 ὕστερον
2921 1528 3030 1581 τῶν
3070 1526 3311 1581 Ἰλιακῶν
3342 1527 3485 1581 ἔτεσι
3527 1545 3663 1581 πεν-

2087 1624 2373 1685 τακοσίοις.
2423 1624 2532 1675 Καὶ
2568 1621 2695 1693 περὶ
2740 1622 2838 1691 μὲν
2879 1620 2988 1674 τῶν
3029 1621 3234 1693 χρόνων
3273 1622 3367 1675 τοῦ
3402 1638 3665 1694 προειρη-

2095 1716 2252 1787 μένου
2276 1712 2518 1785 ποιητοῦ,
2566 1713 2709 1782 λέγω
2757 1713 2821 1766 δὲ·
2857 1713 3115 1784 Ὀμήρου,
3167 1711 3407 1776 στάσεώς
3450 1730 3510 1765 τε
3562 1713 3664 1765 καὶ

2091 1807 2200 1859 τῶν
2243 1806 2501 1859 εἰπόντων
2544 1805 2612 1858 τὰ
2648 1803 2776 1875 περὶ
2818 1804 2978 1858 αὑτὸν
3015 1803 3389 1874 ἀσυμφωνίας,
3420 1806 3533 1867 τοῖς
3568 1804 3664 1857 ἐπ’

2091 1898 2312 1969 ἀκριϐὲς
2366 1896 2637 1961 ἐξετάζειν
2684 1895 2997 1966 δυναμένοις
3033 1894 3143 1965 (76)
3189 1895 3477 1966 αὐτάρκως
3522 1897 3664 1966 ἡμῖν

2092 1990 2167 2053 ὡς
2201 1990 2292 2042 ἐπὶ
2327 1988 2605 2058 κεφαλαίῳ
2643 1987 2901 2059 εἰρήσθω.
2960 1987 3192 2039 Δυνατὺν
3220 1986 3468 2058 γάρ.(7¹Ζ)
3495 1987 3666 2041 παντὶ

2091 2080 2301 2149 ψευδεῖς
2356 2078 2746 2149 ἀποφαίνεσθαι
2803 2080 2897 2132 καὶ
2948 2078 3048 2143 τὰς
3104 2080 3231 2148 περὶ
3278 2080 3401 2143 τοὺς
3470 2079 3666 2148 λόγους

2093 2170 2268 2238 δόξας.
2327 2171 2462 2243 Παρ⁸
2492 2165 2572 2233 οἷς
2610 2169 2717 2242 γὰρ
2756 2170 3126 2242 ἀσυνάρτητός
3159 2169 3266 2240 (78)
3300 2172 3445 2222 ἐστιν
3487 2170 3525 2238 ή
3549 2167 3667 2221 τῶν

2093 2266 2299 2336 χρόνων
2365 2262 2697 2334 ἀναγραφὴ,
2762 2262 2910 2333 παρὰ
2974 2261 3182 2325 τούτοις
3243 2261 3364 2314 οὐδὲ
3433 2260 3502 2315 τά
3560 2262 3667 2332 τῆς

2098 2356 2333 2428 ἱστορίας
2373 2354 2656 2428 ἀληθεύειν
2697 2354 2938 2409 δύναται.
2980 2373 2997 2406 ι
3056 2355 3166 2407 Καὶ
3231 2352 3367 2424 μετά
3412 2351 3619 2424 βραχέα
3646 2369 3663 2384 ·

2101 2465 2119 2497 ι
2157 2446 2303 2517 Πλὴν
2334 2446 2580 2516 ’Όμηρος
2629 2443 2740 2515 (79)
2782 2443 2921 2497 ἔστω
2957 2443 3029 2514 μὴ
3080 2442 3238 2514 μόνον
3286 2442 3509 2512 ὕστερος
3555 2441 3669 2495 τῶν

2109 2535 2349 2591 Ἰλιακῶν
2384 2536 2516 2607 (80),
2559 2534 2693 2589 ἀλλά
2744 2537 2862 2588 κατ’
2892 2535 3094 2587 ἐκεῖνον
3141 2533 3299 2588 αὐτὸν
3346 2531 3669 2603 ὑπειλήφθω

2096 2630 2371 2701 γεγονέναι
2403 2628 2513 2699 (81)
2541 2628 2630 2682 τὸν
2660 2628 2751 2681 τοῦ
2772 2626 3006 2698 πολέμου
3029 2625 3238 2697 καιρὸν,
3260 2624 3412 2678 ἔτιδὲ
3444 2624 3670 2689 καὶτοῖς

2097 2722 2223 2793 περὶ
2272 2719 2647 2791 ’Δγαμέμνονα
2688 2716 3215 2789 συνεκστρατεῦσαγ
3252 2715 3355 2769 κᾶν
3403 2714 3670 2786 βούληταί

2096 2830 2199 2877 τις,
2233 2812 2326 2866 καὶ
2365 2813 2492 2883 πρὶν
2526 2811 2634 2864 τῶν
2667 2809 2939 2882 στοιχείων
2972 2810 3071 2882 τὴν
3108 2808 3323 2880 εὕρεσιν
3347 2807 3671 2876 γεγονέναιο

2099 2905 2390 2976 φανήσεται
2431 2902 2539 2975 γάρ
2575 2905 2604 2956 ὁ
2644 2902 3037 2974 προειρημένος
3102 2900 3307 2970 Μωσῆς
3347 2899 3521 2969 αὐτῆς
3567 2899 3673 2970 μὲν

2097 2995 2196 3067 τῆς
2263 2994 2493 3064 Ἰλιακῆς
2540 2993 2790 3057 ἁλώσεως
2846 2993 3213 3066 πρεσϐύτερος
3263 2992 3404 3046 πάνυ
3452 2991 3673 3055 πολλοῖς

2025 3118 2070 3179 C
2101 3087 2264 3151 ἔτεσι,
2288 3087 2386 3158 τῆς
2421 3086 2477 3139 δὲ
2510 3085 2795 3156 γεγονυίας
2829 3084 2940 3156 (82)
2974 3084 3129 3138 Ἰλίου
3170 3082 3419 3147 κτίσεως,
3446 3083 3543 3137 καὶ
3571 3081 3671 3137 τοῦ

2101 3180 2306 3252 Τρωὸς,
2339 3179 2432 3232 καὶ
2464 3178 2732 3249 Δαρδάνου
2770 3178 2888 3233 λίαν
2913 3176 3279 3250 ἀρχαιότερος.
3318 3173 3677 3241 Ἀποδείξεως

2102 3270 2160 3324 δὲ
2200 3271 2362 3324 ἓνεκα
2417 3270 2650 3341 μάρτυσι
2707 3271 2979 3341 χρήσομαι
3033 3267 3352 3330 Χαλδαίοις,
3412 3264 3672 3330 Φοίνιξιν,

2105 3360 2439 3429 Αἰγυπτίοις.
2458 3359 2566 3412 Καὶ
2580 3358 2632 3411 τί
2652 3375 2717 3429 με
2742 3357 2920 3425 λέγειν
2944 3357 3025 3410 δεῖ
3049 3354 3267 3409 πλείονα
3285 3370 3301 3421 ;
3322 3353 3428 3426 χρὴ
3448 3352 3561 3425 γὰρ
3581 3351 3675 3410 τὸν

2104 3540 2162 3585 ut
2189 3531 2240 3584 in
2275 3531 2342 3585 iis
2366 3524 2501 3582 nihil
2526 3528 2748 3582 omnino
2777 3527 2969 3581 titubet
3013 3541 3076 3581 ac
3096 3526 3337 3581 ﬂuctuet.
3366 3521 3482 3578 Hoc
3518 3523 3668 3578 enim

2104 3600 2319 3669 proprie
2344 3599 2558 3669 ἀτρέμα
2585 3607 2763 3652 sonat.
2792 3596 3288 3669 NamSAtephanutn
3324 3593 3517 3669 audire
3561 3609 3672 3669 non

2103 3663 2323 3740 possum
2350 3710 2366 3734 ,
2394 3663 2496 3737 qui
2518 3669 2710 3740 sensim
2735 3677 2784 3740 et
2804 3666 3020 3740 placide
3039 3663 3273 3740 reddidit
3304 3682 3318 3720 :
3348 3663 3505 3740 nisi]
3521 3664 3672 3733 quod

2104 3733 2285 3795 tamen
2312 3733 2429 3808 ipse
2457 3733 2823 3809 reprehendit)
2851 3736 3058 3809 placide
3106 3733 3398 3809 factumid
3429 3733 3671 3799 dicatur,

2104 3810 2249 3880 quod
2297 3803 2408 3880 non
2464 3803 2818 3880 tumultuarie
2834 3803 2867 3871 ,’
2893 3806 2987 3862 sed
3050 3806 3223 3880 otiose
3251 3803 3675 3880 _diligenterque

2106 3870 2306 3934 factum
2335 3879 2424 3932 sit.
2459 3878 2650 3931 Melius
2679 3870 2877 3931 Amiot.
2895 3870 3339 3944 ,cncorequ‘elles
3365 3870 3591 3944 meantes
3606 3888 3670 3925 ne

2109 3949 2471 4015 soientguercs
2487 3945 2604 3998 bien
2616 3946 2825 4013 faictes.
2852 3940 3104 4015 Petavius
3125 3940 3349 4015 noster;
3362 3954 3411 4015 ς.
3443 3940 3608 4015 ‘25,}.
3639 3958 3672 3995 ι

2108 4018 2185 4071 De
2209 4010 2452 4070 doctrina
2477 4010 2784 4084 temporum,
2808 4014 2963 4068 aliter
2987 4013 3204 4084 accipit,
3232 4020 3291 4065 ut
3318 4010 3671 4084 Plutarchus.

2108 4104 2209 4140 non
2253 4102 2425 4140 omnes
2466 4079 2588 4140 istis
2624 4085 2927 4141 Annalibus
2977 4079 3265 4151 suffragari
3311 4079 3470 4142 velit,
3517 4089 3677 4149 atque

2108 4157 2254 4221 ideo,
2297 4172 2401 4208 non
2442 4157 2629 4225 quiete
2653 4171 2714 4208 ac
2742 4153 2959 4225 silentio,
2976 4150 3292 4225 perscriptas
3314 4165 3428 4225 esse
3446 4190 3462 4213 ,
3485 4150 3580 4225 sed
3610 4151 3674 4202 ab

2108 4219 2245 4280 aliis
2277 4219 2544 4296 redargui.
2591 4224 2699 4279 Eos
2732 4234 2910 4280 tamen
2951 4223 3149 4277 ibidem
3178 4219 3462 4291 pessimos
3503 4219 3681 4275 fuisse

2148 4297 2317 4349 robat.

2108 4312 2502 4435 Nigrum.»
2532 4364 2800 4435 Ὄμῃρος.
2822 4360 2972 4435 haec
3010 4358 3155 4429 apud
3192 4359 3484 4435 Tatianum
3520 4374 3683 4430 repe-

2036 4454 2083 4509 D
2112 4430 2421 4509 ries,_tomo
2451 4430 2877 4509 illo_l_Bib[ioth.
2908 4432 3081 4509 Patri,
3111 4446 3233 4509 pag.
3262 4430 3386 4486 184.

2181 4505 2290 4576 (80)
2341 4504 2438 4571 Μὴ
2477 4503 2668 4576 μόνον
2706 4503 2959 4576 ὕστερος
2999 4500 3118 4576 τῶιζ
3162 4501 3356 4576 Ἰλιακε
3409 4499 3683 4576 Ταιίεῐιιιξ

2107 4570 2291 4630 θχὸυεζ
2310 4570 2569 4643 expungit
2598 4573 2671 4643 μὴ
2695 4573 2873 4642 μόνον,
2901 4581 3066 4643 atque
3088 4570 3311 4643 ὕστερον
3338 4570 3470 4641 legit
3488 4571 3683 4643 :uquod

2108 4646 2330 4701 omnino
2352 4639 2809 4712 esset'pugnajitia
2840 4639 3009 4711 loqui,
3035 4639 3489 4712 licet_ve_rtereiur
3516 4639 3682 4693 ὕστε-

2110 4732 2235 4786 ρον,
2282 4715 2466 4768 statim
2504 4709 2638 4779 ῥοαὶ.
2684 4710 2787 4786 Hic
2820 4709 2999 4766 autem
3043 4710 3185 4786 apud
3237 4709 3571 4786 Eusebium,
3607 4712 3683 4786 μὴ

2112 4780 2289 4855 μόνον,
2326 4792 2386 4838 ut
2411 4798 2551 4855 saepe
2587 4782 2828 4855 μονονοὺ,
2866 4782 3170 4855 μονονουχὶ,
3200 4781 3299 4855 ούχ
3321 4780 3577 4855 δπωςερι
3609 4780 3686 4834 si;

2110 4849 2289 4919 milia,
2317 4862 2399 4907 est
2430 4849 2533 4907 non
2563 4849 2737 4907 solum
2770 4849 2877 4905 non
2900 4869 2917 4907 :
2947 4866 3067 4921 quae
3090 4849 3260 4904 lectio
3296 4849 3343 4902 si
3385 4851 3681 4918 probatur,

2109 4925 2413 4977 membrum
2450 4924 2554 4977 hoc
2580 4922 2783 4990 opponi
2820 4922 2979 4975 debet
3024 4934 3132 4975 non
3156 4929 3394 4990 itantum
3429 4921 3686 4988 proxime

2109 4993 2485 5062 consequenti,
2516 4988 2668 5047 ἀλλά
2682 4991 2802 5044 κατ’
2830 4992 3036 5044 ἐκεῖνον
3085 4989 3184 5062 τοῦ
3216 4988 3454 5062 πολέμου
3476 4990 3686 5062 καιρόν

2109 5063 2267 5130 (nihil
2293 5060 2438 5115 enim
2471 5062 2762 5117 admodum
2809 5062 2935 5115 novi
2967 5061 3319 5122 concederet,
3344 5060 3439 5124 qui
3467 5060 3586 5130 iam
3620 5060 3685 5113 il-

2110 5129 2222 5185 lum
2252 5147 2317 5186 eo
2347 5133 2486 5186 bello
2512 5149 2617 5188 non
2640 5129 3636 5201 posterioremrfuisseiconcessisset)
3664 5170 3683 5194 ,

2110 5203 2202 5256 sed
2232 5202 2394 5256 etiam
2430 5202 2585 5269 aliis,
2618 5198 2740 5271 qua:
2768 5200 3069 5271 subiungit.
3117 5198 3334 5271 Mallem
3365 5208 3585 5271 tamen,
3615 5198 3687 5255 he

2109 5272 2238 5341 quid
2268 5269 2867 5339 dissitnulem,‘retenta
2897 5269 3183 5341 negatione
3211 5269 3287 5340 μή
3313 5307 3330 5333 ,
3354 5270 3685 5324 adverbium

2113 5342 2271 5412 μόνον
2293 5358 2624 5412 expungere.

2181 5412 2292 5483 (81)
2334 5409 2676 5480 Γεπγέναι.
2710 5409 2824 5466 Hoc
2852 5410 3016 5465 etiam
3046 5409 3269 5483 verbum
3307 5409 3452 5477 apud
3480 5409 3686 5483 _Tatia-

2111 5478 2241 5536 num
2273 5478 2654 5551 reponendum
2698 5491 2781 5535 est
2814 5500 2826 5536 :
2858 5480 3319 5551 quemadmodum
3350 5488 3403 5533 et
3446 5478 3511 5533 τδ
3558 5497 3689 5531 συν-

2112 5547 2524 5623 εκπρατὲῦσαι,
2538 5552 2682 5620 quod
2713 5547 2890 5623 paulo:
2911 5559 3033 5623 post
3053 5547 3440 5623 hic-sequitur,
3460 5558 3687 5619 prteslat

2154 5619 2187 5690 ᾧ
2224 5619 2618 5690 συστρατεῦσαι
2641 5661 2655 5684 ,
2686 5619 2828 5690 quod
2862 5620 3023 5674 habet
3052 5619 3333 5690 Tatianus.

2184 5691 2296 5769 (82)
2342 5687 2457 5760 Τῆς
2480 5692 2549 5745 δὲ
2572 5687 2917 5769 γεγονυίας,
2961 5699 3067 5769 etc.
3105 5687 3240 5769 [line
3265 5688 3433 5743 etiam
3466 5687 3687 5759 corrige

2113 5759 2422 5830 Tatianum,
2451 5759 2593 5833 apud
2618 5759 2778 5833 quem
2808 5759 3067 5829 γεγονώς,
3099 5759 3313 5813 vitiose.

2110 5641 2187 5693 τῳ
2224 5639 2618 5693 συστρατευσαι
2641 5661 2655 5684 ,
