3842 6226
352 299 460 355 823

1005 302 1271 358 EUSEBII
1311 301 1792 359 CESARIENSIS
1825 302 1979 358 OPP.
2020 300 2200 356 PARS
2237 301 2302 357 II.
2342 331 2411 342 -—
2444 300 2947 358 APOLOGETICA.

3485 305 3599 360 εει

350 428 657 491 sequuntur
680 441 693 475 :
723 421 977 489 Inachus,
1004 420 1345 488 Phoroneus,
1366 425 1517 493 Apis,
1534 424 1918 495 Argius,Cria-

2027 423 2346 477 καιδέκατον
2378 422 2497 485 έτος
2527 423 2626 491 τῆς
2655 422 2932 493 βασιλείας
2960 421 3124 474 Ἴλιον
3151 420 3314 475 ἐάλω.
3347 420 3459 474 Καὶ
3489 423 3603 494 χρὴ

349 528 467 578 sus,
497 510 762 580 Phorbas,
794 513 1057 583 Triopas,
1090 512 1394 585 Crmopus,
1431 515 1777 579 Stheuelaus,
1811 514 1919 569 Da-

349 618 510 671 naus,
540 600 808 676 Lynceus,
849 603 1015 669 Abas,
1060 602 1299 670 Prmtus,
1352 606 1617 671 Acrisius,
1662 604 1918 672 Perseus,

349 692 708 767 Eurystheus,
757 694 975 760 Atreus,
1010 694 1290 765 Thyestes,
1319 697 1716 767 Agamemnon,
1758 697 1921 767 cujus

351 800 497 841 anno
521 786 734 841 decimo
751 795 945 842 octavo
970 788 1135 858 Troja
1164 799 1319 859 capta
1348 800 1452 844 est.
1482 789 1659 859 Atque
1686 790 1776 844 hic
1801 805 1923 859 pru-

346 875 496 930 denti
527 885 581 931 et
608 877 891 946 ingenioso
917 876 1105 933 lectori
1130 862 1416 950 diligenter
1444 880 1497 933 in
1518 880 1708 950 primis
1726 881 1919 936 obser-

346 967 582 1021 vandum
608 968 712 1022 erit
733 1008 749 1034 ,
784 969 869 1022 vel
900 983 968 1023 ex
999 968 1115 1038 ipsa
1148 970 1460 1024 Gracorum
1499 971 1782 1026 hominum
1811 980 1922 1025 tra-

346 1057 550 1114 ditione
580 1068 853 1125 constare,
874 1060 1075 1115 nullam
1098 1067 1215 1115 tum
1241 1064 1385 1133 apud
1416 1064 1538 1119 illos
1561 1065 1917 1134 perscriplam

345 1153 525 1209 adhuc
551 1154 837 1209 historiam
867 1155 1062 1212 fuisse.
1096 1154 1230 1210 Nam
1249 1157 1343 1226 qui
1365 1156 1667 1212 litterarum
1685 1156 1919 1212 formam

346 1244 480 1314 ipsis
504 1252 560 1299 et
584 1245 854 1300 rationem
899 1246 1120 1302 tradidit
1147 1247 1407 1315 Cadmus,
1442 1264 1548 1303 non
1581 1248 1687 1304 nisi
1732 1250 1921 1305 multis

345 1341 470 1401 post
493 1334 744 1390 atatibus
774 1336 1021 1405 pervenit
1055 1337 1110 1391 in
1148 1336 1434 1393 Baotiam.
1501 1337 1633 1394 Post
1661 1338 1917 1395 Inachum

343 1439 494 1492 vero,
541 1423 813 1481 Phoronei
839 1427 1003 1483 ductu
1036 1438 1201 1512 atque
1255 1430 1535 1500 auspiciis,
1570 1432 1818 1487 homines
1849 1433 1920 1488 ab

345 1514 523 1572 ferino
545 1531 793 1589 vagoque
817 1519 941 1574 vita
963 1536 1159 1591 genere
1188 1521 1254 1576 ad
1283 1521 1661 1577 humaniorem
1693 1538 1757 1579 ac
1784 1524 1919 1580 libe-

346 1607 600 1663 raliorem
660 1611 866 1666 cultum
923 1612 1013 1667 vix
1067 1613 1288 1667 tandem
1346 1613 1640 1683 aliquando
1686 1617 1917 1673 traducti

347 1706 494 1752 sunt.
557 1696 739 1765 Quare
766 1701 811 1755 si
841 1699 1045 1756 Mosem
1094 1699 1296 1757 Inacho
1324 1703 1588 1773 aqualem
1623 1703 1794 1761 fuisse
1823 1708 1919 1762 ha-

346 1788 615 1858 bebimus,
660 1792 801 1847 idem
833 1791 1068 1864 Trojana
1109 1802 1355 1867 tempora
1381 1798 1791 1868 quadringentis
1819 1816 1919 1854 an-

345 1883 646 1947 tecesserit,
674 1898 899 1939 necesse
924 1895 1028 1939 est.
1073 1885 1131 1940 Id
1160 1902 1288 1942 vero
1317 1887 1607 1944 manifeste
1632 1907 1699 1945 ex
1729 1907 1916 1961 regum

344 1987 454 2027 non
494 1974 795 2030 Atticorum
830 1978 1029 2045 modo,
1082 1980 1176 2034 sed
1207 1980 1372 2035 etiam
1423 1980 1917 2050 Macedonicorum,

343 2064 799 2122 Ptolemaicorum
844 2077 899 2123 et
919 2068 1383 2125 Antiochenorum
1418 2075 1763 2129 successione
1787 2090 1921 2131 con-

347 2156 550 2212 ﬁcitur.
585 2155 740 2213 Unde
759 2158 890 2214 illud
909 2160 1074 2214 etiam
1096 2160 1341 2231 colligas,
1366 2162 1411 2217 si
1440 2164 1742 2219 clarissima
1771 2180 1921 2234 qua-

344 2261 452 2316 que
483 2245 795 2303 Gracorum
826 2249 930 2305 sub
959 2251 1143 2306 Inachi
1190 2261 1403 2323 tempus
1431 2263 1485 2309 et
1516 2256 1733 2325 scriptis
1764 2272 1920 2311 man-

345 2337 486 2404 dari,
511 2349 565 2395 et
589 2340 644 2394 in
673 2341 954 2397 hominum
986 2343 1298 2414 cognitione
1347 2347 1554 2401 versari
1593 2362 1828 2418 coepere,
1864 2349 1919 2403 id

346 2430 523 2499 ipsum
558 2433 758 2503 pariter
791 2434 894 2490 sub
936 2434 1104 2492 Mosis
1143 2446 1357 2491 atatem
1407 2439 1722 2510 contigisse.
1780 2438 1916 2496 Nam

344 2520 651 2591 Phoroneo,
692 2524 786 2593 qui
837 2535 961 2596 post
1007 2525 1265 2582 Inachum
1311 2530 1579 2599 regnavit,
1629 2546 1917 2601 supparem

343 2613 703 2672 Athenienses
729 2616 965 2689 Ogygem
996 2617 1203 2675 faciunt
1223 2661 1238 2686 ,
1289 2621 1393 2676 sub
1421 2637 1531 2691 quo
1560 2622 1796 2693 primum
1829 2625 1903 2680 di-

342 2704 550 2761 luvium
575 2708 803 2776 accidit;
859 2719 973 2764 tum
1005 2710 1303 2766 Phorbanti
1333 2711 1595 2780 Actaum,
1625 2730 1657 2769 a
1685 2730 1795 2785 quo
1818 2714 1916 2770 At-

344 2799 451 2854 tica
492 2798 686 2855 Actaeae
717 2816 912 2856 nomen
944 2803 1194 2858 habuerit
1240 2822 1255 2858 :
1306 2803 1521 2876 Triopa
1548 2806 1743 2862 deinde
1784 2805 1920 2861 Pro-

345 2889 640 2956 metheum,
670 2890 1069 2961 Epimetheum,
1101 2895 1396 2961 Atlantem,
1415 2897 1689 2967 geminum
1718 2898 1919 2953 Cecro-

342 2998 487 3055 pem,
513 2994 567 3039 et
589 2985 661 3040 Io.
725 2986 806 3041 Ad
834 2985 1053 3057 Crotopi
1082 3003 1256 3043 avum
1298 2997 1353 3043 et
1379 2987 1697 3045 Phaetontis
1726 2990 1918 3045 incen-

342 3077 521 3144 dium,
550 3086 605 3132 et
637 3077 979 3134 Deucalionis
1006 3080 1268 3135 diluvium
1303 3080 1546 3136 referunt
1573 3100 1586 3136 :
1611 3097 1735 3137 cum
1759 3081 1917 3138 Sthe-
1942 3104 1987 3158 υ

343 3168 526 3236 nelao,
567 3169 980 3241 Ampliiclyonis
1005 3186 1253 3240 regnum,
1302 3169 1471 3225 Danai
1500 3172 1555 3225 in
1583 3171 1919 3242 Peloponne—

345 3274 470 3316 sum
504 3258 819 3324 adventum,
866 3260 1142 3315 conditam
1177 3277 1208 3315 a
1258 3259 1509 3316 Dardano
1566 3252 1916 3324 Dardaniam,

345 3357 403 3404 et
430 3347 660 3417 Europa
706 3363 771 3402 ex
816 3347 1099 3404 Phanicia
1142 3348 1577 3419 deportationem
1610 3347 1664 3402 in
1700 3347 1917 3402 Cretam

348 3441 607 3511 temporis
639 3439 896 3495 societate
943 3439 1302 3511 conjungunt.
1362 3439 1477 3495 Sub
1506 3438 1752 3511 Lynceo,
1784 3438 1919 3496 Pro-

346 3533 576 3604 serpina:
622 3542 858 3602 raptum,
916 3530 1191 3603 Eleusynii
1226 3531 1436 3586 delubri
1481 3530 1917 3598 aediﬁcationem,

347 3624 739 3693 agriculturam
791 3624 1141 3696 Triptolemi,
1174 3623 1365 3679 Cadmi
1409 3624 1722 3679 Thebanam
1753 3624 1808 3678 in
1838 3625 1918 3679 ci-

344 3714 570 3768 vitatem
624 3713 939 3779 adventum,
993 3722 1049 3769 et
1094 3712 1291 3770 Minois
1353 3728 1578 3784 regnum
1626 3714 1915 3770 collocant.

347 3806 427 3861 Ad
456 3805 697 3863 Pratum
722 3806 971 3877 Eumolpi
1006 3807 1201 3862 bellum
1225 3806 1487 3861 adversus
1514 3806 1875 3862 Athenienses
1899 3823 1915 3873 ;

347 3898 415 3951 ad
453 3895 727 3954 Acrisium
757 3898 972 3969 Pelopis
1003 3898 1373 3969 trajectionem
1408 3914 1475 3953 ex
1520 3896 1785 3970 Phrygia,
1829 3897 1914 3954 lo-

347 3988 437 4045 nis
459 3988 698 4045 Athenas
716 3990 1028 4054 adventum,
1049 3990 1343 4059 Cecropem
1364 3990 1593 4045 alterum
1620 3990 1914 4060 juniorem,

349 4073 642 4148 Perseique
684 4093 772 4133 res
798 4087 977 4148 gestas
1015 4088 1292 4134 revocant.
1350 4078 1634 4135 Postremo
1662 4089 1919 4151 regnante

349 4168 755 4240 Agamemnone
788 4180 1005 4240 captum
1038 4179 1121 4226 est
1146 4169 1323 4225 Ilium.
1355 4170 1517 4243 495
1548 4170 1691 4243 Ergo
1727 4188 1792 4227 ex
1822 4188 1918 4227 su-

348 4259 682 4332 perioribus,
732 4259 973 4327 Moscm,
1022 4261 1300 4327 heroibus,
1350 4262 1680 4328 civitatibus,
1716 4277 1782 4318 ac
1809 4261 1918 4317 da-

348 4352 603 4407 monibus
629 4351 761 4421 ipsis
794 4353 1155 4422 antiquiorem
1183 4353 1369 4418 fuisse,
1401 4353 1689 4409 manifesto
1718 4354 1915 4409 intelli-

2022 515 2112 568 τδν
2136 515 2360 584 νουνεχῆ
2388 514 2622 568 συνιέναι
2647 515 2784 584 μετὰ
2808 513 2989 583 πάσης
3013 511 3319 583 ἀκριϐείας,
3345 513 3428 565 ὅτι
3455 513 3604 567 κατὰ

2021 607 2120 677 τὴν
2156 606 2267 659 τῶν
2297 607 2568 677 Ἐλλήνων
2608 606 2907 675 παράδοσιν
2948 603 3059 657 οὐδ’
3112 605 3356 675 ἱστορίας
3399 621 3484 668 τις
3528 599 3605 674 ἧν

2022 702 2153 771 παρ’
2180 700 2363 763 αὐτοῖς
2407 700 2718 771 ἀναγραφή.
2763 698 2984 768 Κάδμος
3021 697 3150 768 γάρ,
3196 697 3226 749 ό
3259 697 3328 750 τά
3360 699 3605 768 στοιχεῖα

2020 794 2133 855 τοῖς
2180 790 2598 863 προειρημένοις
2642 789 2939 861 παραδοὺς,
2982 788 3118 859 μετὰ
3157 788 3358 852 πολλάς
3404 788 3605 857 γενεὰς

2019 883 2118 952 τῆς
2139 882 2400 943 Βοιωτίας
2438 883 2632 953 ἐπέϐη.
2664 879 2820 936 Μετὰ
2847 880 2905 935 δὲ
2931 882 3142 949 Ἴναχον
3175 881 3281 933 ὑπὸ
3304 879 3603 951 Φορωνέως

2023 975 2178 1045 μόλις
2214 975 2308 1028 τοῦ
2353 973 2649 1045 θηριώδους
2691 974 2803 1044 βίου
2856 975 2952 1027 καί
2995 974 3227 1043 νομάδος
3276 975 3601 1045 περιγραφὴ

2020 1065 2250 1133 γέγονε,
2304 1065 2790 1136 μετεκοσμήθησάν
2833 1082 2892 1118 τε
2945 1066 2997 1118 οί
3042 1065 3340 1136 ἄνθρωποι.
3393 1066 3602 1136 Διόπερ

2020 1157 2070 1208 εί
2101 1157 2243 1209 κατὰ
2301 1157 2512 1227 Ἴναχον
2558 1158 2797 1227 πέφηνεν
2845 1158 2875 1210 ὁ
2908 1158 3114 1229 Μωσῆς
3150 1156 3412 1226 γεγονὼς,
3464 1175 3604 1230 πρε-

2022 1247 2282 1319 σϐύτερός
2309 1247 2427 1300 ἐστι
2453 1245 2561 1300 τῶν
2589 1246 2833 1301 Ἰλιακῶν
2849 1246 2995 1300 ἔτεσι
3009 1248 3399 1319 τετρακοσίοις.
3430 1250 3599 1302 Ἀπο-

2017 1339 2291 1393 δείκνυται
2310 1339 2369 1392 δὲ
2382 1338 2528 1391 τοῦθ’
2548 1337 2719 1403 οὕτως
2736 1338 2858 1408 ἔχον
2877 1339 2985 1392 ἀπό
3005 1356 3065 1392 τε
3081 1340 3181 1410 τῆς
3196 1339 3305 1392 τῶν
3333 1340 3605 1395 Ἀττικῶν

2021 1430 2288 1501 βασιλέων
2327 1429 2595 1500 διαδοχῆς,
2622 1429 3010 1484 Μακεδονικῶν
3064 1446 3126 1483 τε
3165 1431 3261 1483 καὶ
3286 1431 3598 1502 Πτολεμαῖ-

2019 1521 2153 1585 κῶν,
2180 1522 2260 1575 ἐτι
2284 1522 2343 1575 δὲ
2364 1522 2460 1575 καὶ
2491 1520 2856 1590 Ἀντιοχικῶν.
2895 1521 3057 1575 Ὅθεν
3080 1524 3129 1576 εί
3159 1521 3301 1576 κατὰ
3325 1522 3418 1575 τὸν
3450 1525 3601 1576 Ἵνα-

2018 1630 2112 1682 χον
2132 1611 2340 1683 (87-88)
2372 1613 2430 1663 αἱ
2474 1611 2889 1681 διαφανέστατοι
2925 1611 3155 1683 πράξεις
3186 1614 3316 1684 παρ’
3341 1612 3607 1684 Ἕλλησιν

2019 1704 2338 1776 ἐγράφησαν
2360 1720 2421 1756 τε
2455 1704 2549 1758 καὶ
2584 1703 2967 1773 γινώσκονται,
3015 1703 3189 1774 δῆλον,
3220 1704 3299 1768 ὡς
3326 1704 3422 1758 καὶ
3454 1704 3598 1775 μετὰ

2022 1796 2246 1850 Μωσέα.
2300 1794 2457 1848 Κατὰ
2505 1796 2602 1865 μὲν
2642 1794 2752 1867 γάρ
2790 1795 3044 1867 ⁴Ιιορωνέα
3079 1795 3170 1848 τὸν
3231 1795 3349 1865 μετ’
3377 1796 3600 1865 Ἴναχον

2025 1884 2418 1957 μνημονεύεται
2443 1885 2574 1955 παρ’
2600 1884 2903 1955 Ἀθηναίοις
2921 1885 3177 1953 Ὥγυγος,
3212 1885 3296 1953 ἐφ’
3328 1876 3390 1937 οὗ
3420 1900 3590 1937 κατα-

2021 1976 2259 2046 κλυσμδς
2274 1978 2302 2030 ὁ
2324 1978 2556 2048 πρῶτοςο
2581 1977 2722 2030 κατὰ
2748 1976 2804 2029 δέ
2824 1977 3102 2047 Φόρϐαντα
3136 1977 3399 2038 ’Λκταῖος,
3416 1976 3510 2045 ἀφ’
3531 1971 3598 2032 οὗ

2035 2064 2263 2116 Ἀκταία
2297 2066 2331 2134 ἡ
2356 2064 2598 2135 Ἀττική’
2637 2063 2779 2118 κατὰ
2802 2064 2858 2117 δὲ
2893 2066 3134 2135 Τριόπαν
3154 2063 3478 2135 Προμηθεὺς
3499 2064 3599 2119 καὶ

2033 2153 2383 2225 Ἐπιμηθεὺς,
2418 2154 2514 2208 καὶ
2535 2155 2756 2218 Ἀτλας,
2787 2156 2883 2208 καὶ
2909 2157 2938 2208 ὁ
2962 2155 3157 2225 διφυὴς
3178 2154 3424 2227 Κέκροψ,
3446 2155 3543 2208 καί
3558 2156 3597 2226 ἡ

2033 2245 2148 2299 Ἰώ·
2181 2246 2324 2301 κατὰ
2352 2247 2723 2320 δέΚροτωπὸν
2743 2252 2776 2321 ἡ
2800 2250 2892 2302 ἐπὶ
2923 2247 3221 2311 Φαέθοντος
3256 2247 3595 2319 ἐκπύρωσις,

2020 2340 2114 2393 καὶ
2141 2341 2174 2410 ἡ
2204 2338 2297 2393 ἐπὶ
2316 2340 2685 2405 Δευκαλίωνος
2712 2339 2987 2411 ἐπομϐρία
3007 2356 3021 2370 ·
3048 2340 3190 2393 κατὰ
3215 2339 3273 2392 δὲ
3298 2337 3607 2391 Σθενέλαον

2018 2429 2054 2500 ἢ
2083 2447 2141 2483 τε
2167 2429 2260 2482 τοῦ
2299 2428 2690 2500 Ἀμφικτύονος
2731 2429 2994 2500 βασιλεία,
3029 2430 3124 2482 καὶ
3153 2431 3187 2499 ἡ
3223 2429 3303 2491 είς
3325 2426 3599 2480 Πελοπόν-

2017 2536 2180 2591 νησον
2223 2522 2431 2575 Δαναοῦ
2480 2521 2751 2593 παρουσία
2776 2561 2790 2585 ,
2841 2521 2936 2573 καὶ
2980 2522 3014 2590 ὴ
3049 2520 3157 2572 ὑπὸ
3194 2519 3470 2590 Δαρδάνου
3492 2518 3605 2589 τῆς

2019 2610 2314 2681 Δαρδανίας
2360 2609 2573 2674 κτίσις,
2620 2610 2655 2680 ἦ
2688 2626 2747 2662 τε
2798 2610 2864 2662 ἐκ
2900 2608 3153 2679 Φοινίκης
3196 2609 3297 2679 τῆς
3323 2606 3603 2680 Εὐρώπης

2018 2702 2098 2765 είς
2138 2701 2237 2773 τὴν
2266 2703 2492 2773 Κρήτην
2542 2699 2844 2772 ἀνακομιδή
2869 2717 2885 2732 ·
2945 2698 3087 2752 κατὰ
3132 2698 3190 2751 δὲ
3229 2698 3450 2767 Λυγκέα
3495 2697 3599 2767 τῆς

2020 2792 2203 2865 Κόρης
2246 2793 2281 2863 ή
2315 2793 2562 2864 ἁρπαγὴ,
2608 2793 2700 2846 καὶ
2743 2789 2898 2863 ήτοῦ
2933 2790 2990 2844 ἐν
3031 2790 3294 2843 Ἐλευσῖνι
3334 2790 3600 2860 τεμένους

2019 2883 2355 2955 καθίδρυσις,
2379 2885 2474 2937 καὶ
2502 2887 2534 2955 ή
2561 2882 2940 2955 Τριπτολέμου
2983 2884 3257 2954 γεωργία,
3297 2883 3392 2935 καὶ
3425 2883 3460 2952 ἡ
3482 2881 3600 2936 Κά-

2017 2977 2153 3050 δμου
2182 2980 2262 3042 είς
2288 2978 2469 3049 Θήϐας
2502 2977 2791 3046 παρουσία,
2816 2976 3029 3039 Μίνωός
3054 2992 3114 3028 τε
3147 2974 3394 3045 βασιλεία
3414 2991 3430 3006 ο
3455 2973 3602 3028 κατὰ

2018 3066 2078 3122 δὲ
2107 3069 2354 3139 Προῖτον,
2400 3071 2429 3122 ὁ
2454 3067 2742 3139 Εὐμόλπου
2793 3068 2929 3138 πρὸς
2966 3066 3278 3138 Ἀθηναίους
3326 3065 3605 3137 πόλεμος-ι

2020 3161 2163 3216 κατὰ
2208 3162 2265 3215 δὲ
2301 3162 2592 3233 ’Δκρίσιον,
2631 3160 2870 3225 Πέλοπος
2916 3160 3024 3213 ἀπὸ
3053 3159 3293 3231 Φρυγίας
3327 3158 3598 3223 διάϐασις,

2020 3255 2114 3308 καὶ
2156 3256 2338 3317 Ἴωνος
2382 3255 2458 3317 είς
2506 3253 2605 3317 τὰς
2657 3253 2887 3321 Ἀθήνας
2910 3252 3113 3321 ἄφιξις,
3141 3252 3236 3304 καὶ
3279 3252 3309 3303 ὁ
3347 3250 3601 3323 δεύτερος

2020 3345 2261 3416 Κέκροψ,
2291 3345 2351 3398 αἴ
2372 3360 2430 3397 τε
2459 3343 2710 3416 Περσέως
2753 3343 3009 3415 πράξεις·
3046 3343 3186 3396 κατὰ
3221 3342 3279 3394 δὲ
3308 3339 3407 3412 τὴν
3441 3342 3604 3410 Ἅγα-

2024 3437 2284 3509 μέμνονος
2348 3435 2625 3506 βασιλείαν
2682 3434 2843 3488 Ἴλιον
2889 3434 3050 3488 ἑάλω.
3099 3432 3307 3488 Οὐκοῦν
3357 3432 3607 3504 πέφηνεν

2020 3530 2050 3581 ὁ
2076 3527 2281 3597 Μωσῆς
2326 3527 2434 3579 ἀπό
2495 3542 2559 3595 γε
2605 3524 2716 3578 τῶν
2762 3523 3173 3596 προειρημένων
3225 3522 3602 3596 πρεσϐύτατος

2020 3618 2235 3690 ἡρώων,
2272 3618 2499 3681 πόλεων,
2526 3616 2813 3688 δαιμόνων.
2849 3617 2958 3669 Καὶ
2984 3614 3087 3687 χρὴ
3126 3615 3206 3685 τῷ
3237 3615 3598 3688 πρεσϐεύοντι

2021 3710 2165 3765 κατὰ
2204 3710 2304 3781 τὴν
2333 3708 2547 3780 ήλικίαν
2582 3707 2858 3761 πιστεύειν
2907 3707 3106 3778 μᾶλλον
3151 3707 3295 3777 ήπερ
3336 3707 3452 3769 τοῖς
3490 3706 3601 3760 ἀπὸ

2022 3801 2207 3873 πηγῆς
2252 3799 2614 3871 ἀρυσαμένοις
2663 3798 2947 3868 Ἕλλησιν,
2998 3799 3060 3853 οὐ
3105 3799 3224 3850 κατ’
3279 3796 3603 3865 ἐπίγνωσιν,

2020 3893 2271 3946 τάκείνου
2312 3892 2574 3963 δόγματα.
2626 3889 2819 3943 Πολλοὶ
2869 3890 2977 3963 γὰρ
3018 3891 3068 3942 οἱ
3104 3890 3224 3943 κατ’
3268 3889 3466 3953 αὐτοὺς
3512 3905 3600 3943 σο-

2021 3988 2207 4056 φισταὶ
2227 3987 2557 4058 κεχρημένοι
2591 3985 2901 4058 περιεργίᾳ,
2935 3985 2985 4039 οἲ
3014 3984 3113 4039 ὅσα
3140 3984 3293 4056 παρὰ
3316 3983 3429 4039 τῶν
3456 3984 3602 4038 κατὰ

2022 4080 2228 4135 Μωσέα
2269 4080 2364 4133 καὶ
2391 4079 2499 4131 τῶν
2556 4079 2756 4143 ὁμοίως
2783 4076 2932 4147 αὐτῷ
2965 4076 3397 4146 φιλοσοφούντων
3430 4075 3602 4144 ἐγνω-

2022 4188 2141 4234 σαν,
2192 4170 2633 4242 παραχαράττειν
2673 4169 3075 4240 ἐπειράθησαν·
3119 4167 3334 4238 πρῶτον
3369 4166 3471 4239 μὲν
3511 4167 3604 4220 ἵνα

2012 4267 2071 4318 νει
2110 4263 2288 4331 λέγειν
2312 4264 2442 4319 ίδιον
2484 4262 2811 4335 νομισθῶσι,
2854 4262 3103 4332 δεύτερον
3141 4260 3186 4314 δ’
3212 4261 3359 4324 ὅπως
3398 4259 3469 4313 τὰ
3499 4261 3604 4313 ὅσα

2026 4354 2100 4426 μὴ
2134 4354 2406 4419 συνίεσαν,
2438 4354 2527 4407 διά
2558 4370 2703 4416 τινος
2748 4351 3081 4406 ἐπιπλάστου
3125 4349 3446 4420 ῥητολογίας
3491 4367 3603 4403 πα-

349 4442 513 4515 gitur.
550 4441 745 4499 Verius
772 4454 950 4499 autem
980 4442 1223 4514 proiecto
1247 4454 1350 4512 est,
1374 4444 1582 4499 homini
1614 4452 1771 4499 atate
1794 4444 1916 4514 plu-

2029 4447 2487 4521 ρακαλύπτοντες,
2538 4446 2615 4510 ὡς
2669 4445 2995 4517 μυθολογίαν
3037 4444 3149 4516 (89)
3195 4444 3295 4515 τὴν
3344 4443 3611 4515 ἀλήθειαν

348 4534 551 4589 rimum
573 4525 887 4605 antegress'o
912 4534 1071 4590 ﬁdem
1105 4535 1326 4602 habere,
1362 4550 1527 4605 quam
1551 4533 1776 4598 Gracis,
1823 4534 1917 4604 qui

347 4625 470 4697 ejus
500 4626 751 4697 dogmata
783 4636 842 4682 ut
869 4642 936 4682 ex
966 4627 1198 4697 ipsomet
1224 4625 1373 4682 fonte
1395 4626 1706 4692 hauserint,
1736 4626 1919 4682 minus

346 4730 532 4776 tamen
575 4735 718 4776 vera
763 4719 1005 4776 scientia
1044 4719 1268 4774 ductum
1308 4717 1480 4773 secuti
1510 4725 1656 4773 sunt.
1723 4716 1922 4787 Sophi-

350 4823 466 4866 stas
508 4810 654 4866 enim
681 4809 982 4881 permultos
1010 4809 1271 4874 habuere,
1321 4807 1416 4876 qui
1469 4807 1773 4863 curiositati
1807 4821 1920 4862 sua

349 4903 630 4970 obsecuti,
675 4917 1015 4973 quacunque
1065 4901 1148 4955 vel
1196 4915 1227 4954 a
1274 4897 1463 4965 Mose,
1509 4900 1592 4955 vel
1624 4900 1693 4953 ab
1724 4898 1920 4954 similis

349 4995 708 5066 philosophia
759 4992 1159 5065 professoribus
1210 5001 1551 5063 acceperant,
1612 4989 1922 5048 adulterare

351 5086 536 5142 omnia
570 5085 749 5142 conati
778 5094 906 5140 sunt
937 5103 953 5139 :
977 5083 1212 5153 primum
1243 5092 1303 5137 ut
1328 5081 1601 5151 singulare
1628 5077 1833 5148 aliquid
1854 5092 1920 5132 ac

350 5178 632 5249 prcprium
656 5177 837 5232 dicere
881 5176 1212 5238 viderentur,
1260 5172 1454 5228 deinde
1485 5178 1546 5224 ut
1590 5184 1710 5240 qua
1737 5167 1920 5223 minus

350 5278 795 5339 assequerentur,
829 5282 894 5322 ea
920 5264 1304 5322 commentitia
1349 5263 1603 5318 dictionis
1630 5261 1809 5332 specie
1836 5262 1920 5315 in-

352 5360 637 5426 volvendo,
683 5359 988 5413 fabularum
1020 5359 1194 5413 instar
1216 5359 1495 5413 veritatem
1528 5357 1703 5427 ipsam
1735 5356 1919 5411 tradu-

423 5517 640 5590 (87-88)
687 5519 846 5573 Κατὰ
892 5519 998 5572 τὸν
1051 5520 1301 5588 Ἴναχον.
1354 5517 1787 5590 Τειίίιηηᾲμετὰ
1831 5516 1921 5590 τδν

354 5591 571 5660 Ἴναχον
591 5587 844 5660 ,rectius
865 5631 879 5649 ,
902 5598 971 5660 ut
999 5587 1253 5660 existimo
1272 5631 1286 5653 ,
1313 5590 1441 5657 quia
1480 5588 1727 5660 sequitur
1759 5587 1923 5657 paulo

354 5657 510 5729 post,
542 5660 638 5729 καὶ
679 5659 815 5729 μετὰ
854 5659 1075 5729 Μωσέα.
1134 5658 1415 5729 Tametsi,
1456 5657 1580 5713 cum
1612 5657 1923 5729 Gracorum

360 5726 643 5783 historiam
675 5726 742 5783 ab
770 5726 969 5785 Inacho
992 5728 1102 5786 lere
1129 5729 1255 5786 duci
1286 5728 1585 5798 conﬁrmet,
1612 5727 1919 5797 utrobique,

2026 4538 2547 4613 παραϐραϐεύσωσι.
2589 4539 2726 4611 Περὶ
2760 4538 2858 4608 μὲν
2890 4533 2983 4592 οὖν
3023 4536 3126 4606 τῆς
3163 4536 3287 4591 καθ’
3319 4537 3467 4607 ἡμᾶς
3500 4553 3604 4590 πο-

2026 4631 2259 4697 λιτείας,
2306 4632 2544 4703 ἱστορίας
2592 4647 2654 4683 τε
2703 4631 2803 4702 τῆς
2840 4630 2982 4684 κατὰ
3011 4630 3138 4692 τοὺς
3166 4628 3469 4699 ἡμετέρους
3519 4627 3609 4680 νό-

2030 4742 2182 4797 μους,
2209 4726 2309 4778 ὂσα
2332 4741 2394 4777 τε
2424 4724 2706 4794 εἰρήκασιν
2737 4723 2788 4776 οἱ
2826 4722 2977 4794 παρὰ
3006 4723 3118 4785 τοῖς
3152 4721 3377 4792 Ἕλλησι
3410 4719 3606 4790 λόγιοι,

2027 4817 2121 4869 καὶ
2174 4815 2328 4870 πόσοι
2351 4853 2367 4879 ,
2410 4814 2503 4867 καὶ
2529 4813 2674 4877 τίνες
2727 4812 2863 4867 εἰσὶν
2905 4812 2956 4865 οί
3001 4812 3500 4884 μνημονεύσαντες,
3545 4814 3610 4864 ἐν

2025 4904 2104 4975 τῷ
2140 4904 2278 4976 πρὸς
2305 4903 2431 4968 τοὺς
2465 4903 2916 4974 ἀποφηναμένους
2948 4902 3020 4956 τὰ
3052 4903 3181 4973 περὶ
3205 4900 3342 4954 Θεοῦ
3386 4900 3613 4972 δειχθή-

2030 5012 2210 5051 astat:
2243 4994 2305 5048 τὸ
2329 4995 2387 5048 δὲ
2415 4994 2511 5048 νῦν
2536 4994 2679 5065 ἔχον,
2713 4991 3008 5048 σπευστέον
3042 4991 3183 5063 μετὰ
3218 4992 3404 5063 πάσης
3445 4992 3614 5062 ἀκριρ

2028 5084 2179 5147 ϐείας
2205 5083 2543 5153 σαφηνίζειν,
2565 5084 2642 5146 ὡς
2661 5083 2760 5154 οὐχ
2786 5083 3025 5154 Ὀμήρου
3049 5081 3208 5153 μόνον
3233 5080 3613 5153 πρεσϐύτερός

2030 5177 2177 5229 ἐστιν
2212 5176 2240 5227 ὁ
2263 5175 2489 5246 Μωσῆς,
2522 5173 2603 5226 ἔτι
2643 5173 2701 5226 δὲ
2727 5172 2820 5227 καὶ
2873 5172 2983 5226 τῶν
3009 5171 3117 5243 πρὸ
3150 5170 3317 5225 αὐτοῦ
3361 5186 3613 5242 συγγρα-

2034 5267 2200 5337 φέων,
2255 5266 2439 5329 Λίνου,
2487 5266 2867 5336 Φιλάμμωνος,
2917 5262 3241 5335 Θαμύριδος,
3290 5259 3611 5332 Ἀμφίονος,

2042 5359 2318 5433 Ὀρφέως,
2352 5359 2658 5423 Μουσαίου,
2693 5358 3021 5428 Δημοδόκου,
3050 5355 3280 5427 Φημίου,
3317 5354 3611 5423 Σιϐύλλης,

2031 5518 2195 5585 κατά,
2217 5532 2324 5573 non
2348 5514 2690 5571 incommode
2717 5514 2819 5584 legi
2838 5513 3029 5583 possit.
3047 5510 3223 5580 Atque
3252 5509 3399 5564 hanc
3425 5508 3616 5565 lectio-

2030 5604 2151 5643 nem
2186 5588 2356 5643 secuti
2390 5601 2600 5641 sumus.

2102 5658 2212 5714 189‘
2261 5657 2355 5724 Ὠς
2379 5656 2772 5726 μιιοθολογίαν.
2807 5652 3045 5719 Tatian.,
3075 5653 3195 5715 ταῖς
3231 5647 3615 5721 μυθολογίαις.
