3842 6226
147 316 259 375 825

1335 324 1653 381 PREPAH.
1694 321 1949 382 EVANG.
1990 322 2118 378 LIB.
2158 325 2226 378 X.

3308 326 3420 382 826

148 437 495 510 Ἐπιμενίδου
525 438 618 493 τοῦ
636 442 873 513 Κρητὸς,
905 444 1156 531 ὅστιςείς
1194 445 1290 517 τὴν
1337 446 1596 518 Σπάρτην
1627 447 1734 516 ἀφ-

1838 453 2041 501 cerent.
2104 442 2307 500 Verum
2336 443 2405 500 de
2433 443 2746 515 reipublicae
2776 452 2977 499 nostra:
3004 441 3176 499 forma
3195 487 3210 512 ,
3241 445 3421 516 deque

150 531 332 594 ίκετο,
385 532 693 602 Ἀρισταίου
744 534 839 588 τοῦ
894 537 1293 607 Προκοννησίου
1319 578 1334 602 ,
1389 539 1486 592 καὶ
1532 539 1628 592 τοῦ
1660 538 1730 593 τά

160 617 543 687 Ἀριμάσπεα
582 622 992 693 συγγράψαντος
1009 664 1026 690 ,
1072 624 1322 679 Ἀσϐόλου
1360 644 1419 680 τε
1446 627 1540 681 τοῦ
1582 630 1723 682 Κεν-

144 709 373 782 ταύρου,
410 712 505 764 καὶ
549 712 821 780 Ἶσάτιδος,
856 713 1148 785 Δρύμωνός
1178 733 1235 769 τε
1275 719 1366 771 καὶ
1393 718 1599 772 Εὔκλου
1627 720 1723 774 τοῦ

147 801 420 873 Κυπρίου,
458 804 551 857 καὶ
581 805 745 877 Ὥρου
798 806 897 859 τοῦ
938 807 1144 879 Σαμίου
1163 847 1181 873 ,
1212 811 1307 864 καὶ
1337 811 1683 884 Προταινίδου
1701 825 1727 855 ι

145 894 240 947 τοῦ
284 895 589 967 Ἀθηναίου.
628 899 786 961 Αἶνος
821 899 918 969 μὲν
960 900 1071 973 γὰρ
1112 902 1446 973 Ἡρακλέους
1489 906 1608 958 ἐστὶ
1648 905 1729 959 δι-

145 987 447 1052 δάσκαλος·
496 992 525 1043 6
564 989 935 1064 δὲ.Ἡρακλῆς
970 995 1072 1064 μιᾷ
1096 993 1205 1047 τῶν
1240 994 1503 1066 Τρωϊκῶν
1530 1014 1732 1069 προγε-

146 1081 405 1152 νέστερος
462 1081 672 1153 πέφηνε
723 1086 909 1156 γενεᾷ.
982 1087 1154 1140 Τοῦτο
1209 1087 1268 1142 δέ
1327 1091 1443 1142 ἔστι
1497 1091 1732 1162 φανερὸν

147 1173 259 1226 ἀπὺ
286 1174 381 1227 τοῦ
411 1175 601 1239 παιδὸς
628 1177 795 1231 αὑτοῦ
825 1179 1199 1251 Τληπολέμου,
1237 1182 1332 1235 τοῦ
1366 1184 1728 1255 στρατεύσαν-

145 1282 241 1331 τος
286 1267 381 1321 ἐπὶ
418 1268 605 1323 Ἴλιον.
646 1270 880 1342 Ὀρφεὺς
915 1272 971 1325 δὲ
1022 1274 1161 1328 κατὰ
1194 1275 1289 1328 τὸν
1326 1277 1502 1330 αὐτὸν
1541 1278 1730 1349 χρόνον

160 1358 424 1429 Ἠρακλεί
455 1361 680 1429 γέγονεν
699 1379 712 1393 ·
754 1363 928 1428 ἄλλως
963 1383 1022 1419 τε
1058 1367 1153 1420 καὶ
1175 1366 1246 1421 τά
1277 1368 1356 1433 είς
1378 1369 1510 1423 αὐτὸ
1546 1370 1731 1423 ὲπεισ-

148 1451 429 1522 φερόμενά
483 1469 647 1522 φασιν
692 1453 799 1508 ὑπὸ
858 1457 1249 1530 Ὀνομακρίτου
1299 1460 1394 1513 τοῦ
1441 1460 1729 1532 Ἀθηναίου

149 1543 532 1614 συντετάχθαι,
577 1546 869 1617 γενομένου
923 1549 1064 1601 κατὰ
1092 1550 1193 1620 τὴν
1224 1549 1332 1603 τῶν
1356 1552 1732 1623 Πεισιστρατι-

145 1638 256 1693 δῶν
291 1639 470 1711 ἀρχὴν
507 1640 636 1710 περὶ
663 1639 763 1712 τὴν
804 1641 1177 1712 πεντηκοστὴν
1223 1642 1579 1713 Ὀλυμπιάδα.
1621 1644 1729 1697 Τοῦ

145 1730 193 1783 δ’
209 1730 454 1802 Ὀρφέως
481 1731 759 1794 Μουσαῖος
788 1730 1054 1803 μαθητής.
1081 1733 1329 1804 ’Δμφίων
1357 1733 1413 1787 δὲ
1443 1734 1565 1788 δυσ)⁸
1597 1752 1730 1807 προ-

146 1822 300 1891 άγων
336 1826 554 1891 γενεαῖς
591 1822 699 1878 τῶν
741 1824 1021 1896 Τρωῖκῶν.
1063 1824 1159 1878 τοῦ
1197 1825 1418 1880 πλείονα
1451 1826 1560 1899 (90)
1593 1829 1732 1900 πρὸς

145 1917 277 1979 τοὺς
295 1916 612 1985 φιλομαθεῖς
634 1916 948 1970 συντάττειν
969 1918 1116 1989 ἡμᾶς
1134 1918 1408 1990 ἀπείργει.
1427 1922 1502 1990 Δη
1511 1920 1733 1989 μόδοκός

145 2027 204 2061 τε
235 2009 332 2063 καὶ
358 2008 566 2078 Φήμιος
599 2008 720 2062 κατ’
751 2008 914 2062 αὑτὸν
961 2010 1052 2063 τὸν
1080 2011 1326 2081 Τρωϊκὸν
1374 2011 1608 2083 πόλεμον
1640 2028 1724 2081 γε-

146 2100 379 2170 γόνασι·
415 2099 680 2172 διέτριϐον
712 2100 822 2171 γὰρ
867 2101 896 2153 6
925 2102 1023 2172 μὲν
1067 2101 1178 2173 (91)
1224 2102 1376 2173 παρά
1423 2105 1535 2167 τοῖς
1597 2120 1736 2176 μνη-

147 2193 383 2267 στῆρσι,
416 2195 445 2248 ὁ
472 2192 658 2265 δὲ(92)
690 2193 837 2265 παρά
868 2195 980 2257 τοῖς
1029 2194 1241 2261 Φαίαξι.
1282 2194 1394 2248 Καὶ
1438 2196 1465 2247 6
1488 2194 1736 2267 Θάμυρις

147 2287 243 2340 καὶ
285 2286 317 2338 ὁ
348 2284 649 2357 Φιλάμμων
681 2286 743 2338 οὐ
781 2285 916 2339 πολὺ
948 2284 1153 2339 τούτων
1186 2286 1324 2337 εἰσὶν
1367 2283 1730 2356 ἀρχαιότεροι.

146 2377 286 2450 Περὶ
325 2376 427 2447 μὲν
466 2372 562 2428 οὖν
585 2376 683 2447 τῆς
711 2374 835 2429 καθ’
861 2375 1092 2429 ἕκαστον
1121 2373 1278 2443 λόγον
1325 2373 1732 2446 πραγματείας,

145 2465 361 2538 χρόνων
386 2481 447 2518 τε
473 2465 798 2535 ἀναγραφῆς
826 2464 1028 2522 αὐτῶν.
1054 2464 1131 2528 ὡς
1158 2459 1330 2534 οἶμαι,
1358 2463 1564 2533 σφόδρα
1597 2462 1736 2534 μετὰ

148 2558 335 2628 πάσης
363 2557 494 2627 ὑμῖν
523 2555 806 2627 ἀκριϐείας
857 2554 1271 2627 ἀνεγράψαμεν.
1311 2553 1431 2607 Ἵνα
1457 2553 1515 2607 δὲ
1544 2554 1641 2606 καὶ
1673 2552 1736 2606 τὸ

150 2649 319 2721 μέχρι
368 2646 466 2702 νῦν
521 2648 698 2701 ἐνδέον
751 2646 1241 2720 ἀποπληρώσωμεν
1263 2685 1281 2712 ,
1330 2646 1409 2700 ἔτι
1460 2645 1554 2700 καὶ
1606 2645 1736 2717 περὶ

148 2741 258 2795 τῶν
300 2737 680 2810 νομιζομένων
725 2738 906 2809 σοφῶν
952 2740 1269 2811 ποιήσωμεν
1307 2738 1408 2809 τὴν
1438 2737 1731 2805 ἀπόδειξιν.

147 2832 339 2896 Μίνως
377 2832 478 2903 μὲν
517 2831 629 2903 γὰρ
659 2833 688 2885 6
712 2833 894 2903 πάσης
935 2830 1193 2903 προῦχειν
1220 2830 1496 2903 νομισθεὶς
1521 2830 1734 2900 σοφίας,

148 2920 433 2993 ἀγχινοίας
477 2938 538 2975 τε
595 2922 691 2976 καὶ
734 2920 1092 2992 νομοθεσίας,
1159 2921 1254 2975 ἐπὶ
1330 2921 1590 2992 Λυγκέως
1638 2921 1736 2977 τοῦ

152 3015 290 3085 μετά
310 3014 521 3068 Δαναὸν
555 3013 973 3085 βασιλεύσαντος
1003 3013 1249 3082 γέγονεν,
1287 3013 1549 3087 ἑνδεκάτῃ
1574 3016 1737 3088 γενεᾷ

1832 539 2012 608 legum
2045 548 2358 595 nostrarum
2393 538 2622 594 historia
2649 578 2666 603 ,
2715 540 2858 609 quod
2888 536 3201 594 Graecorum
3231 540 3417 595 erudi-

1831 631 2032 687 tissimi
2066 632 2272 702 quique
2322 631 2665 702 scripserint,
2699 638 2835 701 quot
2859 632 3022 701 quive
3051 631 3197 686 illius
3223 633 3417 685 memi-

1833 723 2037 788 nerint,
2068 724 2332 778 adversus
2358 736 2475 787 eos,
2526 721 2620 791 qui
2647 722 2714 777 de
2748 723 2912 777 rebus
2944 723 3144 778 divinis
3173 722 3418 794 disputa-

1830 823 1981 878 runt,
2013 813 2067 869 in
2099 814 2337 869 medium
2363 814 2674 870 aﬂ'eremus.
2715 813 2871 870 Nunc
2903 828 3033 869 vero
3063 815 3330 885 agendum
3360 815 3412 871 id

1831 908 1989 963 nobis
2036 917 2139 975 est,
2192 916 2274 975 ut,
2328 922 2493 978 quam
2547 906 2965 977 diligentissime
3014 906 3133 961 ﬁeri
3192 906 3413 977 poterit,

1829 1002 2206 1065 ostendamus,
2242 1016 2351 1055 non
2381 999 2619 1055 Homero
2644 999 2819 1056 solum
2848 999 3213 1069 antiquiorem
3244 997 3415 1054 fuisse

1829 1093 2035 1150 Mosem
2057 1134 2074 1159 ,
2099 1109 2289 1150 verum
2314 1095 2478 1148 etiam
2500 1093 2889 1148 vetustioribus
2925 1092 3158 1147 Homero
3183 1092 3415 1161 scripto-

1831 1187 2017 1251 rihus,
2048 1186 2215 1252 Lino,
2243 1184 2656 1250 Pbilammone,
2689 1184 3019 1256 Thamyride
3039 1224 3053 1248 ,
3085 1183 3416 1252 Amphione,

1830 1279 2077 1352 Orpheo,
2111 1280 2346 1345 Musaeo,
2375 1278 2706 1343 Demodoco,
2739 1275 2986 1342 Phemio,
3019 1276 3241 1347 Sibylla,
3281 1275 3415 1346 Epi-

1830 1374 2048 1430 menide
2096 1375 2381 1438 Cretensi,
2424 1375 2518 1443 qui
2566 1371 2817 1442 Spartam
2870 1372 3155 1441 migravit,
3186 1370 3420 1425 Aristaeo

1830 1463 2236 1530 Proconnesio,
2292 1462 2721 1537 Arimaspiorum
2751 1473 3001 1526 auctore,
3041 1461 3246 1527 Ashoio
3271 1460 3415 1516 Cen-

1830 1563 2011 1620 tauro,
2038 1553 2257 1621 lsatide,
2285 1554 2576 1625 Drymone,
2611 1551 2781 1607 Euclo
2805 1552 3029 1624 Cyprio,
3058 1551 3170 1606 Oro
3205 1550 3414 1615 Samio,

1830 1657 1885 1704 et
1913 1647 2221 1703 Protamide
2249 1646 2590 1701 Atheniensi.
2646 1644 2816 1698 Linus
2843 1643 2988 1697 enim
3023 1641 3273 1697 Herculis
3302 1656 3422 1696 ma-

1833 1739 2002 1810 gister
2047 1738 2182 1803 fuit,
2218 1736 2483 1792 Hercules
2526 1749 2660 1791 vero
2705 1733 2945 1804 Troiana
2992 1741 3232 1802 tempora
3261 1738 3423 1787 atate

1834 1828 2102 1882 duntaxat
2147 1841 2256 1881 una
2291 1825 2617 1892 antecessit;
2673 1831 2733 1877 ut
2762 1824 2842 1878 vel
2867 1839 2934 1877 ex
2967 1838 3034 1877 eo
3062 1821 3285 1892 intelligi
3316 1835 3417 1892 po-

1834 1928 1960 1986 test,
1997 1920 2139 1990 quod
2164 1918 2510 1989 Tlepolemus
2532 1915 2783 1973 Herculis
2810 1916 2951 1970 [ilius
2975 1913 3291 1970 Grmcorum
3321 1912 3419 1969 ad-

1834 2009 2305 2080 versusTroianos
2325 2008 2688 2080 expeditionis
2720 2007 2905 2062 socius
2940 2005 3123 2061 fuerit.
3162 2003 3418 2075 Ejusdem

1834 2101 2082 2158 Herculis
2111 2098 2365 2173 Oi'pheus
2397 2103 2623 2173 aequalis
2646 2102 2751 2156 fuit
2781 2120 2793 2156 :
2828 2100 3041 2155 tametsi
3089 2113 3211 2168 quae
3255 2096 3424 2168 vulgo

1834 2195 1938 2264 ipsi
1977 2196 2310 2261 tribuuntur,
2341 2194 2411 2249 ab
2432 2192 2786 2249 Onomacrito
2816 2191 3155 2255 Atheniensi,
3188 2189 3284 2261 qui
3316 2189 3423 2245 sub

1834 2290 2307 2348 Pisistratidarum
2343 2289 2626 2344 dominatu
2649 2331 2664 2355 ,
2712 2288 2858 2344 circa
2890 2286 3252 2359 Olympiadem
3279 2301 3387 2355 qua

1836 2381 2198 2453 dragesimam
2233 2380 2394 2447 vixit,
2424 2380 2735 2449 conscripta
2777 2378 2975 2433 ferant.
3026 2377 3228 2447 Orphei
3255 2391 3429 2447 porro

1836 2454 2402 2541 discipulus‘Musaeus
2450 2468 2572 2523 fuit.
2635 2470 2704 2523 At
2732 2468 3042 2538 Amphion,
3089 2467 3185 2537 qui
3207 2467 3423 2522 duabus

1837 2563 2077 2634 Troiana
2100 2571 2347 2632 tempora
2398 2561 2651 2615 mtatihus
2678 2568 3026 2630 antegressus
3052 2550 3162 2625 est,
3182 2560 3367 2630 plures
3390 2575 3418 2611 a

1837 2653 1998 2708 nobis
2012 2655 2081 2709 ad
2108 2653 2318 2723 priores
2343 2653 2468 2708 illos
2490 2652 2753 2707 doctrina:
2770 2650 3048 2707 studiosos
3071 2649 3292 2721 adiungi
3311 2664 3419 2707 non

1836 2746 2062 2817 patitur.
2101 2744 2222 2799 Jam
2258 2743 2669 2801 Demodocuset
2685 2740 3054 2801 Phemiussub
3082 2740 3258 2809 ipsum
3284 2738 3422 2796 Tro-
3479 2780 3493 2795 .

1834 2837 1949 2909 iani
1979 2837 2105 2892 belli
2140 2846 2355 2907 tempus
2380 2838 2661 2899 exstitere,
2688 2849 2812 2890 cum
2847 2839 2984 2889 alter
3029 2833 3171 2903 apud
3198 2830 3417 2899 Preces,

1839 2928 1984 3000 apud
2020 2928 2278 2984 Phaeacas
2316 2929 2454 2984 alter
2484 2938 2811 2983 versaretur.
2869 2924 2990 2993 Quo
3018 2934 3251 2996 utroque
3277 2921 3424 3000 Tha-

1840 3023 2013 3093 myris
2047 3036 2112 3076 ac
2133 3020 2482 3075 Philammon
2505 3019 2651 3074 haud
2681 3019 2853 3073 multo
2878 3017 3221 3087 antiquiores
3247 3015 3417 3070 fuere.

153 3106 291 3178 μετά
326 3109 543 3179 Ἴναχον
563 3124 578 3139 ο
609 3107 925 3179 Λυκοῦργος
974 3107 1055 3171 δὲ,
1099 3107 1234 3162 πολὺ
1265 3107 1404 3179 μετὰ
1448 3107 1548 3180 τὴν
1575 3107 1733 3163 Ἰλίου

1838 3110 2005 3184 496
2031 3110 2111 3167 Ac
2139 3111 2206 3166 de
2232 3111 2576 3180 singulorum
2626 3109 2845 3181 quidem
2872 3113 2928 3164 in
2954 3108 3200 3179 quolibet
3224 3121 3423 3179 genere

150 3198 435 3270 γεννηθεὶς
498 3198 700 3254 ἅλωσιν
725 3240 741 3265 ,
805 3198 913 3272 πρὸ
969 3200 1078 3254 τῶν
1131 3199 1509 3271 Ὀλυμπιάδων
1562 3198 1741 3254 ἐτεσιν

152 3293 347 3347 ἑκατὸν
392 3293 676 3365 νομοθετεῖ
703 3293 1180 3366 Λακεδαιμονίοιςο
1217 3294 1445 3364 Δράκων
1498 3292 1558 3346 δὲ
1611 3294 1742 3365 περὶ

152 3384 494 3456 Ὀλυμπιάδα
566 3385 898 3459 τριακοστὴν
962 3386 1060 3440 καὶ
1115 3386 1341 3456 ὲννάτην
1424 3385 1741 3458 εὑρίσκεται

154 3473 424 3544 γεγονώς·
470 3474 648 3529 Σόλων
696 3475 753 3529 δὲ
786 3477 916 3547 περὶ
951 3483 1066 3548 pg"
1109 3474 1434 3548 Πυθαγόρας
1469 3476 1611 3530 κατὰ
1640 3477 1740 3549 τὴν

154 3567 456 3639 ἑξηκοστὴν
504 3567 782 3640 δευτέραν.
827 3568 939 3632 Τάς
989 3569 1047 3623 δὲ
1093 3569 1464 3641 Ὀλυμπιάδας
1515 3568 1743 3642 ὕστερον

156 3659 262 3713 τῶν
295 3657 549 3739 Ἰλιακῶν
595 3658 772 3713 ἔτεσιν
805 3659 1166 3739 ἀπεδείξαμεν
1213 3660 1501 3730 γεγονυίας
1546 3677 1741 3733 τετρα-

160 3736 553 3815 κοσίοιςνὲπτά.
586 3752 694 3804 Καὶ
717 3751 781 3823 δὴ
805 3736 1011 3805 τούτων
1040 3750 1215 3816 οὕτως
1251 3752 1739 3824 ἀποδεδειγμένων,

157 3845 243 3899 διὰ
286 3844 542 3915 βραχέων
591 3843 672 3897 ἔτι
720 3845 814 3898 καὶ
871 3846 1001 3915 περὶ⁵
1050 3844 1151 3915 τῆς
1205 3844 1314 3898 τῶν
1364 3844 1504 3899 ἐπτά
1560 3847 1743 3917 σοφῶν

160 3938 374 4010 ἡλικίας
431 3937 841 4009 ἀναγράψομεν.
889 3937 996 3990 Τοῦ
1042 3937 1150 4009 γάρ
1192 3938 1569 4011 πρεσϐυτάτου
1635 3940 1743 3995 τῶν

160 4031 578 4104 προειρημένων
603 4029 866 4102 Θάλητος,
908 4031 1202 4101 γενομένου
1247 4032 1378 4104 περὶ
1412 4033 1512 4105 τὴν
1540 4050 1742 4105 πεντη-

161 4123 359 4196 κοστὴν
385 4122 748 4195 Ὀλυμπιάδα,
804 4123 900 4177 καὶ
949 4122 1020 4176 τὰ
1064 4122 1195 4194 περὶ
1247 4123 1356 4177 τῶν
1414 4124 1537 4179 κατ’
1577 4125 1741 4179 αὐτὸν

163 4216 347 4286 σχεδὸν
391 4217 525 4286 ἡμῖν
564 4214 844 4285 συντόμως
884 4215 1117 4285 εἴρηται.
1164 4214 1330 4269 Ταῦθ’
1365 4216 1514 4287 ὑμῖν,
1550 4217 1742 4288 ἄνδρες

163 4305 450 4377 Ἕλληνες,
502 4306 532 4358 6
573 4302 716 4357 κατά
766 4302 1072 4375 βαρϐάρους
1123 4304 1430 4375 φιλοσοφῶν
1477 4307 1743 4372 Τατιανδς

162 4395 467 4463 συνέταξα,
507 4395 788 4467 γεννηθεὶς
830 4396 930 4466 μὲν
975 4398 1034 4449 ὲν
1074 4399 1140 4468 τῇ
1179 4396 1289 4452 τῶν
1318 4398 1617 4472 ’Δσσυρίων
1646 4402 1739 4470 γῇ,

165 4487 477 4552 παιδευθεὶς
519 4488 578 4541 δὲ
612 4487 828 4559 πρῶτον
865 4488 964 4558 μὲν
999 4487 1070 4542 τὰ
1100 4489 1362 4562 ὑμέτερα,
1402 4490 1655 4562 δεύτερον
1686 4490 1741 4544 δὲ
1774 4473 1819 4528 Ῑ)

165 4587 317 4641 ἅτινα
367 4585 467 4639 νῦν
510 4583 799 4656 κηρύττειν
857 4583 1285 4655 ἐπαγγέλλομαι.
1340 4584 1628 4639 Γινώσκων
1685 4584 1744 4639 δὲ

167 4679 346 4732 λοιπὸν
386 4677 473 4741 τίς
508 4677 539 4730 ό
577 4675 729 4740 Θεὸς,
776 4675 871 4729 καὶ
915 4676 999 4739 τίς
1048 4676 1235 4747 ήκατ’
1286 4676 1448 4730 αὐτὸν
1502 4679 1740 4750 ποίησις,

169 4778 383 4842 ἑτοιμον
416 4768 608 4823 ἑαυτὸν
636 4767 764 4838 ὑμῖν
804 4767 940 4838 πρὸς
965 4767 1062 4838 τὴν
1085 4766 1371 4839 ἀνάκρισιν
1402 4767 1511 4821 τῶν
1536 4768 1742 4839 δογμά-

174 4882 271 4919 οων
311 4863 644 4935 παρίστημι,
692 4861 958 4934 μενούσης
993 4877 1083 4931 μοι
1116 4862 1218 4931 τῆς
1249 4861 1389 4914 κατά
1417 4860 1549 4914 Θεὸν
1596 4861 1746 4915 πολι-

173 4953 314 5018 τείας
335 4952 722 5026 ἀνεξαρνήτου.
760 4971 780 5005 ›
827 4950 1075 5006 Τοσαῦτα
1095 4951 1193 5004 καὶ
1232 4948 1261 5001 ὁ
1284 4951 1566 5017 Τατιανός.
1594 4954 1743 5007 Μετ-

168 5042 339 5113 ίωμεν
368 5041 427 5094 δὲ
464 5042 560 5095 καὶ
598 5043 690 5095 ἐπὶ
722 5040 1036 5113 Κλήμεντά.

234 5147 265 5176 ι
304 5151 408 5189 nu.
447 5133 822 5207 Προναιτίδου.

238 5228 356 5299 (90)
400 5227 512 5283 Τοῦ
541 5228 814 5293 πλείονα,
841 5234 947 5284 etc.
977 5226 1281 5282 Verborum
1313 5226 1598 5299 perspicua
1626 5243 1747 5283 sen-

170 5298 341 5355 tentia
391 5309 509 5363 est,
560 5308 614 5353 at
658 5302 893 5353 obscura
941 5299 1226 5354 sententiae
1257 5298 1416 5353 ratio.
1462 5298 1571 5352 Cur
1596 5299 1744 5353 enim

170 5370 475 5439 Amphion,
507 5369 655 5439 quod
698 5384 789 5423 res
822 5367 1089 5437 Troianas
1117 5367 1332 5439 duabus
1352 5368 1619 5439 rzetatibus
1647 5384 1746 5421 an-

170 5438 405 5505 tecedat,
432 5438 575 5508 apud
611 5439 887 5494 studiosos
912 5439 1069 5508 plura
1099 5438 1205 5494 dici
1245 5438 1565 5508 prohibeat?
1596 5438 1746 5491 Alter

170 5525 452 5565 manuscr.
470 5507 639 5563 habet
664 5507 936 5574 πλείονος,
979 5523 1048 5562 ex
1080 5524 1190 5577 quo
1221 5507 1471 5572 πλείονας
1493 5508 1699 5577 conieci
1730 5527 1743 5562 :

170 5580 325 5649 quasi
376 5578 563 5642 dicat,
612 5578 968 5649 Amphionem
1008 5587 1121 5649 tam
1157 5579 1441 5648 antiquum
1484 5594 1607 5649 esse
1687 5587 1748 5633 ut

173 5651 339 5720 alium
385 5659 649 5720 praterea
666 5648 952 5720 φιλομαθῆ
982 5648 1257 5720 neminem
1284 5648 1452 5720 quaeri
1487 5648 1744 5720 patiatur.

241 5719 354 5791 (91)
385 5716 463 5773 ’Ὁ
664 5716 923 5791 Phemius
942 5716 1245 5791 Vvideliceta
1274 5717 1466 5791 Odyss.
1500 5718 1565 5785 P,
1592 5718 1697 5773 262
1732 5738 1759 5772 ε-

177 5829 190 5844 .
233 5786 258 5845 .’
290 5830 306 5846 .
336 5786 369 5846 ’.
412 5830 428 5845 .
482 5786 628 5845 Ἀνὰ
657 5788 767 5858 γάρ
802 5786 1247 5858 σφισιβάλλετ*
1273 5787 1520 5853 ἀείδειν,

1842 3203 2060 3267 studiis,
2086 3202 2260 3272 deque
2288 3202 2405 3272 ipsa
2438 3209 2742 3271 temporum
2771 3201 2983 3255 ratione
3027 3198 3206 3266 vobis,
3235 3199 3290 3255 ni
3316 3196 3422 3253 fal-

1840 3299 1946 3362 lor,
1978 3283 2583 3368 quam'accuratissime
2612 3293 2725 3347 fieri
2758 3293 2967 3362 potuit,
2998 3292 3419 3362 disputavimus.

1842 3389 1948 3445 Sed
1976 3398 2157 3444 tamen
2188 3403 2254 3442 ne
2286 3388 2415 3458 quid
2444 3402 2471 3440 n
2497 3387 2657 3441 nobis
2679 3386 2731 3439 in
2756 3385 3038 3455 prasentia
3060 3384 3420 3449 desideretur,

1840 3494 2014 3551 pauca
2047 3478 2115 3533 de
2143 3492 2332 3533 eorum
2372 3476 2628 3543 insuper,
2687 3473 2778 3542 qui
2830 3473 3102 3542 sapientes
3141 3470 3285 3540 apud
3322 3485 3429 3525 vos

1841 3571 2012 3627 habiti
2040 3577 2189 3636 sunt,
2218 3576 2376 3623 aetate
2403 3566 2753 3635 subiungam.
2816 3562 2990 3617 Minos
3016 3562 3209 3633 igitur,
3258 3575 3422 3631 quem

1842 3664 2023 3719 omnis
2055 3677 2178 3719 cum
2208 3660 2508 3730 sapientiae,
2544 3667 2660 3712 tum
2692 3657 2947 3719 solertiae,
2970 3656 3214 3724 adeoque
3241 3653 3424 3725 legum

1843 3757 2144 3814 sanctionis
2193 3755 2493 3826 principem
2550 3750 2721 3806 fuisse
2768 3758 2988 3818 putant,
3036 3746 3282 3819 Lynceo,
3328 3746 3425 3817 qui

1843 3849 1997 3904 Dano
2038 3849 2326 3913 successit,
2371 3852 2633 3916 regnante
2660 3842 2924 3904 ﬂorebat,
2973 3849 3129 3895 aetate
3154 3847 3277 3910 post
3300 3836 3428 3893 lna-

1843 3942 2007 3998 chum
2036 3940 2341 3995 undecima.
2379 3936 2662 4008 Lycurgus
2691 3948 2841 3998 vero,
2880 3933 3037 4004 longe
3061 3940 3183 4002 post
3205 3941 3423 4001 captum

1844 4032 2025 4094 Ilium,
2054 4030 2214 4085 annis
2241 4036 2366 4083 ante
2390 4025 2727 4098 olympiades
2746 4025 2889 4079 haud
2922 4023 3157 4094 amplius
3184 4032 3428 4086 centum,

1844 4122 2289 4180 Lacedaemonios
2337 4119 2549 4189 legibus
2604 4117 2861 4173 instituit.
2921 4116 3223 4173 Dracenem
3278 4115 3425 4171 circa

1844 4216 2207 4290 Olympiadem
2237 4228 2439 4269 nonam
2481 4227 2648 4281 supra
2682 4210 3015 4281 trigesimam
3048 4206 3221 4264 fuisse
3264 4222 3425 4278 repe-

1843 4313 1974 4376 ries,
1994 4310 2250 4366 Solonem
2274 4323 2406 4363 vero
2431 4306 2576 4362 circa
2601 4315 2811 4360 sextam
2841 4313 2896 4359 et
2925 4302 3424 4374 quadragesimam,

1843 4403 2209 4478 Pythagoram
2239 4402 2475 4472 denique
2507 4401 2654 4456 circa
2676 4397 3070 4467 sexagesimam
3104 4393 3423 4450 secundam.

1847 4495 2195 4569 Olympiades
2225 4502 2402 4548 autem
2437 4492 2596 4546 annis
2624 4498 2832 4559 septem
2865 4503 3027 4559 supra
3057 4486 3426 4557 quadringen-

1845 4598 1928 4645 tos
1955 4596 2082 4659 post
2106 4585 2344 4655 Troiana
2392 4592 2638 4652 tempora
2678 4582 2956 4637 institutas
2987 4579 3159 4635 fuisse
3186 4578 3428 4635 ostendi-

1843 4694 1987 4734 mus.
2051 4675 2146 4731 His
2176 4684 2325 4731 certo
2352 4672 2686 4738 constitutis,
2723 4680 2929 4742 septem
2962 4683 3181 4740 quoque
3216 4670 3428 4738 sapien-

1844 4782 1960 4827 tum
2003 4779 2213 4825 tetatem
2265 4767 2425 4822 facile
2483 4765 2830 4833 breviterque
2878 4763 3223 4817 deﬁniemus.
3287 4760 3423 4815 Nam

1843 4875 1969 4915 cum
2001 4857 2437 4913 vetustissimum
2483 4870 2673 4910 eorum
2717 4853 3025 4920 Thaletem,
3075 4853 3221 4908 circa
3252 4852 3429 4920 olym-

1842 4952 2058 5025 piadem
2128 4947 2637 5022 quinquagesimam
2697 4945 2904 5000 vixisse
2957 4952 3200 5009 constet,
3260 4942 3428 4998 simul

1843 5047 2164 5101 etiam°uno
2211 5041 2372 5113 quasi
2419 5036 2743 5108 compendio
2768 5043 3114 5100 caeterorum,
3163 5047 3304 5103 quos
3337 5032 3429 5087 ille

1845 5219 2084 5290 Φήμιος-

1844 5292 1908 5345 Et
1933 5287 2139 5359 Odyss.
2171 5288 2241 5359 Χ,
2277 5287 2382 5359 55⁸)
2413 5303 2428 5359 ς

1849 5351 2180 5428 Τερπιὶὶδης
2209 5357 2277 5411 δέ
2309 5357 2357 5410 τ’
2393 5356 2597 5423 ἀοιδὸς
2624 5354 2924 5417 ἀλύσκαζε
2955 5351 3109 5422 κῆρα
3131 5351 3428 5422 μέλαιναν

1983 5447 2088 5483 100.

1847 5432 2136 5569 Φήὲἆῖςῖο
2175 5497 2658 5569 δέηῡοτηοάοοιιε,
2692 5506 2746 5551 et
2780 5496 2896 5569 ipse
2936 5502 3126 5569 cantor
3150 5490 3429 5569 nobilissi-

1846 5562 1991 5627 mus.
2014 5562 2098 5625 'De
2120 5585 2231 5638 quo
2261 5568 2454 5636 Odyss.
2492 5568 2556 5635 Θ,
2590 5562 2909 5638 szepissiine.
2940 5596 3011 5607 ——
3051 5565 3105 5617 Ὁ
3142 5562 3433 5631 Θάμυρις..

1848 5640 2016 5701 llud.
2043 5642 2105 5707 B,
2138 5639 2243 5695 595
2267 5654 2282 5691 :

2316 5752 2328 5764 .
2375 5751 2388 5764 .
2432 5753 2446 5766 .
2492 5751 2504 5764 .
2547 5751 2560 5762 .
2604 5710 2785 5763 Ἔνθα
2812 5726 2876 5762 τε
2898 5707 3135 5761 Μοῦσαι

1862 5785 2195 5857 Ἀντόμεναι
2214 5781 2516 5853 ,Θάμυριν
2536 5779 2643 5836 τὸν
2667 5780 2890 5850 Θρήϊκα
2917 5778 3163 5835 παῦσαι·
3193 5772 3422 5843 ἀοιδῆς.
