3842 6226
464 258 572 315 82'!
1117 256 1387 314 EUSEBH
1425 256 1911 315 CESARIENSIS
1948 255 2099 314 OPP.
2136 254 2316 310 PARS
2354 254 2417 310 ll.
2453 285 2523 296 -
2559 254 3061 313 APOLOGETICA.
3626 262 3730 319 828

466 389 733 445 suppares
754 375 964 444 habuit,
994 383 1209 432 aetatem
1235 377 1564 447 colligimus.
1595 374 1723 432 Haec
1779 362 1937 431 vobis
1998 388 2121 444 ego,
2162 373 2266 427 viri
2294 371 2491 440 Graeci,
2537 371 2805 429 Tatianus
2834 374 2944 442 ille,
2982 374 3075 446 qui
3107 374 3462 431 barbarorm
3488 376 3731 447 philoso-

467 469 609 538 phiae
633 470 845 535 studeo,
877 471 1202 541 conscripsi,
1239 471 1294 525 in
1322 471 1548 543 Assyria
1612 480 1776 526 natus
1810 470 1927 539 ipse
1981 465 2200 536 quidem
2225 506 2240 531 ,
2285 465 2379 520 sed
2407 474 2590 520 tamen
2655 466 2893 537 primum
2953 469 3184 535 vestris,
3236 477 3350 523 tum
3389 469 3455 526 iis
3489 470 3730 539 demum,

468 575 703 630 quorum
746 576 832 615 me
872 575 1180 631 praeconem
1232 561 1394 616 hodie
1438 560 1731 629 proﬁteor,
1780 557 2050 613 eruditus.
2090 554 2360 610 Caeterum
2421 556 2537 611 veri
2587 556 2699 627 jam
2732 557 2825 613 Dei
2862 558 3172 630 cognitione
3197 558 3522 629 illustratus,
3539 577 3733 631 resque

470 653 540 708 ab
566 668 632 708 eo
663 663 858 709 creatae
904 654 1213 724 cujusmodi
1247 654 1360 709 sint
1408 654 1737 725 intelligens,
1790 651 1860 706 ad
1912 648 2257 707 subeundum
2315 663 2534 719 quoque
2581 650 2897 721 dagmatum
2923 660 3236 707 nostrorum
3288 667 3517 709 examen
3549 669 3737 725 prom-

470 755 619 815 ptum
655 760 743 800 me
766 745 922 801 vobis
981 757 1342 817 paratumque
1394 747 1553 814 sisto,
1601 743 1772 801 divini
1814 753 1979 813 huius
2044 740 2284 796 instituti
2341 750 2668 797 sectatorem
2697 742 2849 798 nullo
2901 758 2989 798 me
3010 758 3249 814 unquam
3282 753 3527 817 tempore
3561 761 3732 817 nega-

472 846 648 893 turus.
691 856 710 890 ι
770 835 1046 894 Hactenus
1105 836 1389 892 Tatianus.
1448 835 1571 891 Jam
1608 836 1675 891 ad
1716 834 2049 891 Clementem
2089 840 2451 887 transeamus.

1063 953 1293 1010 CAPUT
1330 954 1448 1009 XII.

616 1069 689 1125 De
716 1070 920 1137 eadem,
952 1085 1015 1124 ea:
1040 1068 1323 1135 Clemente,
1358 1070 1685 1125 Stromatum
1714 1071 1906 1142 primo.

551 1245 571 1278 ι
604 1224 699 1281 Est
731 1226 952 1296 quidem
981 1225 1051 1281 iis
1079 1226 1146 1282 de
1183 1227 1377 1292 rebus,
1426 1226 1636 1295 inquit,
1672 1242 1703 1281 a
1734 1225 1961 1281 Tatiano
1994 1224 2048 1280 in

472 1335 573 1376 sua
608 1319 871 1374 Adversus
902 1316 1110 1373 Grtecos
1148 1322 1386 1374 oratione
1413 1327 1666 1374 accurate
1691 1319 2049 1388 disputatum,

472 1407 814 1478 disputatum
868 1416 923 1463 et
970 1424 1001 1463 a
1030 1408 1297 1464 Cassiano
1329 1410 1383 1464 in
1417 1410 1596 1479 primo
1626 1409 2047 1478 Pontiﬁcalium.

475 1498 580 1555 Sed
611 1508 790 1554 tamen
820 1499 1000 1569 operis
1024 1501 1262 1570 suscepti
1288 1500 1429 1555 ratio
1458 1501 1726 1569 postulat,
1760 1510 1819 1554 ut
1839 1515 1960 1569 quae
1982 1500 2051 1555 ab

474 1592 598 1646 aliis
627 1591 767 1645 hanc
797 1590 851 1643 in
891 1606 1004 1646 rem
1031 1593 1249 1661 copiose
1295 1593 1440 1647 dicta
1490 1602 1662 1659 sunt,
1715 1608 1778 1647 ea
1812 1592 2049 1648 breviter

473 1683 898 1751 summatimque
910 1698 1245 1751 percurram.
1265 1684 1440 1754 Apion
1460 1686 1625 1755 igitur
1637 1685 2049 1756 grammaticus,

471 1772 523 1829 is
547 1790 705 1842 quem
726 1774 1187 1842 Πλειστονίκην,
1217 1774 1345 1846 [hoc
1358 1784 1441 1831 est
1460 1775 2050 1850 swpissimeyictoromﬂ

473 1862 802 1930 nominant,
863 1851 1309 1934 Egyptiacarum
1383 1865 1747 1922 Historiarum
1812 1877 2048 1939 quarto,

473 1952 636 2026 497
672 1955 815 2020 licet,
847 1966 908 2011 ut
936 1955 1222 2027 [Egyptius
1255 1966 1392 2024 erat,
1418 1966 1526 2012 tam
1551 1958 1763 2015 infenso
1791 1975 1916 2030 erga
1947 1959 2051 2016 ﬂe-

474 2044 651 2101 braeos
683 2047 865 2101 animo
899 2047 1082 2111 fuerit,
1136 2057 1195 2102 ut
1223 2049 1388 2103 etiam
1420 2052 1707 2105 adversum
1736 2049 1953 2107 Iudaeos
1984 2053 2053 2106 li-

474 2136 633 2189 brum
668 2137 918 2201 ediderit,
946 2138 1165 2194 Amosis
1198 2138 1576 2211 Egyptiorum
1602 2142 1878 2211 quondam
1908 2142 2053 2213 regis

2080 953 2129 1011 Α
2152 968 2157 971 ,

2675 955 3074 1009 ΚΕΦΑΛΑΙΟΝ
3111 954 3211 1009 IB'.

2170 1046 2304 1102 Ἀπὸ
2345 1047 2453 1102 τοῦ
2497 1047 2729 1118 πρώτου
2773 1048 2891 1102 τῶν
2931 1048 3277 1117 Κλήμεντος
3319 1049 3737 1118 Στρωματέων,

2682 1120 2815 1186 περὶ
2855 1119 2961 1173 τοῦ
2992 1120 3198 1173 αὑτοῦ.

2236 1225 2254 1258 ι
2292 1206 2522 1279 Εἴρηται
2582 1210 2681 1278 μὲν
2728 1206 2822 1264 οὖν
2881 1210 2993 1277 (95)
3037 1212 3167 1281 περὶ
3224 1209 3428 1263 τούτων
3485 1210 3737 1283 ἀκριϐῶς

2158 1298 2408 1369 Τατιανῷ
2448 1303 2506 1355 ὲν
2542 1294 2621 1367 τῷ
2642 1298 2943 1368 πρὸς-τοὺς
2958 1301 3286 1370 Ἕλληνας,
3308 1302 3520 1373 εἴρηται
3550 1303 3609 1355 δὲ
3642 1306 3740 1358 καὶ

2157 1390 2448 1461 Κασσιανῷ
2484 1393 2541 1444 ὲν
2569 1391 2647 1462 τῷ
2684 1390 2885 1463 πρώτῳ
2908 1391 3017 1444 τῶν
3046 1392 3459 1462 Ἑξηγητικῶν.
3484 1395 3741 1450 ’Δπαιτεί

2155 1481 2199 1535 δ’
2229 1483 2378 1553 ὅμως
2414 1483 2475 1535 τὸ
2512 1483 2814 1554 ὑπόμνημα
2852 1484 2945 1537 καὶ
2975 1485 3123 1555 ἡμᾶς
3149 1484 3469 1558 ἐπιδραμεῖν
3494 1486 3564 1539 τὰ
3594 1489 3740 1541 κατᾶ

2158 1573 2247 1625 τὸν
2280 1573 2442 1626 τόπον
2481 1572 2770 1645 εἰρημένα.
2801 1574 3007 1628 Ἀπίων
3036 1572 3216 1627 τοίνυν
3255 1577 3284 1628 6
3322 1580 3734 1648 γραμματικὸς,

2151 1666 2181 1718 6
2222 1664 2609 1735 Πλειστονίκης
2667 1664 3015 1735 ἐπικληθεὶς,
3080 1666 3139 1717 ὲν
3189 1667 3254 1736 τῇ
3303 1665 3345 1719 δ’
3395 1666 3505 1722 τῶν
3552 1670 3737 1736 Αιγυ-

2153 1757 2419 1809 πτιακῶν
2472 1756 2770 1824 ἱστοριῶν,
2834 1757 3013 1810 καίτοι
3066 1757 3556 1829 φιλαπεχθημόνως
3597 1760 3738 1831 πρὸς

2166 1847 2447 1919 Ἐϐραίους
2486 1847 2845 1918 διακείμενος,
2888 1848 2984 1901 ἆτε
3017 1848 3315 1916 Αἰγύπτιος
3353 1849 3415 1902 τὸ
3438 1850 3614 1917 γένος,
3658 1851 3737 1914 ὡς

2155 1940 2250 1992 καὶ
2296 1940 2437 1993 κατὰ
2483 1939 2754 1993 Ἰουδαίων
2805 1939 3168 2005 συντάξασθαι
3219 1940 3739 2013 βιϐλίον,’Δμώσιος

2153 2031 2244 2085 τοῦ
2290 2030 2603 2100 Αἰγυπτίων
2654 2030 2918 2101 βασιλέως
2954 2032 3298 2103 μεμνημένος
3338 2033 3433 2086 καὶ
3469 2032 3579 2086 τῶν
3613 2037 3737 2087 κατ’

2149 2127 2311 2179 αὐτὸν
2370 2121 2654 2196 πράξεων,
2710 2122 2966 2195 μάρτυρα
3007 2123 3366 2195 παρατίθεται
3401 2126 3739 2197 Πτολεμαῖον

475 2243 542 2283 ac
583 2244 769 2284 rerum
800 2229 868 2285 ab
918 2245 985 2285 eo
1018 2238 1293 2300 gestarum
1345 2232 1619 2287 mentione
1642 2230 1804 2299 facta,
1857 2212 2047 2289 testem

2157 2218 2241 2272 τὸν
2267 2219 2589 2289 Μενδήσιον.
2632 2218 2740 2270 Καὶ
2770 2216 2838 2269 τὰ
2876 2216 2978 2286 τῆς
3013 2215 3211 2283 λέξεως
3249 2217 3413 2270 αὑτοῦ
3447 2212 3548 2271 ὧδε
3586 2219 3734 2291 ἔχει·

474 2335 662 2375 earum
716 2320 899 2376 laudat
953 2321 1302 2380 Ptolemaeum
1360 2325 1648 2394 quemdam
1685 2323 2045 2392 Mendesium,

474 2411 632 2482 cujus
664 2413 780 2467 haec
807 2415 969 2468 verba
1004 2423 1131 2470 sunt
1159 2434 1172 2470 :
1207 2416 1428 2478 Avarin,
1485 2415 1680 2484 inquit,
1711 2416 1854 2470 eruit
1876 2416 2047 2470 Amo-

475 2502 574 2567 sis,
607 2504 701 2573 qui
730 2505 956 2572 mqualis
1000 2504 1186 2561 Inachi
1222 2506 1407 2577 Argivi
1436 2504 1556 2572 fuit,
1609 2515 1669 2561 ut
1691 2508 1955 2576 scriptum
1991 2508 2049 2563 in

475 2592 737 2649 Chronico
767 2595 1075 2653 Mendesius
1101 2596 1426 2654 Ptolemzeus
1461 2599 1700 2670 reliquit.
1735 2598 1834 2655 Hic
1864 2610 2046 2655 autem

474 2683 827 2741 Ptolemaeus?
845 2688 1102 2743 sacerdos
1130 2699 1278 2754 erat,
1328 2688 1423 2758 qui
1453 2704 1640 2760 regum
1668 2687 2049 2761 Egyptiorum

473 2775 758 2831 historiam
794 2778 947 2834 libris
981 2780 1154 2836 tribus
1198 2780 1423 2853 integris
1459 2782 1808 2852 complexus,
1861 2782 2051 2839 Amosi

475 2869 533 2921 in
566 2867 802 2939 Egypto
835 2885 1123 2942 regnante,
1151 2870 1367 2929 Juilaeos
1397 2872 1603 2929 Mosem
1650 2875 1843 2929 ducem
1890 2890 2050 2930 secu-

475 2967 588 3027 tus,
620 2975 687 3014 ex
717 2960 951 3033 Egypto
980 2964 1245 3032 migrasse
1274 2973 1536 3032 testatur;
1567 2981 1634 3020 ex
1656 2981 1766 3036 quo
1799 2966 2053 3038 intelligi-

475 3059 567 3106 tur
592 3051 796 3107 Mosem
829 3052 1008 3109 Inachi
1037 3057 1373 3125 temporibus
1403 3056 1675 3113 ﬂoruisse.
1737 3057 1844 3115 Res
1869 3068 2049 3116 autem

475 3143 794 3213 Argolicas,
847 3160 968 3213 quae
1011 3145 1285 3201 ducuntur
1336 3147 1406 3201 ab
1460 3145 1694 3212 lnacho,
1739 3147 2054 3206 Graecarum

477 3234 723 3289 omnium
752 3235 1153 3290 vetustissimas
1179 3235 1461 3303 celebrari,
1489 3235 1780 3308 Dionysius
1811 3235 2056 3294 Halicar-

477 3325 757 3380 nassensis
790 3326 845 3379 in
872 3342 972 3381 suo
1004 3325 1080 3381 De
1102 3328 1418 3395 temporibus
1445 3328 1837 3382 commentario
1864 3341 2056 3385 auctor

477 3425 586 3472 est.
622 3414 833 3482 Quibus
866 3418 1195 3486 posteriores
1222 3433 1343 3472 esse
1372 3420 1500 3474 totis
1532 3418 1892 3490 quadraginta
1920 3430 2054 3476 mta-

478 3507 624 3562 tibus
655 3523 741 3561 res
764 3507 988 3572 Atticas,
1042 3524 1163 3577 quae
1186 3509 1255 3564 ab
1283 3508 1522 3579 Cecrope
1552 3510 1663 3578 illo,
1693 3526 1854 3580 quem
1880 3513 2054 3581 gemi.

2150 2309 2476 2380 Κατέσκαψε
2527 2309 2586 2362 δὲ
2633 2307 2730 2379 τὴν
2773 2308 3026 2379 Ἀούαριν
3103 2310 3350 2380 Ἀμωσις
3374 2348 3390 2374 ,
3450 2310 3596 2365 κατὰ
3646 2310 3739 2366 τὸν

2150 2403 2395 2474 Ἀργεῖον
2462 2403 2752 2473 γενόμενος
2803 2402 3038 2473 Ἴναχον,
3114 2403 3189 2467 ὼς
3246 2406 3305 2457 ὲν
3346 2407 3461 2467 τοῖς
3486 2406 3741 2476 Χρόνοις

2148 2492 2456 2564 ἀνέγραψεν
2498 2493 2527 2546 6
2571 2492 2872 2564 Μενδήσιος
2915 2493 3269 2564 Πτολεμαῖος.
3324 2495 3382 2548 '0
3429 2493 3486 2547 δὲ
3532 2495 3739 2549 Πτολερ

2156 2587 2313 2655 μαῖος
2358 2579 2512 2648 οὗτος
2537 2585 2715 2656 ἱερεὺς
2765 2584 2867 2656 μὲν
2898 2580 2987 2656 ἦν,
3029 2585 3129 2649 τὰς
3170 2586 3228 2640 δὲ
3270 2584 3380 2639 τῶν
3420 2588 3739 2655 Αἰγυπτίων

2156 2675 2422 2747 βασιλέων
2445 2676 2673 2749 πράξεις
2705 2679 2762 2733 ὲν
2790 2678 2969 2749 τρισὶν
3000 2677 3151 2742 ὅλαις
3184 2677 3475 2750 ἐκθέμενος
3510 2679 3735 2749 βίϐλοις,

2155 2768 2299 2821 κατὰ
2321 2769 2568 2839 Ἀμωσίν
2601 2786 2735 2841 φησι
2791 2770 2884 2824 τὸν
2904 2769 3183 2839 Αἰγύπτου
3224 2770 3467 2840 βασιλέα,
3493 2772 3739 2834 Μωσέως

2156 2861 2458 2932 ἡγουμένου
2482 2903 2497 2925 ,
2562 2862 2845 2931 γεγονέναι
2897 2861 3175 2925 Ἰουδαίοις
3227 2861 3325 2932 τὴν
3363 2862 3424 2926 ἐξ
3457 2862 3738 2931 Αἰγύπτου

2155 2957 2401 3027 πορείαν,
2443 2956 2503 3025 ἐξ
2544 2954 2620 3011 ὢν
2661 2958 2938 3012 συνῶπται
2990 2956 3133 3011 κατὰ
3169 2957 3381 3027 Ἴναχον
3424 2958 3740 3028 ἠκμακέναι

2153 3047 2244 3102 τὸν
2302 3049 2529 3103 Μωσέα.
2576 3048 2889 3121 Παλαίτερα
2930 3049 2987 3103 δὲ
3019 3048 3128 3103 τῶν
3170 3049 3500 3120 Ἑλληνικῶν
3530 3066 3743 3122 μνημο-

2154 3139 2403 3195 νεύεσθαι
2425 3141 2493 3195 τὰ
2522 3141 2837 3212 Ἀργολικὰ,
2866 3141 2937 3195 τὰ
2965 3142 3072 3195 ἀπὸ
3110 3141 3312 3211 Ἰνάχου
3352 3142 3516 3210 λέγω,
3551 3143 3741 3197 Διονύ-

2158 3250 2271 3297 σιος
2325 3235 2355 3286 6
2401 3234 2865 3307 Ἁλικαρνασσεὺς
2922 3236 2981 3289 ὲν
3032 3237 3147 3299 τοῖς
3174 3237 3426 3303 Χρόνοις
3471 3235 3735 3292 διδάσκει.

2156 3326 2371 3379 Τούτων
2417 3326 2472 3380 δὲ
2516 3328 2925 3397 τεσσαράκοντα
2977 3327 3075 3397 μὲν
3116 3322 3331 3395 γενεαῖς
3383 3328 3628 3400 νεώτερα
3670 3330 3738 3382 τὰ

2158 3419 2403 3487 Ἀττικὰ,
2429 3421 2498 3474 τὰ
2531 3420 2639 3475 ἀπὸ
2663 3421 2950 3492 Κέκροπος
2972 3419 3067 3472 τοῦ
3096 3419 3319 3489 διφυοῦς
3349 3421 3415 3491 δὴ
3444 3422 3540 3475 καὶ
3572 3423 3734 3475 αὐτό-

2158 3508 2364 3579 χθονος,
2395 3508 2471 3572 ὣς
2496 3526 2627 3579 φησι
2660 3509 2802 3563 κατὰ
2829 3507 2972 3572 λέξιν
3003 3509 3031 3561 6
3059 3506 3322 3571 Τατιανός
3341 3523 3355 3537 ’
3392 3507 3549 3562 ἐννέα
3574 3508 3635 3561 δὲ
3670 3509 3741 3561 τὰ

478 3616 609 3654 num
657 3608 819 3669 atque
861 3615 929 3655 ex
975 3609 1116 3655 terra
1164 3609 1343 3656 satum
1373 3602 1676 3672 appellant,
1711 3602 1923 3657 initium
1957 3604 2051 3659 ha-

2174 3600 2467 3670 ’Δρκαδικὰ
2500 3600 2568 3653 τὰ
2604 3600 2711 3653 ἀπὸ
2747 3598 3059 3667 Πελασγοῦ·
3103 3597 3319 3665 λέγεται
3353 3598 3413 3651 δὲ
3455 3598 3552 3652 καὶ
3583 3591 3744 3663 οὗτος

477 3694 664 3759 buere,
716 3694 937 3749 totidem
968 3694 1148 3747 verbis
1173 3692 1435 3748 Tatianus
1479 3693 1593 3747 ait:
1626 3708 1822 3748 novem
1847 3703 2051 3763 autem,

476 3785 791 3849 Arcadicas,
820 3801 850 3840 a
880 3784 1106 3853 Pelasgo
1129 3799 1289 3853 quem
1325 3793 1377 3838 et
1406 3786 1584 3853 ipsum
1609 3799 1677 3839 ex
1707 3793 1849 3840 terra
1875 3795 2051 3841 satum

475 3890 598 3930 esse
628 3876 846 3941 volunt,
890 3875 1143 3943 repetitas
1173 3893 1187 3927 :
1217 3874 1517 3943 iisdemque
1562 3874 1778 3930 duabus
1804 3885 1859 3930 et
1887 3876 2053 3945 quin-

477 3967 734 4036 quaginta
766 3967 1096 4021 recentiores
1137 3981 1259 4022 esse
1300 3964 1617 4033 Phtioticas,
1669 3983 1793 4037 qua:
1818 3969 1887 4023 ab
1914 3967 2055 4023 Deu-

475 4059 691 4112 calione
718 4057 911 4112 ﬂuunt.
960 4058 1042 4112 Ab
1072 4056 1273 4112 lnacho
1308 4070 1487 4113 autem
1517 4059 1586 4113 ad
1611 4057 1848 4129 Trojana
1880 4076 2055 4131 usque

478 4159 725 4221 tempora
744 4189 760 4215 ,
789 4161 975 4204 aetates
997 4150 1118 4204 duae
1143 4165 1209 4205 ac
1231 4150 1455 4219 viginti,
1490 4158 1584 4204 aut
1610 4151 1773 4206 etiam
1801 4167 1906 4206 una
1932 4153 2056 4221 plu-

478 4258 569 4298 res
600 4250 959 4296 numerantur
982 4281 998 4308 ,
1034 4240 1161 4294 anui
1192 4257 1322 4295 vero
1346 4282 1361 4306 ,
1407 4251 1465 4296 ut
1490 4257 1680 4298 omnes
1704 4243 2051 4313 complectar,

477 4334 859 4406 quadringenti
887 4342 941 4388 et
967 4332 1221 4402 amplius.
1263 4331 1383 4387 Jam
1437 4348 1588 4400 vero,
1619 4334 1878 4389 multisne
1902 4335 2056 4389 simi-

477 4428 602 4483 liter
628 4428 786 4482 annis
808 4441 894 4481 res
919 4425 1266 4496 Assyriorum
1295 4428 1511 4482 Graecas
1542 4427 1950 4492 antecesserint,
1984 4443 2053 4482 ex

477 4520 547 4575 iis
594 4534 717 4590 qua;
768 4518 1087 4573 scribuntur
1139 4532 1169 4571 a
1212 4516 1413 4585 Ctesia,
1460 4526 1842 4589 eognoscetur.
1895 4518 2055 4574 Anno

477 4613 678 4684 quippe
706 4611 947 4667 secundo
987 4625 1151 4679 supra
1182 4609 1774 4680 quadringentesimum
1799 4610 2055 4683 Assyrio-

480 4718 601 4757 rum
628 4701 861 4771 imperii,
910 4699 1131 4755 Beluchi
1164 4708 1345 4755 autem
1390 4704 1570 4755 octavi
1610 4703 1945 4773 principatus
1969 4720 2055 4761 se-

476 4795 659 4850 cundo
688 4809 753 4850 ac
781 4795 1077 4860 tricesimo,
1106 4794 1210 4848 sub
1240 4794 1428 4849 Amosi
1459 4793 1712 4867 Egyptio
1743 4796 1921 4853 Inachi
1952 4797 2056 4851 Ar-

477 4889 585 4959 givi
620 4887 846 4963 aequali.
889 4886 1056 4942 Mosis
1101 4901 1167 4940 ex
1215 4885 1450 4957 Egypto
1498 4888 1759 4957 profectio
1802 4891 2049 4961 contigit.

474 4980 646 5034 Porro
675 4981 727 5033 in
761 4979 990 5043 Graecia,
1027 4978 1294 5033 Phoronei
1338 4980 1535 5033 lnacho
1565 4981 1885 5049 posterioris
1910 4990 2048 5036 tem-

475 5087 629 5141 pore,
661 5069 927 5142 Ogygium
961 5070 1223 5124 diluvium
1259 5069 1488 5134 accidit;
1536 5070 1774 5140 itemque
1822 5086 2049 5141 regnum

478 5164 816 5234 Sicyonium,
849 5162 993 5231 quod
1025 5161 1304 5229 [Egialeus
1328 5161 1571 5216 omnium
1618 5163 1826 5232 primus
1857 5164 2050 5229 tenuit,

476 5266 586 5311 tum
620 5255 833 5326 Europs
859 5270 922 5309 ac
945 5255 1137 5311 deinde
1163 5255 1389 5311 Telchin
1430 5273 1442 5309 :
1496 5256 1766 5326 simulque
1787 5255 1963 5313 Cretis
1993 5258 2049 5311 in

473 5351 636 5405 Creta
677 5364 928 5419 regnum.
988 5349 1275 5405 Acusilaus
1311 5348 1456 5404 enim
1486 5346 1830 5404 Pboroneum
1863 5348 2047 5405 homi-

546 5492 575 5521 ι
612 5481 740 5534 add.
771 5480 853 5537 Cl.
880 5482 971 5551 ἀφ’
1008 5472 1104 5537 ὧν.

550 5610 659 5677 (9'5)
686 5612 928 5681 Εἴρηται
952 5592 1070 5682 μὲν
1100 5609 1232 5669 οὖν.
1257 5611 1392 5668 Vide
1423 5614 1602 5669 locum
1623 5612 1763 5682 apud
1781 5612 2045 5670 Clement.

479 5680 873 5753 Graeco—Latin.
909 5699 923 5736 ι
955 5680 1182 5753 Βιτοηιη
1216 5700 1337 5753 pag.
1361 5685 1466 5738 (ξ’σᾷ
1496 5684 1557 5737 Ε.

552 5751 660 5823 (94)
702 5755 1049 5821 Βουληθείς.
1101 5752 1174 5810 De
1210 5751 1411 5810 Solone
1460 5756 1722 5824 loquitur,
1752 5754 1847 5822 qui
1876 5768 2052 5811 sacer-

2158 3691 2458 3760 αὐτόχθων.
2484 3690 2703 3744 Τούτων
2738 3690 2795 3743 δὲ
2819 3690 2994 3743 ἄλλων
3017 3689 3162 3742 δυοῖν
3195 3688 3438 3761 νεώτερα
3469 3690 3541 3743 τὰ
3561 3691 3744 3744 Φθιωο

2154 3783 2279 3837 τικὰ
2294 3782 2362 3836 τὰ
2382 3784 2489 3837 ἀπὸ
2508 3783 2895 3846 Δευκαλίωνος.
2911 3783 3006 3847 Εἰς
3028 3781 3084 3834 δὲ
3103 3780 3193 3835 τὸν
3213 3782 3406 3852 χρόνον
3429 3783 3538 3836 τῶν
3559 3783 3745 3854 Τρωϊ-

2155 3876 2270 3930 κῶν
2299 3877 2405 3930 ἀπὸ
2431 3877 2638 3947 Ἰνάχου
2681 3878 2869 3946 γενεαὶ¹
2905 3877 3003 3947 μὲν
3047 3876 3272 3941 εἴκοσιν,
3309 3876 3343 3947 ἢ
3378 3879 3480 3948 μιᾷ
3524 3877 3746 3942 πλείους

2154 3966 2581 4039 διαριθμοῦνται·
2612 3968 2707 4038 ἔτη
2740 3967 2816 4032 δὲ,
2850 3967 2927 4031 ὼς
2953 3967 3084 4031 ἔπος
3105 3969 3300 4031 εἰπεῖν,
3331 3974 3376 4021 υ⁹
3408 3970 3503 4022 καὶ
3528 3970 3743 4040 πρόσω.

2155 4058 2221 4111 Et
2252 4057 2310 4110 δὲ
2337 4057 2405 4111 τὰ
2452 4058 2751 4128 Ἀσσυρίων
2804 4057 3021 4121 πολλοῖς
3075 4056 3221 4111 ἔτεσι
3255 4057 3608 4131 πρεσϐύτερα
3633 4059 3746 4112 τῶν

2168 4148 2489 4219 Ἑλληνικῶν
2507 4162 2533 4189 ιι
2551 4149 2794 4220 Κτησίας
2814 4148 2962 4217 λέγει
3010 4151 3329 4221 φανήσεται.
3357 4150 3450 4220 Τῷ
3503 4151 3746 4223 δευτέρῳ

2155 4238 2252 4293 καὶ
2277 4238 2710 4310 τετρακοσιοστῷ
2733 4237 2843 4292 ἔτει
2864 4240 2965 4309 τῆς
2986 4238 3290 4309 Ἀσσυρίων
3313 4238 3493 4310 ἀρχῆς
3513 4277 3528 4303 ,
3560 4239 3665 4310 τῆς
3685 4237 3745 4291 δὲ

2156 4329 2429 4401 Βηλούχου
2477 4329 2570 4383 τοῦ
2625 4330 2813 4397 ὀγδόου
2876 4329 3196 4393 δυναστείας
3233 4328 3313 4399 τῷ
3356 4329 3600 4400 δευτέρῳ
3647 4331 3745 4383 καὶ

2153 4420 2481 4492 τριακοστῷ,
2518 4424 2551 4491 ἡ
2581 4420 2823 4485 Μωσέως
2854 4421 2997 4475 κατὰ
3048 4412 3295 4491 ’Ἄμωσιν
3323 4420 3414 4473 τὸν
3439 4420 3743 4489 Αίγύπτιον

2156 4512 2252 4567 καὶ
2286 4512 2430 4567 κατὰ
2461 4514 2670 4583 Ἴναχον
2696 4512 2788 4564 τὸν
2813 4511 3058 4582 Ἀργεῖον
3102 4510 3161 4577 ἐξ
3185 4510 3464 4580 Αἰγύπτου
3498 4512 3741 4585 κίνησις.

2156 4601 2264 4659 Ἦν
2306 4605 2363 4659 δὲ
2410 4604 2551 4658 κατὰ
2593 4604 2692 4675 τὴν
2728 4605 2952 4659 Ἐλλάδα
3001 4607 3141 4661 κατὰ
3189 4608 3288 4679 μὲν
3325 4609 3605 4680 Φορωνέα,
3654 4608 3747 4662 τὸν

2159 4699 2276 4770 μετ’
2311 4699 2541 4768 Ἴναχον,
2591 4698 2619 4749 6
2647 4696 2739 4750 ἐπὶ
2767 4697 2997 4767 Ὠγύγου
3047 4698 3453 4769 κατακλυσμὸς,
3483 4700 3580 4754 καὶ
3619 4702 3654 4771 ἠ
3688 4701 3750 4751 ἐν

2156 4788 2388 4842 Σικυῶνι
2443 4786 2687 4858 βασιλεία
2730 4789 2950 4860 πρώτου
3006 4789 3105 4860 μὲν
3132 4789 3467 4858 Αἰγιαλέως,
3518 4787 3649 4845 εἶτα
3688 4789 3748 4844 δὲ

2156 4881 2438 4955 Εὔρωπος,
2483 4878 2599 4936 εἶτα
2636 4882 2919 4956 Τελχῖνος,
2965 4883 3057 4935 καὶ
3098 4883 3131 4952 ἡ
3167 4882 3386 4952 Κρητὸς
3432 4884 3491 4934 ὲν
3518 4883 3745 4955 Κρήτῃ.

2156 4972 2504 5037 Ἀκουσίλαος
2543 4973 2652 5046 γὰρ
2702 4974 2953 5045 Φορωνέα
3008 4971 3223 5044 πρῶτον
3278 4972 3592 5043 ἀνθρώπων
3653 4993 3748 5044 γε-

2156 5065 2342 5119 νέσθαι
2382 5066 2564 5134 λέγει·
2608 5066 2733 5119 ὅθεν
2788 5065 2883 5119 καὶ
2916 5067 2946 5118 6
2983 5066 3083 5135 τῆς
3127 5065 3465 5134 Φορωνίδος
3510 5070 3748 5139 ποιητὴς

2155 5154 2296 5211 εἶναι
2329 5158 2489 5212 αὑτὸν
2530 5157 2633 5230 ἔφη
2661 5156 2874 5228 πατέρα
2919 5155 3130 5228 θνητῶν
3166 5156 3494 5227 ἀνθρώπων.
3526 5159 3749 5213 Ἐντεῦ-

2157 5252 2250 5306 θεν
2298 5254 2327 5306 6
2350 5252 2575 5306 Πλάτων
2612 5254 2671 5304 ὲν
2700 5251 2933 5322 Τιμαίῳ,
2978 5248 3457 5320 κατακολουθήσας
3486 5251 3747 5304 ’Δκουσι-

2156 5343 2290 5415 λάῳ,
2326 5345 2554 5417 γράφει·
2590 5344 2699 5398 Καί
2741 5359 2872 5397 ποτε
2922 5344 3255 5415 προαγαγεῖν
3304 5341 3594 5415 βουληθεὶς
3632 5343 3744 5415 (94)

2157 5618 2331 5742 dotesb
2368 5614 2652 5686 Egyptios
2684 5629 2803 5671 eam
2847 5614 2901 5669 in
2945 5612 3372 5684 disputationem
3424 5614 3746 5685 pertrahere

2158 5704 2294 5742 eona
2336 5699 2475 5742 atur.

2158 5699 2475 5745 conabatur.
