3842 6226
205 284 314 343 829

1404 297 1727 357 ΡΒΕΡΑΒ.
1783 301 2031 362 EVANG.
2075 304 2201 361 [ΑΒ.
2236 305 2302 360 Χ.

204 403 563 502 seruiit-£291
597 405 708 463 τῶν
744 409 987 481 ἀρχαίων
1026 412 1108 475 είς
1145 413 1355 483 λόγους,
1389 416 1500 470 τῶν
1550 417 1677 489 τῇδε
1712 422 1762 489 τῇ

1887 436 2017 476 num
2065 424 2310 477 omnium
2354 423 2652 495 principem
2680 425 2956 485 exstitisse
2988 428 3064 484 ait
3097 447 3110 483 :
3149 429 3303 500 isque
3329 408 3466 502 pro:

201 495 358 549 πόλει
385 496 499 568 (95)
529 498 617 552 τὰ¹
640 501 971 572 ἀρχαιότατα
1013 503 1193 574 λέγειν
1226 508 1521 579 ἐπιχειρεῖν
1549 508 1780 580 (96-97),

202 586 339 655 περὶ
380 588 670 657 Φορωνέως
699 608 761 644 τε
797 591 892 646 τοῦ
921 592 1141 665 πρώτου
1186 595 1487 667 λεχθέντος,
1523 599 1619 652 καὶ
1651 600 1784 653 Νιό-

200 674 331 747 6ης,
372 676 466 731 καὶ
504 678 574 732 τὰ
619 681 755 750 μετὰ
790 682 881 736 τὸν
923 684 1321 757 κατακλυσμόν.
1374 687 1534 740 Κατὰ
1561 688 1620 741 δὲ
1648 689 1784 760 Φόρ-

201 766 381 821 σαντα
425 771 691 836 Ἀκταῖος,
736 773 829 843 ἀφ’
871 769 931 829 οὗ
960 776 1187 830 Ἀκταία
1244 779 1278 849 ἡ
1321 779 1571 850 Ἀττικήο
1639 781 1782 837 κατὰ

198 858 260 912 δὲ
284 860 526 931 Τριόπαν
551 864 896 935 Προμηθεὺς,
927 867 1022 920 καὶ
1041 867 1241 933 ’Ἀτλας
1258 909 1273 934 ,
1306 871 1400 924 καὶ
1422 871 1777 943 Ἐπιμηθεὺς,

200 948 302 1000 καὶ
335 950 365 1001 ὁ
398 949 592 1022 διφυὴς
620 954 875 1026 Κέκροψ,
929 957 1023 1010 καὶ
1065 956 1172 1011 Ἰώο
1222 960 1363 1014 κατὰ
1398 961 1455 1015 δὲ
1484 964 1780 1035 Κροτωπὺν

203 1038 241 1108 η
269 1039 364 1091 ἐπὶ
392 1041 682 1107 Φαέθοντος
723 1047 1054 1118 ἐκπύρωσις,
1087 1051 1182 1105 καὶ
1234 1053 1268 1124 ἡ
1295 1054 1387 1107 ὲπὶ
1413 1055 1780 1121 Δευκαλίωνος

202 1130 482 1203 ὲτοομὸρία
503 1151 516 1163 ·
567 1136 709 1190 κατὰ
758 1138 815 1191 δὲ
867 1139 1156 1195 Σθενέλαον
1200 1145 1235 1215 ἥ
1276 1162 1335 1198 τε
1384 1146 1777 1218 Ἀμφικτύονος

204 1221 479 1291 βασιλεία,
507 1224 600 1279 καὶ
630 1228 664 1298 ἡ
691 1229 770 1291 είς
798 1228 1205 1304 Πελοπόννησον
1232 1236 1436 1290 Δαναοῦ
1485 1240 1775 1310 παρουσία,

202 1314 304 1368 καὶ
346 1317 381 1386 ἡ
430 1315 535 1369 ὑπὸ
587 1318 857 1389 Δαρδάνου
920 1323 1018 1393 τῆς
1083 1325 1381 1397 Δαρδανίας
1443 1330 1654 1395 κτίσις,
1718 1331 1778 1385 ὃν

198 1407 441 1480 πρῶτον,
474 1411 639 1481 φησὶν
672 1413 936 1487 Ὄμηρος,
970 1416 1158 1471 τέκετο
1188 1420 1586 1493 νεφεληγερέτα
1611 1422 1773 1489 Ζεύς’

197 1499 236 1569 ἦ
270 1515 333 1552 τε
366 1501 430 1553 ὲκ
452 1502 676 1573 Κρήτης
716 1504 826 1576 (98)
860 1510 941 1572 εἰς
970 1510 1220 1583 Φοινίκην
1258 1512 1560 1585 ἀνακομιδή
1585 1531 1601 1548 ο
1636 1516 1777 1569 κατὰ

200 1590 261 1644 δὲ
304 1592 558 1657 Λυγκέα,
609 1595 710 1666 τῆς
752 1597 937 1668 Κόρης
986 1602 1020 1671 ἡ
1060 1601 1318 1674 ἁρπαγὴ,
1368 1605 1460 1657 καὶ
1507 1608 1539 1676 ἠ
1581 1605 1675 1658 τοῦ
1716 1608 1776 1659 ἐν

1883 521 2068 582 pterea
2094 515 2407 569 mortalium
2432 532 2629 586 parens
2657 520 2925 585 omnium,
2970 521 3040 575 ab
3065 536 3129 576 eo
3156 532 3335 592 poeta,
3363 525 3459 594 qui

1883 603 2248 662 Phoronidem
2295 608 2535 678 scripsit,
2572 611 2891 680 appellatur.
2951 612 3132 680 Quare
3159 614 3313 671 Plato
3343 615 3458 685 ipse

1882 695 1937 748 in
1971 692 2169 750 Timeo
2200 697 2517 755 Acusilaum
2565 709 2785 757 secutus
2822 702 3108 774 :Cumque
3154 705 3207 759 id
3253 712 3458 775 ageret,

1881 785 2079 856 inquit,
2114 796 2174 842 ut
2198 789 2321 846 illos
2349 791 2413 846 ad
2438 805 2748 848 sermonem
2782 795 2848 848 de
2872 795 3037 850 rebus
3064 794 3305 865 antiquis
3334 811 3458 850 sus-

1880 878 2188 949 cipiendum
2220 882 2545 951 adduceret,
2581 899 2794 949 eorum,
2850 901 2971 956 quae
3003 888 3144 956 apud
3171 903 3271 943 nos
3303 897 3458 942 vetu-

1879 972 2123 1028 stissima
2157 974 2504 1040 haberentur,
2529 976 2861 1031 mentionem
2892 977 3141 1046 injecisse
3167 994 3244 1043 se,
3270 979 3457 1048 cujus-

1879 1065 2024 1119 modi
2059 1074 2208 1129 sunt,
2239 1081 2361 1133 qua:
2390 1067 2457 1122 de
2480 1065 2788 1135 Phoroneo,
2820 1084 2983 1138 quem
3010 1070 3245 1139 primum
3272 1070 3454 1123 nomi—

1877 1164 2047 1222 nant,
2079 1157 2255 1227 deque
2276 1155 2480 1223 Niobe,
2512 1173 2613 1215 nec
2641 1174 2750 1213 non
2780 1160 2848 1215 de
2877 1161 3038 1215 rebus
3098 1162 3360 1216 diluvium
3389 1161 3455 1214 il-

1878 1242 1971 1297 lud
2025 1245 2334 1300 consecutis
2372 1244 2566 1316 jactari
2610 1247 2805 1302 solent.
2855 1246 3122 1303 Praeterea
3176 1246 3456 1302 Phorban-

1878 1334 1948 1389 tis
1975 1343 2214 1404 tempore
2237 1335 2454 1392 Actaeus
2479 1337 2633 1405 vixit,
2651 1354 2681 1392 a
2704 1354 2815 1409 quo
2838 1339 3012 1394 Attica
3035 1341 3228 1393 Actmae
3252 1354 3452 1393 nomen

1877 1428 2086 1481 invenit
2125 1445 2139 1481 :
2188 1427 2355 1500 5.98
2398 1427 2610 1499 Triopae
2635 1430 2827 1484 deinde
2852 1429 3208 1485 Prometheus
3229 1471 3244 1490 .
3274 1430 3455 1495 Atlas,

1876 1518 2247 1589 Epimetheus,
2296 1522 2545 1590 geminus
2573 1521 2849 1591 Cecrops,
2900 1530 2953 1576 et
2979 1521 3036 1577 lo
3067 1538 3330 1593 suppares
3362 1522 3451 1577 fu-

1875 1626 1989 1667 ere.
2016 1612 2094 1667 Ad
2120 1612 2343 1681 Crotopi
2360 1627 2557 1679 atrum,
2574 1620 2629 1668 et
2654 1612 3010 1668 Phaethontis
3040 1613 3375 1679 incendium,
3395 1620 3452 1667 et

197 1684 468 1739 Ἐλευσῖνι
509 1688 770 1758 τεμένους
805 1690 1153 1764 καθίδρυσις,
1191 1695 1287 1749 καὶ
1336 1697 1370 1766 ἡ
1400 1696 1762 1769 Τριπτολέμου

1876 1702 2226 1760 Deucalionis
2246 1704 2510 1759 diluvium
2544 1704 2808 1759 referunt.
2835 1704 2974 1760 Cum
3012 1704 3324 1769 Sthenelao,
3358 1720 3448 1760 re-

197 1776 467 1848 γεωργία,
495 1755 589 1832 καῖ
618 1782 651 1850 ή
679 1780 900 1852 Κάδμου
926 1755 1006 1847 είς
1032 1755 1216 1857 Θηύας
1241 1755 1529 1859 παρουσία,
1559 1755 1762 1853 Μίνωός

1875 1755 2526 1866 ειξιῖιξᾘὲέέιζιὲὲὲᾇᾷιῖἑ,
2545 1755 2873 1850 ὀξιὶιζῖἶιξ
2889 1755 3326 1866 ἕξιορᾉὶζιὶξέιῖἐιί
3354 1755 3450 1850 ἐξι-

192 1884 259 1920 τε
302 1868 547 1937 βασιλεία
570 1887 586 1900 ’
645 1872 784 1926 κατὰ
847 1873 904 1927 δὲ
948 1875 1173 1946 Προῖτον
1221 1881 1248 1931 6
1297 1878 1583 1949 Εὐμόλπου
1637 1880 1773 1952 πρὸς

194 1958 517 2030 Ἀθηναίους
535 1962 768 2034 πόλεμος
787 1980 800 1994 ⁸
821 1964 968 2018 κατὰ
997 1966 1054 2019 δὲ
1088 1967 1359 2036 Ἀκρίσιον
1392 1968 1632 2033 Πέλοπος
1663 1971 1772 2024 ἀπὸ

189 2049 440 2123 Φρυγίας
490 2052 758 2117 διάϐασις,
798 2055 895 2108 καὶ
938 2057 1125 2120 Ἴωνος
1169 2060 1249 2122 είς
1293 2058 1524 2131 Ἀθήνας
1568 2059 1769 2129 ἄφιξις,

191 2143 293 2198 καὶ
331 2145 360 2196 ὁ
388 2143 635 2216 δεύτερος
664 2146 905 2219 Κέκροψ,
937 2149 999 2202 αῖ
1020 2166 1080 2202 τε
1111 2151 1360 2222 Περσέως
1393 2152 1488 2205 καὶ
1519 2152 1770 2207 Διονύσου

190 2235 459 2308 πράξεις,
511 2240 743 2311 Ὀρφεύς
794 2257 855 2294 τε
904 2242 999 2295 καὶ
1046 2243 1337 2306 Μουσαῖος.
1398 2243 1555 2297 Κατὰ
1603 2245 1661 2298 δὲ
1707 2245 1771 2299 τὸ

186 2329 662 2385 ὀκτωκαιδέκατον
718 2332 836 2396 ἔτος
886 2334 986 2405 τῆς
1038 2335 1444 2406 Ἀγαμέμνονος
1495 2335 1767 2406 βασιλείας

193 2421 363 2475 Ἴλιον
392 2422 555 2488 ἑάλω,
598 2425 959 2497 Δημοφῶντος
1002 2425 1098 2481 τοῦ
1141 2427 1363 2499 Θησέως
1397 2428 1767 2498 βασιλεύοντος

186 2510 453 2584 Ἀθήνῃσι
482 2553 498 2576 ,
545 2514 624 2585 τῷ
681 2515 883 2588 πρώτῳ
937 2517 1047 2572 ἔτει
1070 2557 1085 2583 ,
1147 2518 1527 2590 Θαργηλιῶνος
1597 2521 1769 2591 μηνὸς

184 2603 423 2676 δευτέρᾳ
453 2605 548 2659 ἐπὶ
593 2606 753 2672 δέκα,
787 2607 864 2671 ὥς
915 2626 1048 2681 φησι
1092 2610 1365 2675 Διονύσιος
1415 2613 1445 2664 ὁ
1486 2612 1762 2683 Ἀργεῖοςο

191 2697 360 2766 ’Δγις
407 2699 465 2752 δὲ
515 2700 608 2752 καὶ
652 2700 930 2771 Κέρκυλος
977 2702 1086 2773 (99)
1130 2705 1190 2756 ὲν
1239 2706 1306 2775 τῇ
1345 2705 1534 2777 τρίτῃ,
1595 2705 1764 2776 μηνὸς

187 2788 446 2860 Πανέμου
475 2790 635 2862 ὀγδόῃ
660 2791 954 2860 φθίνοντος·
993 2795 1298 2860 Ἑλλάνικος
1323 2797 1599 2870 δωδεκάτῃ
1617 2798 1766 2871 Θαρο

182 2880 457 2952 γηλιῶνος
488 2883 579 2937 καί
614 2902 756 2950 τινες
785 2885 894 2939 τῶν
925 2887 995 2941 τὰ
1021 2889 1244 2943 Ἀττικὰ
1291 2892 1763 2964 συγγραψαμένων

184 2975 352 3049 ὀγδόῃ
401 2976 711 3045 φθίνοντος,
769 2979 1145 3049 βασιλεύοντος
1186 2983 1249 3037 τὸ
1296 2984 1605 3040 τελευταῖον
1643 2985 1763 3050 ἔτος

1871 1891 2087 1948 ventus,
2113 1886 2332 1940 condita
2360 1899 2391 1941 a
2415 1883 2667 1940 Dardano
2693 1885 2963 1940 Dardania
2982 1927 2998 1951 ,
3029 1902 3189 1956 quem
3220 1877 3288 1940 ab
3316 1884 3449 1941 Jove

1875 1976 2150 2047 nubicogo
2179 1977 2419 2046 primum
2454 1974 2724 2032 Homerus
2770 1977 2846 2032 ait
2883 1986 3223 2045 procreatum
3254 1977 3445 2042 fuisse,

1870 2077 1927 2124 et
1952 2067 2183 2138 Europa:
2206 2068 2262 2123 in
2286 2066 2506 2123 Cretam
2539 2067 2865 2137 deportatio,
2894 2070 3155 2138 temporis
3186 2070 3449 2125 societate

1865 2157 2190 2229 junguntur.
2227 2157 2342 2212 Sub
2367 2157 2585 2228 Lynceo
2619 2156 2962 2230 Proserpinae
2993 2169 3202 2230 raptus,
3231 2158 3447 2216 Eleusi-

1869 2251 1945 2304 nii
1966 2250 2176 2306 delubri
2201 2249 2513 2316 aediﬁcatio,
2528 2250 2865 2322 agricultura
2892 2249 3232 2321 Triptolemi,
3251 2250 3446 2306 Cadmi

1868 2339 2182 2397 Thebanam
2223 2344 2278 2396 in
2312 2342 2584 2397 civitatem
2611 2342 2963 2409 adventus,et
2988 2343 3182 2398 Minois
3213 2358 3442 2413 regnum

1867 2435 2221 2491 collocantur.
2279 2433 2362 2487 Ad
2389 2432 2556 2489 Proeti
2586 2443 2867 2504 tempora,
2914 2433 3195 2503 Eupolemi
3242 2434 3443 2489 bellum

1866 2526 2128 2582 adversus
2158 2526 2553 2593 Athenienses;
2588 2525 2655 2580 ad
2681 2526 2979 2590 Acrisium,
3026 2525 3240 2595 Pelopis
3281 2525 3446 2594 traje-

1865 2616 2100 2673 ctionem
2132 2630 2199 2670 ex
2225 2612 2493 2686 Phrygia,
2532 2612 2679 2669 Ionis
2710 2615 2950 2670 Athenas
2974 2615 3265 2669 adventum
3285 2655 3301 2680 ,
3339 2614 3444 2670 Ce-

1865 2723 2082 2777 cropem
2113 2707 2342 2762 alterum
2371 2706 2662 2776 juniorem,
2693 2704 2874 2761 Persei
2900 2706 3207 2776 Bacchique
3234 2722 3321 2763 res
3352 2722 3445 2777 ge-

1864 2810 1999 2866 stas,
2023 2798 2301 2869 Orpbeum
2325 2798 2560 2867 denique
2589 2813 2653 2852 ac
2679 2797 2940 2853 Musaeum
2969 2807 3244 2854 revocant.
3282 2801 3444 2855 Anno

1863 2892 2015 2963 regni
2070 2889 2498 2961 Agamemnonis
2558 2888 2771 2943 decimo
2823 2898 3018 2945 octavo
3076 2901 3296 2960 captum
3357 2900 3444 2945 est

1862 2982 2040 3048 Ilium,
2094 2980 2468 3051 Demophonte
2509 2977 2704 3033 Thesei
2752 2978 2862 3033 lilio
2905 2980 3129 3035 Athenis
3159 2989 3439 3050 regnante,

184 3067 530 3133 Μενεσθέως,
567 3069 909 3141 πληθυούσης
961 3071 1186 3144 σελήνης
1206 3090 1220 3104 ·
1236 3072 1364 3139 Νὺξ
1373 3077 1491 3145 μὲν
1504 3074 1635 3144 έηιιρο⁸
1660 3093 1757 3148 φη-

1868 3075 2043 3144 primo
2070 3073 2191 3142 ejus
2215 3070 2482 3135 anno,die
2510 3083 2639 3122 vero
2668 3066 3045 3140 Thargclionis
3073 3073 3276 3125 mensis
3304 3070 3443 3124 duo-

189 3160 276 3214 σὶν
301 3162 330 3214 ὁ
351 3161 453 3233 τὴν
473 3161 697 3231 μικρὰν
728 3162 962 3225 Ἰλιάδα
991 3166 1331 3242 πεποιηκὼς,

1868 3167 2102 3227 decimo,
2140 3172 2198 3217 ut
2223 3161 2516 3232 Dionysius
2536 3158 2770 3229 Argivus
2799 3170 2989 3214 auctor
3016 3169 3132 3228 est;
3168 3173 3227 3216 ut
3258 3170 3439 3217 autem

182 3255 320 3325 Agis
341 3269 407 3309 ac
431 3254 686 3325 Cercylus
742 3258 882 3313 libro
949 3260 1105 3313 tertio
1161 3260 1422 3324 scribunt,
1480 3260 1701 3316 Panemi
1751 3261 2013 3317 vicesimo
2064 3256 2304 3312 secundo
2350 3271 2365 3308 :
2420 3252 2733 3308 Hellanicus
2776 3252 3033 3324 Dionysio
3066 3255 3438 3312 subscribens.

182 3349 514 3406 duodecimo
564 3351 960 3426 Thargelionis,
998 3356 1086 3409 alii
1112 3372 1242 3411 vero
1272 3358 1538 3424 nonnulli,
1587 3358 1681 3431 qui
1736 3374 1826 3415 res
1861 3356 2071 3413 Atticas
2131 3353 2502 3425 scripserunt,
2557 3350 2799 3421 ejusdem
2855 3350 3115 3422 vigesimo
3175 3353 3435 3423 secundo,

182 3451 524 3511 postremum
551 3448 701 3517 regni
735 3448 820 3503 sui
852 3464 1054 3504 annum
1078 3461 1271 3522 agente
1299 3453 1630 3519 Menestheo,
1659 3455 1761 3510 sub
1798 3452 2194 3526 plenilunium;
2222 3464 2288 3505 ex
2341 3463 2451 3519 quo
2476 3446 2610 3502 illud
2659 3455 2854 3517 poetae,
2883 3447 2976 3517 qui
3019 3449 3273 3502 minorem
3305 3447 3438 3504 Ilia-

180 3534 301 3588 dem
332 3535 572 3605 scripsit,

294 3655 629 3723 ...Μεσὰτα,
663 3660 907 3729 λαμπρὰ
928 3660 980 3715 δ’
1007 3661 1293 3718 ἐπέτελλε
1313 3665 1564 3719 σελάνα·

181 3811 360 3881 ἕτεροι
391 3813 448 3866 δὲ
473 3814 903 3888 Σκιροφοριῶνος
938 3822 1005 3891 τῇ
1035 3821 1171 3893 αὐτῇ
1203 3822 1405 3895 ἡμέρᾳ.
1433 3824 1645 3895 Θησεὺς
1675 3825 1752 3892 δὲ,

192 3903 527 3975 Ἡρακλέους
551 3905 795 3979 ζηλωτὴς
817 3908 910 3976 ὢν,
934 3912 1302 3984 πρεσϐύτερός
1322 3916 1435 3968 ἐστι
1460 3915 1569 3969 τῶν
1585 3916 1759 3987 Τρωϊ-

179 3993 295 4049 κῶν
338 3997 438 4066 μιᾷ
478 3999 657 4069 γενεᾷ·
705 3999 799 4052 τοῦ
847 4000 977 4068 γοῦν
1027 4002 1397 4075 Τληπολέμου,
1445 4005 1504 4069 δς
1544 4002 1613 4077 ἦν
1644 4007 1759 4072 υἱὸς

192 4083 551 4159 Ἡρακλέους,
582 4091 824 4162 ’Όμηρος
851 4093 1121 4165 μέμνηται
1153 4096 1251 4167 (1),
1278 4097 1371 4150 ἐπὶ
1405 4098 1566 4153 Ἴλιον
1600 4116 1761 4171 στρα-

181 4176 503 4242 τεύσαντος.
539 4180 830 4251 Προτερεῖν
882 4182 990 4254 ἄρα
1026 4184 1230 4255 Μωσῆς
1262 4185 1627 4240 ἐπιδείκνυται
1658 4190 1758 4259 τῆς

179 4269 281 4335 μὲν
308 4268 565 4323 Διονύσου
593 4271 951 4336 ἀποθεώσεως
981 4272 1075 4344 ἔτη
1107 4275 1204 4345 χδ¹·
1234 4277 1347 4345 εῖγε
1378 4278 1479 4346 τῆς
1504 4280 1757 4351 Περσέως

179 4360 458 4431 βασιλείας
487 4360 564 4433 τῷ
577 4364 889 4436 ,τριακοστῷ
914 4365 1150 4438 δευτέρῳ
1173 4366 1284 4421 ἔτει
1305 4368 1649 4435 ἀποθεοῦται,
1678 4371 1754 4434 ὥς

1935 3660 2058 3715 Jam
2085 3667 2235 3712 nocte
2264 3656 2318 3708 in
2351 3653 2545 3721 media,
2575 3651 2725 3722 pleno
2761 3668 2870 3707 sese
2899 3666 3060 3706 aurea
3090 3651 3238 3706 vultu

1942 3729 2169 3801 Cynthia
2193 3725 2443 3780 tollebat:

1862 3821 1953 3876 alii
2013 3820 2247 3888 denique
2317 3816 2506 3872 eodem
2566 3812 3003 3883 Sciropborionis
3076 3813 3183 3869 die.
3266 3811 3436 3867 Porro

1862 3912 2129 3976 Theseus,
2181 3909 2428 3965 Herculis
2469 3909 2734 3970 aemulus,
2771 3905 3006 3977 Trojana
3052 3906 3140 3960 illa
3193 3914 3434 3975 tempora

1864 4011 2023 4059 aetate
2056 4002 2323 4055 duntaxat
2353 4016 2461 4055 una
2486 3999 2780 4070 superavit,
2809 4014 2931 4053 cum
2964 3997 3255 4069 Tlepolemi
3284 3998 3434 4068 ejus-

1864 4095 1987 4151 dem
2020 4091 2266 4148 Herculis
2292 4092 2419 4161 lilii,
2459 4101 2717 4163 tanquam
2763 4091 3122 4160 expeditionis
3156 4090 3210 4143 in
3241 4087 3434 4159 Troja-

1862 4201 1964 4242 nos
1992 4193 2256 4255 suscepta:
2298 4183 2431 4240 socii
2459 4182 2730 4239 Homerus
2774 4183 2892 4253 ipse
2913 4182 3243 4237 meminerit.
3302 4181 3433 4238 Cer-

1862 4287 1975 4333 tum
2004 4279 2165 4349 igitur
2195 4278 2645 4347 exploratumque
2674 4285 2875 4341 manet,
2918 4275 3117 4331 Bacchi
3145 4290 3432 4331 consecra-

1861 4369 2103 4433 tionem,
2163 4368 2321 4421 annis
2372 4365 2627 4422 omnibus
2667 4374 2904 4435 quatuor
2948 4379 3111 4435 supra
3161 4366 3431 4419 sexcentis

177 4471 345 4525 φησιν
378 4454 774 4526 Ἀπολλόδωρος
803 4457 861 4509 ὲν
889 4460 1003 4520 τοῖς
1024 4437 1353 4527 Χρονικοῖς.
1397 4461 1531 4515 Ἀπὸ
1557 4462 1613 4516 δὲ
1633 4464 1754 4517 Διο-

1868 4466 2232 4528 antegressum
2257 4455 2461 4511 Mosem
2488 4454 2681 4523 fuisse,
2731 4470 2856 4510 eum
2888 4455 2955 4519 is,
2986 4464 3045 4508 ut
3068 4453 3431 4523 Apollodorus

175 4544 340 4600 νύσου
373 4545 469 4600 ἐπὶ
515 4546 786 4618 Ἠρακλέα
812 4549 907 4602 καὶ
933 4549 1058 4614 τοὺς
1078 4551 1207 4621 περὶ
1253 4552 1459 4607 Ἰάσονα
1491 4555 1752 4626 ἀριστεῖς,

173 4638 302 4699 τοὺς
334 4638 396 4689 έν
431 4639 501 4708 τῇ
557 4639 741 4710 Ἀργοῖ
785 4638 1141 4706 πλεύσαντας,
1192 4644 1482 4713 συνάγεται
1520 4646 1615 4719 ἔτη
1650 4648 1750 4717 ξγ’.

186 4728 516 4799 Ἀσκληπιός
547 4746 605 4781 τε
645 4730 738 4783 καὶ
766 4730 1079 4804 Διόσκουροι
1128 4734 1417 4789 συνέπλεον
1444 4737 1647 4801 αὐτοῖς,
1677 4738 1755 4803 ὡς

178 4823 460 4891 μαρτυρεῖ
484 4822 514 4873 ὁ
552 4820 755 4885 Ῥόδιος
780 4820 1132 4886 Ἀπολλώνιος
1162 4825 1346 4891 ἐντοῖς
1388 4828 1752 4896 Ἀρτοναυτι-

403 4954 1234 5046 TﬁerLdil‘stklrreptitiasvoces
1278 4978 1559 5046 expunge,
1610 4980 1749 5046 quas

173 5024 465 5101 PlatOJnon
490 5027 671 5101 habet.
700 5024 930 5101 Tantum
960 5039 1080 5099 post
1104 5031 1280 5101 λόγος,
1308 5024 1748 5095 distinguendum

176 5097 452 5166 nonnihil.
499 5094 589 5151 Ait
633 5099 779 5153 enim
814 5094 1103 5166 Solonem,
1141 5094 1201 5157 ut
1230 5094 1285 5157 in
1315 5120 1434 5159 eam
1475 5094 1543 5159 de
1583 5107 1748 5162 rebus

172 5165 419 5244 antiquis
456 5167 889 5244 disputationem
927 5169 1214 5244 [Egyptios
1245 5176 1554 5230 sacerdotes
1593 5177 1748 5244 pelli-

172 5248 342 5315 εει-ει,
359 5235 761 5315 de‘Graecanica
782 5235 1431 5315 antiquitatesermonem
1464 5235 1740 5315 injeéisse.

173 5304 319 5384 _Sunt
346 5306 441 5384 qui
474 5307 600 5378 τῇδε
648 5304 931 5384 accipianf
965 5313 1246 5384 ριόᾼὲκεῖ,
1297 5315 1389 5368 sed
1435 5304 1740 5384 perperam.

172 5373 684 5453 Logqniiptegrum
715 5373 992 5453 Sérranus
1013 5382 1211 5438 misere
1233 5373 1569 5453 depravavit.

242 5444 461 5525 (96-97)
511 5444 880 5517 Ἐπιχειρεῑν.
933 5449 1212 5525 Clemens,
1262 5444 1546 5525 ἐπιχειρεῖ.
1597 5454 1741 5511 Nihil

172 5517 500 5599 mutandum
531 5527 645 5599 est;
680 5535 806 5599 nam
837 5521 980 5599 apud
1006 5517 1282 5599 Platonem
1309 5517 1587 5599 praecessit
1608 5526 1735 5599 ἔφη,

173 5585 511 5661 adquod-rb
535 5589 827 5661 ἐπιχειρεῖν
851 5585 1083 5661 refertur
1109 5593 1216 5645 ἀπὸ
1244 5585 1444 5648 κοὶνοῦ.

244 5655 361 5728 (98)
403 5658 555 5712 Ἦτε
581 5655 660 5712 ἐκ
690 5655 944 5728 Κρήτης.
1001 5659 1115 5716 Hoc
1170 5663 1367 5719 fabulae
1432 5674 1734 5721 monstrum

171 5735 275 5781 est.
308 5724 479 5796 Lege,
506 5737 564 5783 ut
589 5724 752 5800 supra
793 5724 915 5801 pag;
950 5731 1057 5790 494
1079 5749 1145 5789 ex
1172 5732 1427 5790 Tatiano.
1456 5737 1598 5792 unde
1631 5737 1733 5793 ista

1856 4548 1912 4602 in
1943 4547 2200 4603 Chronico
2247 4546 2459 4610 statuit,
2512 4561 2655 4601 anno
2681 4548 2831 4618 regni
2862 4544 3043 4601 Persei
3074 4543 3315 4599 secundo
3339 4558 3430 4599 su-

1854 4654 1952 4709 pra
1982 4638 2354 4704 tricesimum,
2403 4637 2511 4692 diis
2567 4638 2839 4708 ascriptus
2888 4636 3069 4693 fuerit.
3128 4636 3210 4691 Ab
3237 4636 3428 4692 eodem

1854 4727 2067 4784 Baccho
2119 4729 2187 4784 ad
2239 4726 2524 4783 Herculem
2595 4743 2661 4784 ac
2728 4737 2982 4784 strenuos
3050 4728 3170 4783 illos
3222 4730 3428 4798 princi-

1851 4836 1948 4892 pes
1997 4819 2214 4877 Jasonis
2275 4821 2331 4876 in
2383 4820 2751 4892 Argonautica
2812 4820 3158 4889 expeditione
3226 4819 3425 4885 socios,

1852 4957 2140 5014 Clemens:
2169 4958 2203 5029 ἦ
2232 4975 2292 5011 τε
2330 4959 2395 5029 έκ
2425 4959 2696 5029 Φοινίκης,
2736 4958 2838 5028 τῆς
2863 4955 3164 5029 Εὐρώπης,
3205 4956 3285 5020 εἰς
3327 4956 3425 5028 τὴν

1850 5028 2076 5100 Κρήτην
2093 5028 2429 5100 ,ἀνακομιδῇ

1920 5095 2042 5168 (99ν)’
2076 5095 2298 5168 Ἄγις-..ζ
2321 5095 2416 5151 καὶ
2439 5095 2761 5167 Κέρκυλος.
2799 5097 3072 5160 Clemens,
3095 5097 3290 5165 Αἰγίας
3327 5096 3423 5151 καὶ

1847 5167 2153 5241 Δερκύλος.
2173 5169 2396 5223 Diﬂicile
2418 5177 2501 5222 est
2531 5177 2790 5241 statuere,
2818 5178 2938 5241 utra
2971 5169 3284 5241 lectioyera
3306 5170 3418 5241 Asit.

1846 5237 2128 5309 Posterius
2166 5253 2365 5292 nomen
2402 5237 2548 5309 quod
2576 5240 2808 5307 attinet,
2851 5240 3036 5309 plures
3072 5239 3265 5307 opinor
3288 5239 3423 5309 Asp-

1846 5308 2103 5390 κύλλους,
2134 5324 2230 5364 seu
2261 5307 2562 5379 Δερκύλους
2580 5348 2595 5373 ,
2624 5325 2787 5379 quam
2823 5306 3170 5379 Κερκύλους,
3200 5306 3422 5364 vocatus

1848 5393 2287 5520 ῗὲῗῗῖιέῧξιηρος
2319 5446 2633 5520 μέμνηται.
2678 5447 2922 5520 Ηὶαιιηβ
2944 5457 2999 5503 et
3020 5447 3062 5502 E
3095 5447 3413 5520 saepissime.

1841 5514 2188 5574 Heraclidetn‘
2216 5514 2448 5588 appellat
2478 5514 2642 5573 Iliad.
2674 5519 2736 5581 Β,
2765 5533 2815 5570 ν.
2844 5519 2949 5573 554
2976 5533 2989 5570 :

1917 5612 2298 5680 Τληπόλεμος
2330 5611 2382 5664 δ’
2413 5611 2811 5681 Ἡρακλείδης,
2843 5612 2957 5680 ἠῢς
2976 5628 3060 5678 τε,
3081 5609 3269 5683 μέγας
3292 5625 3383 5677 τε,

1837 5705 1892 5753 et
1923 5695 2088 5751 Iliad.
2123 5699 2182 5763 E,
2215 5698 2335 5753 628.

3355 312 3461 369 830
3534 325 3543 334 ‘
