3842 6226
429 292 528 346 851
1063 284 1337 341 EUSEBII
1374 282 1859 341 CIESARIENSIS
1894 281 2046 338 OPP.
2080 281 2262 338 PARS
2298 281 2363 337 ll.
2403 311 2474 324 -—
2510 278 3012 338 APOLOGETICA.
3576 279 3688 338 852

430 406 561 463 anni
612 413 723 461 tres
776 412 831 459 et
884 404 1163 474 sexaginta
1230 403 1580 473 colliguntur.
1667 399 2006 469 Quibuscum

2130 403 2259 470 τοῖς.
2310 402 2442 459 Ἀπὸ
2468 402 2569 472 τῆς
2604 397 2936 472 Ἡρακλέους
2966 398 3026 451 ὲν
3063 398 3256 469 Ἀργει
3291 393 3565 467 βασιλείας
3591 398 3692 452 ἐπὶ

433 497 780 567 ιΕεουΙιῳίυε
840 510 904 551 ac
973 494 1297 568 Tyndaridae
1363 497 1730 567 navigarunt,
1793 504 1856 551 ut
1925 505 2006 551 te-

2130 495 2213 568 τὴν
2273 492 2601 566 Ἡρακλέους
2643 488 2808 545 αὑτοῦ
2850 489 2946 543 καὶ
2999 488 3324 560 Ἀσκληπιοῦ
3377 487 3691 544 ἀποθέωσιν

431 598 609 645 statur
669 588 992 659 Apollonius
1047 586 1291 644 Rhodius
1344 589 1401 642 in
1465 588 1859 658 Argonauticis.
1924 589 2008 643 Ab

2130 586 2208 659 Ξτη
2252 586 2542 655 συνάγεται
2573 583 2676 655 λη’,
2711 580 2850 653 μετὰ
2886 580 2979 635 τὸν
3006 580 3378 653 χρονογράφον
3429 579 3692 633 Ἀπολλόο

433 680 683 737 Herculis
746 680 949 751 Argivo
1006 696 1214 751 regno,
1268 680 1339 735 ad
1401 681 1645 750 ejusdem
1709 695 1776 734 ac
1846 677 2010 735 simul

2130 677 2309 749 δωρον·
2339 675 2587 732 ἐντεῦθεν
2617 675 2675 729 δὲ
2711 675 2804 727 ἐπὶ
2844 672 2942 743 τὴν
2972 672 3252 743 Κάστορος
3296 672 3388 724 καὶ
3425 670 3697 725 Πολυδεύ-

434 772 734 842 Εδουιορίἰ
818 776 1325 838 consecrationem,
1411 773 1541 828 anni
1604 781 1729 828 octo
1798 780 1855 828 et
1915 772 2013 827 tri—

2130 786 2247 832 ιιους
2297 767 2598 821 ἀποθέωσιν
2634 765 2728 837 ἔτη
2772 771 2879 833 νγθο
2923 762 3155 817 ἐνταῦθά
3200 781 3299 817 που
3329 763 3425 817 καὶ
3455 765 3490 834 ἠ
3532 762 3695 816 Ἰλίου

433 866 581 935 gi’nta
619 868 688 918 ab
721 866 1049 935 Apollodoro
1116 867 1547 937 Chronographo
1628 873 2007 921 numerantur.

2130 858 2437 929 κατάληψις.
2465 858 2528 911 El
2554 857 2611 910 δὲ
2633 855 2740 927 χρὴ
2762 852 3040 909 πείθεσθαι
3060 853 3154 908 καὶ
3187 853 3411 925 Ἡσιόδῳ
3434 852 3513 925 τῷ
3533 869 3700 923 ποιη-

435 954 603 1027 499
629 954 758 1011 lude
783 957 853 1012 ad
895 958 1128 1012 similem
1161 956 1410 1013 Castoris
1441 974 1507 1013 ac
1530 956 1775 1012 Pollucis
1810 968 2009 1011 conse-

2130 952 2203 1021 τῇ,
2238 949 2560 1020 ἀκούσωμεν
2589 946 2774 1002 αὐτοῦ·

434 1046 758 1111 arationem,
784 1056 897 1102 tres
925 1056 980 1102 et
1003 1046 1424 1117 quinquaginta,
1455 1063 1567 1118 quo
1593 1048 1810 1103 circiter
1831 1046 1997 1101 etiam
2034 1050 2279 1114 tempore
2305 1052 2525 1111 captum
2547 1050 2633 1096 est
2654 1038 2834 1094 llium.
2892 1037 3051 1105 Quod
3079 1037 3126 1094 si
3178 1035 3415 1094 Hesiodo
3469 1048 3701 1108 quoque

434 1145 607 1207 poetae
626 1135 785 1192 ﬁdem
810 1137 1011 1193 habere
1033 1139 1234 1209 placet,
1264 1155 1363 1210 age
1385 1140 1664 1194 hominem
1695 1139 2007 1204 audiamus,

435 1252 682 1323 Iuppiter
712 1254 976 1309 illustrem
1006 1255 1160 1310 Maia
1194 1272 1259 1311 ea:
1288 1258 1561 1312 Atlantide
1586 1266 1771 1311 natum

438 1324 786 1399 gercu‘rirtm,
819 1328 978 1399 terris
1006 1344 1252 1396 superum
1281 1328 1534 1399 mandata
1570 1329 1822 1399 ferentem

440 1393 716 1468 Sustulit,
737 1397 939 1451 aetherii
970 1393 1185 1452 consors
1214 1414 1331 1468 quae
1366 1398 1511 1468 facta
1540 1393 1751 1452 c'ubilis.

437 1463 509 1517 At
543 1464 745 1520 Semele
775 1467 951 1536 g'enuit
988 1463 1270 1538 proclivem
1294 1471 1349 1523 in
1366 1463 1574 1539 'gaudia
1599 1467 1886 1521 Bacchum.

439 1575 687 1634 Cadmus
708 1589 856 1635 certe
887 1582 1106 1651 quidem
1130 1593 1392 1652 regnante
1423 1581 1637 1654 Lynceo
1671 1579 1888 1637 Thebas
1918 1595 2011 1637 ve-

441 1669 544 1736 nit,
568 1670 866 1741 Crzecaque
889 1674 1092 1742 reperit
1113 1674 1400 1729 elementa.
1421 1674 1585 1730 lsidis
1608 1674 1834 1744 aequalis
1854 1672 2013 1727 Trio-

447 1778 547 1833 pas
576 1762 699 1829 fuit,
732 1773 890 1819 aetate
916 1778 1041 1835 post
1065 1767 1326 1822 Inachum
1358 1767 1622 1837 septima:
1658 1769 1847 1822 lonem
1883 1780 2015 1820 vero

443 1856 694 1910 nonnulli
739 1872 859 1911 eam
902 1842 1277 1927 appellarunt,
1319 1858 1410 1912 διὰ
1468 1858 1531 1912 τὸ
1576 1857 1732 1923 ἱέναι,
1776 1858 1883 1914 hoc
1931 1866 2017 1914 est

447 1949 595 2019 quod
626 1957 800 2004 totum
842 1951 1030 2005 orbem
1063 1951 1300 2006 errando
1332 1950 1668 2015 circumiret,
1698 1949 1770 2004 ita
1801 1964 2013 2004 nuncu-

451 2041 838 2110 patam’fuisse
869 2043 1226 2100 arbitrantur.
1260 2044 1519 2098 Eamdem
1563 2042 1721 2109 lster,
1755 2044 1897 2099 libro
1937 2043 2016 2097 De

447 2129 827 2200 Egyptiorum
870 2132 1102 2199 colonia,
1146 2133 1451 2188 Promethei
1488 2133 1652 2187 tiliam
1689 2142 1874 2200 vocat,
1920 2133 2016 2202 qui

450 2215 917 2291 Triopze'suppar,
951 2223 1079 2278 totis
1111 2233 1319 2291 septem
1357 2223 1609 2278 aetatibus
1653 2222 1799 2278 Mose
1832 2230 2016 2292 poste-

444 2314 559 2368 rior
590 2312 709 2369 fuit.
748 2312 830 2368 Ex
878 2315 1079 2384 quibus
1130 2314 1376 2380 elIicitur,
1419 2314 1624 2370 Mosem
1670 2325 1796 2370 ante
1831 2315 2015 2381 illam,

448 2420 572 2477 quae
612 2421 642 2460 a
683 2404 887 2462 Graecis
929 2407 1212 2472 statuitur,
1248 2407 1534 2463 hominum
1576 2408 2015 2477 procreationem

446 2498 719 2553 ﬂoruisse.
749 2497 861 2552 Leo
880 2506 1163 2567 praeterea,
1186 2498 1234 2554 is
1265 2497 1359 2569 qui
1394 2496 1624 2551 Deorum
1638 2491 2014 2565 ngyptiorum

448 2584 727 2642 historian:
784 2589 1147 2658 conscripsit,
1200 2587 1307 2643 lsin
1358 2604 1389 2642 a
1442 2587 1645 2643 Graecis
1699 2587 2017 2643 hominibus

450 2674 701 2730 Cererem
755 2680 939 2733 vocari
995 2679 1173 2743 docet,
1228 2694 1349 2747 quae
1397 2678 1597 2749 Lyncei
1649 2679 2015 2747 temporibus,

450 2774 606 2821 aetate
637 2779 756 2837 post
786 2768 989 2825 Mosem
1013 2770 1320 2833 undecima,
1344 2770 1498 2823 vixit.
1526 2769 1668 2836 Quin
1691 2771 1854 2825 etiam
1884 2771 2018 2841 Apis

446 2872 544 2912 rex
572 2858 923 2927 Argivorum,
955 2868 1015 2914 ut
1044 2859 1237 2915 scribit
1277 2859 1588 2928 Aristippus
1628 2859 1767 2914 libro
1783 2859 2012 2913 Arcadi-

2110 1268 2260 1338 Ζηνί
2287 1265 2339 1320 δ’
2373 1264 2464 1338 dp”
2498 1262 2798 1338 Atlante
2818 1261 2984 1338 illam
3005 1258 3138 1313 τέκε
3161 1257 3417 1338 κύδιμος
3452 1257 3702 1329 Ἑρμῆν,

2110 1330 2334 1406 Κίῆρωί
2368 1330 2698 1406 ἀθανάτων,
2733 1330 2893 1406 ἱερὸν
2915 1330 3096 1406 λέχος
3123 1330 3511 1406 εζᾳαναϐᾶοζα.

2110 1398 2377 1477 Κάἶῖμείη
2404 1406 2456 1477 δ’
2490 1404 2605 1472 ἄρα
2639 1398 2872 1477 Σεμέλη.
2896 1398 3030 1477 τέκε
3066 1398 3349 1477 scamth
3372 1400 3526 1477 υἱὸν,

2111 1469 2384 1549 Μιχῦεῖθ
2422 1476 2493 1529 ἐν
2521 1469 2817 1544 emtam,
2845 1470 3195 1525 Διώνυσσον
3222 1469 3559 1538 πολυγηθῆ.

2041 1630 2087 1690 Β
2111 1590 2334 1661 Κάδμος
2363 1587 2460 1660 μὲν
2483 1588 2512 1641 6
2532 1584 2775 1657 Σεμέλης
2802 1581 2996 1686 πατὴρ
3013 1580 3107 1635 ὲπ).
3132 1581 3392 1690 Λυγκέως
3424 1583 3482 1645 ἐς
3507 1581 3704 1654 Θήϐας

2118 1681 2355 1754 ἔρχεται,
2412 1679 2510 1733 καὶ
2550 1678 2659 1731 τῶν
2714 1673 3038 1746 Ἑλληνικῶν
3078 1673 3422 1744 γραμμάτων
3464 1674 3705 1747 εὑρετὴς

2118 1773 2349 1844 γίνεται.
2404 1770 2649 1841 Τριόπας
2700 1767 2758 1821 δὲ
2805 1767 3091 1837 συγχρονεϊ
3144 1764 3301 1818 Ἴσιδι
3339 1765 3437 1838 (2),
3489 1767 3704 1841 ἑϐδόμῃ

2119 1865 2284 1934 γενεᾷ
2306 1861 2416 1916 ἀπὸ
2453 1860 2680 1930 Ἰνάχου.
2707 1858 2830 1911 Εἰσὶ
2854 1858 2912 1912 δὲ
2933 1857 2982 1910 οἳ
3003 1856 3102 1928 τὴν
3135 1855 3222 1910 Ἰώ
3243 1857 3318 1927 (5)
3342 1873 3495 1926 φασι,
3521 1858 3615 1912 διὰ
3636 1860 3708 1913 τὸ

2123 1954 2259 2007 ίέναι
2285 1951 2455 2021 αὐτὴν
2482 1948 2572 2003 διὰ
2604 1949 2785 2020 πάσης
2815 1947 2912 2018 τῆς
2942 1947 3048 2017 γῆς
3069 1946 3448 2018 πλανωμένην.
3476 1948 3704 2021 Ταύτην

2120 2042 2167 2094 δ’
2198 2042 2409 2110 Ἴστρος
2452 2038 2512 2092 έν
2526 2036 2604 2108 τῷ
2618 2035 2759 2105 Περὶ
2774 2035 3230 2107 τῆςΑἱγ-υπτίων
3242 2032 3523 2105 ἀποικίας
3550 2039 3704 2107 [lpo-

2125 2130 2340 2203 μηοέως
2361 2129 2634 2199 θυγατέρα
2655 2126 2806 2198 φησί.
2831 2125 3153 2198 Προμηθεὺς
3175 2125 3232 2179 δὲ
3260 2126 3401 2180 κατὰ
3430 2127 3703 2199 Τριόπαν,

2122 2221 2323 2292 ἑϐδόμῃ
2355 2221 2517 2290 γενεᾷ
2552 2218 2690 2290 μετὰ
2728 2217 2948 2272 Μωσέαο
2987 2215 3127 2270 ὥστε
3189 2217 3285 2271 καὶ
3313 2217 3421 2290 πρὸ
3446 2219 3543 2288 τῆς
3571 2218 3703 2273 καθ’

2127 2312 2395 2383 ’Έλληνας
2446 2310 2890 2381 ἀνθρωπογονίας
2930 2311 2959 2362 ὁ
3014 2309 3237 2380 Μωσῆς.
3278 2309 3431 2364 Λέων
3469 2309 3527 2364 δὲ
3562 2312 3593 2364 6
3629 2310 3704 2365 τὰ

2117 2403 2258 2474 Περὶ
2285 2402 2408 2458 τῶν
2432 2420 2543 2458 κατ
2558 2402 2572 2420 '
2587 2399 2897 2470 Αἴγυπτον
2919 2396 3072 2453 θεῶν
3112 2400 3705 2473 πραγματευσάμενος,

2122 2495 2221 2567 τὴν
2238 2495 2381 2546 Ἶσιν
2405 2491 2509 2545 ὑπὸ
2539 2489 2807 2563 Ἐλλήνων
2829 2492 3121 2563 Δήμητραν
3148 2491 3428 2547 καλεῖσθαί
3451 2509 3638 2564 φησιν,
3667 2493 3707 2549 ἢ

2122 2585 2265 2640 κατὰ
2293 2583 2514 2653 Λυγκέα
2551 2582 2760 2651 γίνεται
2799 2582 3061 2655 ἑνδεκάτῃ
3089 2581 3313 2653 ὕστερον
3350 2584 3515 2655 γενεᾷ
3572 2585 3705 2638 Μω-

2124 2676 2282 2740 σέως.
2330 2676 2499 2738 Ἀπις
2537 2690 2600 2727 τε
2626 2675 2655 2727 6
2687 2674 2926 2745 ’Ἄργους
2956 2673 3207 2744 βασιλεὺς
3233 2673 3457 2745 Μέμφιν
3485 2674 3706 2739 οίκίζε;,

2122 2767 2199 2832 ῶς
2222 2783 2386 2838 φησιν
2424 2765 2776 2837 Ἀρίστιππος
2800 2766 2858 2818 ὲν
2885 2763 3075 2837 πρώτῃ
3114 2764 3485 2834 Ἀρκαδικῶν
3514 2762 3702 2820 τοῦτοκ

2122 2857 2180 2911 δὲ
2214 2855 2495 2930 Ἀριστέας
2529 2856 2558 2908 6
2598 2856 2839 2925 Ἀργεῖος
2872 2855 3309 2926 ἐπονομασθῆναι
3349 2872 3482 2927 φησι
3527 2856 3701 2927 Σάρα-

445 2965 630 3002 earum
654 2947 1025 3003 Historiarum
1049 2948 1550 3019 primo,Memphim
1574 2948 1837 3015 condidit,
1854 2964 2013 3019 quem

2130 2967 2241 3016 πιν,
2268 2950 2363 3004 καὶ
2392 2945 2582 3002 τοῦτον
2622 2943 2786 3011 εἶναι,
2821 2946 2880 3000 ὃν
2910 2946 3195 3016 Αἰγύπτιοι
3218 2947 3455 3001 σέϐουσι.
3479 2947 3715 3017 Νυμφό-

445 3041 699 3095 eumdem
728 3041 974 3097 Aristeas
1004 3042 1240 3112 Argivus
1270 3042 1502 3111 Sarapin
1538 3042 1904 3105 nominatum,
1932 3050 2018 3096 at-

445 3148 553 3201 que
577 3133 729 3186 illum
763 3134 943 3202 ipsum
973 3148 1095 3188 esse
1131 3141 1384 3195 testatur,
1412 3148 1576 3203 quem
1607 3133 1796 3189 colunt
1850 3133 2018 3205 Egy-

446 3224 571 3292 ptii.
616 3224 685 3277 At
729 3222 1150 3293 Nymphodorus
1203 3222 1712 3293 Amphipolitanus,
1758 3223 1900 3278 libro
1941 3224 2019 3277 De

450 3317 684 3368 moribus
728 3317 872 3370 Asia:
920 3316 1100 3380 tertio,
1140 3315 1299 3385 Apim
1335 3316 1487 3370 illum
1533 3315 1776 3373 Taurum
1825 3332 2021 3386 quem--

450 3406 575 3462 dam
617 3390 788 3462 fuisse
830 3408 927 3474 ait,
971 3422 1132 3479 quem
1176 3415 1301 3478 post
1336 3416 1569 3462 mortem
1617 3408 1731 3463 sale
1774 3422 2022 3463 macera-

450 3510 589 3567 tum,
638 3509 804 3571 atque
841 3501 896 3555 in
945 3502 1067 3570 ejus
1108 3500 1374 3556 daemonis
1406 3501 1630 3570 templo,
1670 3500 1830 3570 cujus
1880 3514 2020 3570 prae-

2122 3043 2296 3114 δωρος
2318 3041 2375 3096 δὲ
2401 3042 2430 3094 6
2465 3038 2857 3111 Ἀμφιπολίτης
2887 3040 2947 3093 ἐν
2974 3039 3141 3111 τρίτῳ
3162 3040 3440 3109 Νομίμων
3485 3038 3707 3106 Ἀσίας,

2124 3131 2216 3187 τὸν
2254 3132 2417 3184 ’Ἀπιν
2441 3130 2517 3202 (4)
2540 3129 2635 3183 τὸν
2660 3129 2872 3202 Ταῦρον
2899 3128 3294 3201 τελευτήσαντα
3320 3128 3416 3183 καὶ
3445 3145 3694 3200 ταριχευ-

2126 3225 2291 3279 θέντα
2311 3226 2391 3288 είς
2415 3222 2571 3297 σορὸν
2602 3221 2985 3276 ἀποτεθεῖσθαι
3014 3223 3072 3275 ὲν
3101 3222 3183 3292 τῷ
3205 3221 3317 3293 ναῷ
3343 3219 3438 3275 τοῦ
3461 3221 3712 3292 τιμωμέο

2126 3336 2219 3374 νου
2244 3318 2519 3391 δαίμονος,
2569 3317 2859 3374 κάντεῦθεν
2887 3317 3153 3391 Σορόαπιν
3184 3316 3450 3388 κληθῆναι
3476 3317 3573 3370 καὶ
3600 3315 3701 3370 Σά-

2132 3428 2296 3483 ραπιν
2320 3411 2398 3483 (5)
2425 3409 2674 3483 ὕστερον.
2705 3411 2870 3475 ’Ἀπις
2900 3410 2958 3464 δὲ
2991 3410 3171 3483 τρίτος
3197 3410 3306 3465 ἀπὸ
3337 3409 3567 3482 Ἰνάχου.
3599 3407 3711 3463 Ναὶ

2127 3500 2232 3576 μὴν
2256 3504 2290 3573 ἡ
2313 3500 2474 3572 Λητὼ
2507 3500 2649 3555 κατὰ
2676 3502 2868 3555 Τιτυὸν
2899 3502 3131 3570 γίνεται·

449 3593 645 3662 cipuus
706 3591 850 3661 apud
887 3607 982 3647 eos
1025 3592 1206 3647 cultus
1245 3601 1381 3658 erat,
1424 3590 1588 3664 σορῷ,
1625 3592 1731 3647 hoc
1784 3599 1868 3646 est
1905 3590 2088 3647 loculo
2124 3593 2431 3659 conditum,
2470 3589 2738 3662 Soroapin
2780 3592 2907 3649 inde
2937 3594 3137 3664 primo,
3172 3600 3289 3647 tum
3320 3591 3560 3663 Sarapin
3600 3605 3709 3645 no-

450 3686 733 3740 minarint.
757 3685 889 3756 Apis
913 3697 1093 3741 autem
1118 3687 1186 3741 ab
1205 3686 1408 3741 Inacho
1432 3686 1624 3741 tertius
1645 3686 1873 3741 exstitit.
1903 3684 2026 3742 Jam
2062 3685 2272 3742 Latona
2306 3685 2448 3759 Tityi
2483 3688 2710 3757 aequalis
2733 3698 2874 3755 erat,

517 3801 779 3856 Latonam
819 3802 923 3857 sibi
954 3819 1178 3875 namque
1206 3802 1354 3857 lovis
1386 3805 1605 3859 sociavit
1637 3805 1898 3869 amicam,

449 3913 705 3984 idemque
755 3914 893 3969 vixit
934 3929 1059 3969 cum
1094 3912 1343 3970 Tantalo.
1393 3913 1523 3972 Jure
1574 3915 1739 3989 igitur
1778 3915 2021 3973 Boeotius

456 4005 729 4060 Pindarus
754 4005 972 4072 cecinit,

525 4119 775 4190 Tempore
800 4129 941 4175 certo
968 4131 1122 4175 natus
1154 4120 1343 4191 Apollo
1367 4129 1468 4176 est.

451 4232 562 4290 Nec
588 4234 641 4289 id
673 4233 917 4304 profecto
947 4237 1146 4291 mirum
1177 4236 1449 4298 videatur,
1488 4251 1612 4291 cum
1654 4245 1883 4305 ipsemet
1913 4252 2025 4292 una

451 4341 578 4381 cum
615 4324 847 4381 Hercule
881 4340 1101 4396 operam
1140 4324 1374 4380 Admeto
1413 4326 1734 4381 mercenarii
1779 4327 1898 4382 vice
1924 4343 2022 4382 na-

450 4431 516 4470 va
526 4415 661 4469 verit
677 4455 693 4480 ,

525 4525 868 4597 .....Magnus
908 4544 1018 4581 sese
1047 4528 1174 4581 dum
1198 4528 1418 4583 volveret
1445 4545 1635 4584 annus.

458 4637 574 4694 Sub
611 4636 805 4696 Cadmi
853 4647 1100 4710 tempora
1147 4638 1350 4696 Zethus
1393 4648 1449 4696 et
1481 4640 1757 4712 Amphion
1797 4642 2025 4698 musicas

455 4732 767 4789 inventores
810 4733 1087 4790 exstitere.
1121 4734 1201 4789 Ac
1231 4732 1277 4788 si
1331 4734 1455 4803 quis
1496 4734 1620 4801 erit,
1667 4734 1761 4804 qui
1791 4731 2025 4789 Phemo-

454 4839 596 4879 noen
642 4825 856 4880 Acrisio
894 4825 1128 4896 primam
1176 4825 1339 4897 500
1369 4827 1595 4882 oracula
1641 4814 1909 4883 Cecinisse
1941 4826 2026 4881 di-

455 4922 577 4983 cet,
629 4916 932 4988 intelligat,
988 4926 1115 4988 post
1155 4920 1403 4974 eamdem
1463 4917 1814 4973 Phemonoen
1864 4918 2025 4972 annis

453 5017 661 5078 septem
708 5023 775 5064 ac
812 5008 1025 5080 viginti,
1069 5009 1369 5079 Orpheum,
1409 5009 1693 5075 Musaeum,
1729 5018 1893 5080 atque
1929 5007 2024 5063 Li-

454 5114 587 5153 num
614 5097 865 5155 Herculis
909 5112 1297 5169 praeceptorem
1324 5099 1597 5156 ﬂoruisse.
1627 5097 1898 5155 Homerus
1928 5113 2027 5153 au-

456 5196 566 5243 tem
609 5196 665 5244 et
714 5187 1009 5259 Hesiodus,
1061 5198 1123 5245 ut
1164 5188 1419 5260 Trojanis
1470 5189 1807 5260 temporibus
1852 5189 2028 5243 multo

449 5278 703 5350 iuniores
741 5279 917 5350 fuere,
945 5281 1020 5336 ita
1047 5281 1211 5353 longo
1240 5290 1366 5353 post
1398 5289 1697 5339 utrumoue
1740 5280 2027 5337 intervallo

526 5436 604 5509 (2)
643 5439 835 5494 Ἴσιδι.
881 5437 1090 5494 Nomen
1136 5438 1294 5494 lsidis
1323 5453 1392 5494 ex
1434 5436 1714 5495 Clemente
1755 5437 2030 5509 supplevi-

457 5521 582 5563 mus
603 5547 619 5571 ,
650 5511 797 5578 quod
829 5510 882 5563 in
912 5510 1149 5564 Eusebio
1185 5510 1409 5575 deerat;
1447 5509 1552 5564 Isis
1591 5509 1739 5565 enim
1773 5510 1868 5563 illa
1914 5517 2027 5576 est,

457 5592 625 5645 quam
655 5588 917 5634 seouente
948 5594 1108 5633 versu
1142 5581 1202 5632 lo
1229 5579 1428 5633 dictam
1455 5594 1580 5635 esse
1612 5580 1921 5634 conﬁrmat.

533 5646 610 5717 (5)
648 5648 783 5701 Εἰσὶ
812 5647 880 5700 δὲ
907 5647 963 5702 οἳ
988 5648 1104 5715 τὴν
1136 5647 1236 5711 Ἰώ,
1266 5658 1370 5713 etc,
1402 5649 1558 5717 Apud
1586 5647 1920 5707 Clementem
1954 5648 2027 5705 ita

458 5714 677 5785 legitur,
701 5718 841 5771 Ἶσιν
871 5717 948 5784 δὲ,
979 5714 1076 5789 τὴν
1102 5718 1197 5772 καὶ
1230 5720 1315 5772 Ἰώ
1340 5714 1525 5788 φασιν.

2201 3804 2376 3876 Λητὼ
2402 3804 2478 3877 (6)
2502 3806 2615 3875 γὰρ
2642 3803 2882 3873 ἥλκησε
2910 3801 3043 3870 Διὸς
3074 3801 3307 3872 κυδρὴν
3333 3802 3710 3873 παράκοιτιν.

2131 3920 2325 3983 Τιτυὸς
2346 3919 2403 3973 δὲ
2428 3918 2768 3991 συνεχρόνισε
2791 3917 3067 3990 Ταντάλῳ.
3092 3917 3331 3981 Εἰκότως
3353 3917 3465 3990 ἄρα
3490 3918 3520 3971 6
3537 3916 3714 3973 Βοιώ-

2122 4026 2236 4073 τιος
2260 4008 2521 4080 Πίνδαρος
2549 4009 2775 4079 γρόιςρει⁸

2276 4121 2372 4173 Ἑν
2402 4121 2598 4189 χρόνῳ
2621 4118 2690 4172 δὲ
2717 4118 2904 4190 γένετ’
2941 4110 3262 4173 Ἁπόλλων.

2120 4234 2233 4288 Καὶ
2259 4233 2410 4288 οὐδὲν
2451 4232 2781 4304 θαυμαστὸν,
2804 4235 2935 4287 ὅπου
2968 4249 3034 4301 γε
3065 4250 3160 4287 και
3187 4232 3440 4304 Ἀδμήτῳ
3466 4232 3713 4305 θητεύων

2122 4324 2437 4397 εὑρίσκεται
2472 4326 2569 4379 σὺν
2598 4324 2694 4379 καὶ
2732 4323 2991 4396 Ἠρακλεί

2427 4524 2631 4596 Μέγαν
2656 4526 2744 4588 εὶς
2771 4525 3068 4580 ἐνιαυτόν.

2124 4637 2296 4709 Ζῆθος
2338 4637 2395 4691 δὲ
2436 4638 2531 4692 καὶ
2581 4639 2826 4709 Ἀμφίων
2873 4639 2927 4693 οἱ
2986 4638 3253 4711 μουσικῆς
3305 4637 3525 4709 εὑρεταὶ
3578 4641 3715 4711 περὶ

2123 4730 2222 4800 τὴν
2264 4728 2486 4800 Κάδμου
2532 4731 2823 4799 γεγόνασιν
2866 4730 3103 4802 ἡλικίαν.
3131 4731 3250 4784 Κᾶν
3291 4746 3375 4794 τις
3408 4732 3542 4801 ἡμῖν
3572 4732 3715 4806 λέγῃ

2124 4822 2406 4894 Φημονόην
2470 4822 2694 4895 πρώτην
2752 4823 3146 4896 χρησμῳδῆσαι
3221 4823 3515 4896 Ἀκρισίῳ,
3595 4825 3715 4879 ἀλλ’

2131 4914 2282 4980 ἴστω,
2335 4914 2418 4967 ὃτι
2474 4912 2615 4984 μετὰ
2669 4914 2977 4986 Φημονόην,
3030 4913 3209 4968 ἔτεσιν
3245 4912 3474 4986 ὕστερον
3514 4915 3625 4980 κζ’,
3665 4918 3715 4969 οί

2128 5005 2257 5077 περὶ
2303 5004 2541 5075 Ὀρφέα,
2595 5005 2690 5058 καὶ
2726 5006 3029 5069 Μουσαῖον,
3077 5006 3171 5058 καὶ
3207 5006 3366 5059 Λῖνον
3407 5005 3501 5060 τὺν
3546 5007 3719 5080 Ἥρα·
3781 5006 3787 5017 ’

2129 5094 2318 5158 κλέους
2353 5094 2686 5149 διδάσκαλον·
2733 5096 2980 5167 Ὄμηρος
3017 5095 3076 5148 δὲ
3113 5096 3208 5150 καὶ
3248 5094 3489 5159 Ἠσίοδος
3529 5095 3716 5168 πολλῷ

2128 5184 2384 5258 νεώτεροι
2423 5184 2533 5239 τῶν
2571 5184 2836 5249 Ἰλιακῶν,
2875 5183 2992 5237 μεθ’
3018 5182 3113 5246 οὓς
3149 5182 3344 5254 μακρῷ
3372 5181 3634 5255 νεώτεροι
3664 5187 3717 5238 οἱ

2128 5278 2258 5348 παρ’
2279 5276 2503 5348 Ἕλλησι
2523 5275 2830 5348 νομοθέται,
2852 5274 3167 5347 Λυκοῦργός
3187 5290 3247 5327 τε
3268 5275 3362 5328 καὶ
3385 5275 3592 5342 Σόλων,
3616 5277 3716 5332 καὶ

2201 5434 2279 5507 (4)
2324 5435 2435 5490 Τὸν
2473 5436 2662 5490 Ἆπιν.
2706 5433 2776 5490 Ει
2801 5435 2943 5492 hanc
2968 5445 3255 5505 utramque
3277 5449 3473 5490 vocem
3495 5451 3564 5493 ex
3595 5433 3713 5492 Cle-

2130 5516 2312 5565 mente
2345 5507 2674 5561 addidimus.

2201 5575 2417 5649 (5)_Kal
2462 5573 2747 5649 Σάραπιν.
2786 5573 2949 5649 Addit
2989 5573 3241 5630 Clemens
3284 5582 3413 5631 ante
3456 5573 3709 5649 ὕστερον,

2131 5645 2387 5718 συνηθείᾳ
2415 5646 2520 5718 τινὶ
2543 5645 2659 5718 εῶν
2686 5646 2984 5718 ἐγχωρίων.

2202 5663 2387 5717 νηυειᾳ
2415 5663 2520 5698 τινι
2543 5663 2659 5770 διον
2686 5663 2984 5718 εγχωριων.

2202 5716 2280 5789 (6)
2313 5714 2506 5785 Λητώ.
2589 5730 2747 5773 ersus
2778 5728 2881 5785 est,
2908 5715 3099 5786 Odyss.
3127 5714 3194 5781 A,
3217 5713 3322 5769 579
