3842 6226
138 320 250 378 833

1260 319 1583 378 l'lUEPAR.
1632 320 1883 378 EVANG.
1928 323 2052 379 LIB.
2092 324 2160 378 Χ.

3285 337 3391 393 831

134 457 188 511 οἱ
220 455 364 511 ἑπτὰ
396 454 569 527 σοφοὶ.
597 458 649 511 οἵ
667 475 724 513 τε
752 460 895 530 ἀμφὶ
919 459 1012 513 τὸν
1040 460 1233 532 Σύριον
1263 457 1597 530 Φερεκύδην,
1622 459 1714 511 Ilo

1828 460 2003 515 Graeci
2054 460 2414 530 legislatores,
2466 461 2778 533 Lycurgus,
2824 463 3021 532 Solon,
3075 482 3397 542 septemque

137 549 380 622 θαγόραν
403 551 495 604 τὸν
524 550 716 621 μέγαν,
747 552 896 606 κάτω
923 570 1024 606 που
1058 554 1187 624 περὶ
1214 552 1314 616 τὰς
1356 549 1723 621 Ὀλυμπιάδας

135 639 443 710 γενόμενοι,
490 640 567 704 ὡς
615 644 1060 714 παρεστήσαμεν.
1117 643 1227 696 Καὶ
1279 639 1421 696 θεῶν
1468 639 1575 712 ἄρα
1613 640 1723 695 τῶν

137 729 412 784 πλείστων
445 731 573 804 παρ’
622 732 899 804 Ἕλλησιν,
948 734 1008 787 ού
1057 734 1215 805 μόνον
1261 732 1374 787 τῶν
1417 730 1723 802 λεγομένων

138 820 324 890 σοφῶν
348 838 408 876 τε
443 823 537 876 καὶ
592 823 851 894 ποιητῶν,
883 827 911 878 6
941 826 1147 896 Μωσῆς
1178 826 1308 895 ἡμῖν
1347 822 1722 876 ἀποδέδεικται

135 910 531 983 πρεσϐύτερος.
566 931 586 966 ι
618 913 801 967 Ταῦτα
823 915 917 968 καὶ
943 917 971 969 6
996 914 1248 986 Κλήμης.
1296 913 1439 968 Ἀλλ’
1468 914 1589 966 ἐπεὶ
1617 912 1723 984 πρὸ

135 1000 248 1054 τῶν
275 1001 557 1075 ἡμετέρων
587 1002 927 1075 ἐσπουδάσθη
961 1004 1057 1057 καὶ
1079 1004 1261 1067 αὐτοῖς
1299 1000 1568 1076 Ἐϐραίων
1594 1018 1723 1055 παι-

138 1091 228 1145 σὶν
261 1093 294 1163 η
326 1092 661 1164 προκειμένη
690 1094 1063 1165 πραγματεία,
1097 1092 1278 1158 καλῶς
1305 1092 1373 1147 ἂν
1396 1093 1510 1166 ἔχοι
1533 1092 1632 1147 καὶ
1656 1092 1724 1146 τὰ

136 1184 345 1239 τούτων
405 1185 653 1239 συνιδεῖν.
709 1186 1000 1257 Χρήσομαι
1052 1185 1109 1239 δὲ
1153 1184 1275 1238 ἀντὶ
1329 1184 1548 1237 πάντων
1601 1185 1723 1245 ταῖς

136 1276 369 1331 Φλαυῖου
411 1279 566 1349 ’Ῑωσή
573 1296 673 1332 που
710 1281 934 1349 φωναῖς.

1829 548 2138 618 sapientes:
2195 566 2294 605 nec
2341 567 2448 605 non
2506 551 2844 625 Pherecydes
2888 556 2977 612 ille
3026 556 3229 629 Syrus,
3279 577 3398 617 ma-

1828 656 2079 710 gnusque
2125 639 2497 713 Pythagoras,
2550 660 2691 714 quos
2748 647 2927 703 adhuc
2973 650 3243 718 posterius
3294 652 3398 709 sub

1828 731 2196 802 nlympiadum
2236 732 2450 788 initium
2494 745 2654 791 natos
2698 752 2822 793 esse
2864 739 2978 806 jam
3028 743 3391 799 ostendimus.

1829 820 1905 875 Ex
1961 822 2164 891 quibus
2201 824 2458 880 omnibus
2506 824 2711 881 Mosem
2768 828 2978 897 utique,
3031 830 3236 887 Graecis
3287 834 3395 891 illis
3456 862 3460 866 ·

1831 929 1937 967 non
1990 914 2328 984 sapientibus
2374 924 2582 971 tantum
2638 932 2702 972 ac
2746 921 2943 990 poetis,
2989 939 3177 979 verum
3228 926 3393 981 etiam

1828 1001 2103 1072 plerisque
2134 1003 2455 1060 numinibus
2485 1007 2849 1077 antiquiorem
2886 1010 3059 1067 fuisse
3097 1023 3330 1069 constat.
3371 1034 3391 1067 ι

1828 1092 2008 1161 Atque
2051 1107 2117 1147 ex
2160 1091 2437 1150 Clemente
2472 1096 2758 1153 hactenus.
2813 1099 2919 1155 Sed
2964 1104 3222 1172 quoniam
3271 1114 3398 1159 ante

1832 1194 2054 1241 nostros
2083 1187 2353 1251 homines,
2387 1189 2492 1243 hoc
2520 1189 2573 1243 in
2612 1195 2913 1259 argumenti
2960 1211 3155 1264 genere
3185 1195 3395 1252 Harbrci
3484 1244 3487 1249 ,

1820 1279 2018 1333 versati
2072 1289 2230 1343 sunt,
2300 1282 2519 1336 illorum
2573 1285 2739 1338 etiam
2787 1287 3097 1341 testimonia
3150 1288 3397 1359 proferre

136 1372 314 1442 iuvat.
356 1370 488 1427 Mihi
535 1381 715 1427 tamen
742 1369 962 1425 Flavius
994 1368 1266 1441 Iosephus
1312 1370 1416 1427 hoc
1462 1370 1583 1426 loco
1613 1370 1790 1428 instar
1828 1371 2077 1426 omnium
2122 1371 2305 1428 fuerit.

656 1466 1046 1520 ΚΕΦΑΑΑΙΟΝ
1096 1466 1193 1519 II".

147 1575 286 1634 tuo
334 1575 440 1630 τοῦ
454 1576 714 1649 ᾲπριέζτου
752 1576 871 1649 τῶν
915 1579 1177 1649 Φλαυΐου
1233 1578 1529 1646 Ἰωσήπου
1578 1578 1713 1649 περὶ

406 1645 517 1715 τῆς
547 1646 665 1700 τῶν
707 1647 1011 1703 Ἰουδαίων
1036 1649 1447 1718 ἀρχαιότητος.

210 1755 232 1789 ι
277 1736 545 1808 Ἀρξομαι
564 1738 621 1792 δὲ
644 1738 719 1808 (7)
744 1738 960 1810 πρῶτον
980 1740 1091 1794 ἀπὸ
1112 1740 1219 1794 τῶν
1246 1742 1377 1812 παρ’
1396 1741 1715 1810 Αἰγυπτίοις

142 1828 499 1899 γραμμάτων.
532 1829 683 1883 Αύτὰ
710 1830 806 1901 μὲν
838 1826 931 1884 οὖν
961 1832 1061 1903 οὐχ
1086 1828 1197 1885 οἷόν
1232 1833 1304 1903 (8)
1337 1850 1395 1886 τε
1430 1833 1720 1906 παρατίθε-

134 1921 264 1975 σθαι
300 1920 582 1974 τᾰκείνων·
608 1921 868 1986 Μάνεθως
897 1922 953 1975 δὲ
983 1924 1043 1977 τὸ
1062 1924 1217 1993 γένος
1238 1924 1551 1993 Αἰγύπτιος,
1582 1924 1721 1998 ἀνὴρ

132 2014 234 2083 τῆς
307 2012 628 2083 Ἑλληνικῆς
689 2013 1043 2085 μετεσχηκὼς
1099 2016 1382 2081 παιδείας,
1436 2018 1512 2080 ὡς
1564 2018 1723 2088 δῆλύς

131 2108 276 2168 ἔστι,
304 2105 550 2176 γέγραφε
574 2105 683 2175 γὰρ
719 2104 926 2159 Ἐλλάδι
962 2108 1111 2177 φωνῇ
1147 2106 1244 2177 τὴν
1298 2109 1528 2180 πάτριον
1581 2110 1722 2163 ἱστο-

132 2197 286 2269 ρίαν,
318 2195 383 2248 ἐκ
405 2213 464 2248 τε
497 2194 605 2249 τῶν
632 2196 809 2268 ίερῶν,
833 2196 908 2260 ὥς
931 2214 1095 2269 φησιν
1127 2198 1310 2263 αὐτὸς,
1345 2200 1718 2273 μεταφράσας,

129 2288 194 2352 ὃς
221 2288 323 2342 καὶ
353 2287 522 2341 πολλὰ
542 2288 633 2342 τὸν
665 2288 946 2361 Ἡρόδοτον
977 2289 1187 2361 ἐλέγχει
1209 2290 1319 2343 τῶν
1338 2292 1720 2361 Αἰγυπτιακῶν

132 2380 229 2434 ὑπ’
262 2380 489 2448 ἀγνοίας
519 2379 868 2451 ἐψευσμένον·
905 2373 1059 2445 οὗτος
1089 2382 1155 2454 δὴ
1191 2381 1370 2436 τοίνυν
1398 2384 1427 2435 6
1458 2382 1721 2448 Μάνεθως

132 2472 193 2527 ὲν
226 2474 299 2542 τῇ
331 2472 555 2544 δευτέρα
593 2471 703 2525 τῶν
730 2471 1145 2541 Αἰγυπτιακῶν
1184 2473 1356 2527 ταῦτα
1395 2475 1524 2546 περὶ
1564 2475 1719 2546 ἡμῶν

131 2564 374 2634 γράφει·
407 2555 797 2635 παραθήσομαι
829 2562 886 2616 δὲ
917 2564 1017 2635 τὴν
1056 2562 1200 2631 λέξιν
1243 2564 1430 2629 αὐτοῦ,
1469 2564 1719 2638 καθάπερ

132 2656 301 2712 αὐτὸν
324 2657 530 2709 ἐκεῖνον
563 2655 903 2727 παραγαγὼν
939 2655 1212 2728 μάρτυρα.
1254 2654 1362 2709 Τοῦ
1390 2656 1615 2727 Τίμαιος
1641 2658 1717 2730 (9)

131 2747 417 2819 ὀνόματος·
442 2747 533 2800 ἐπὶ
552 2746 739 2800 τούτου
760 2748 858 2800 ούκ
881 2743 978 2801 οἷδ’
999 2749 1147 2811 ὅπως
1167 2750 1194 2801 6
1214 2748 1345 2811 Θεὸς
1366 2748 1717 2814 ἀντέπνευσε,

131 2837 231 2892 καὶ
261 2836 580 2908 παραδόξως
609 2839 674 2892 ὲκ
698 2837 805 2891 τῶν
844 2839 980 2911 πρὸς
1011 2839 1273 2911 ἀνατολὴν
1302 2839 1481 2912 μερῶν
1506 2839 1719 2913 ἄνθρω-

131 2947 228 2984 ποι
258 2930 324 2983 τὸ
354 2929 512 2999 γένος
534 2929 758 3001 ἄσημοι,
795 2930 1333 3003 καταθαρῤήσαντες,
1358 2930 1451 2983 ἐπὶ
1481 2930 1577 3003 τὴν
1607 2930 1716 3003 χώ-

134 3040 239 3094 ραν
281 3023 671 3094 ἐστράτευσαν,
714 3024 807 3078 καὶ
834 3022 1035 3094 ῥᾳδίως
1066 3024 1310 3095 ἀμαχητὶ
1342 3021 1543 3095 ταύτην
1577 3022 1719 3078 κατὰ

2414 1465 2644 1522 CAPUT
2676 1466 2813 1523 XIII.

1822 1578 1911 1634 Ex
1943 1579 2122 1635 Flavii
2146 1579 2359 1652 Joseplri
2394 1583 2568 1652 primo
2598 1582 2676 1638 De
2706 1584 3023 1655 antiquitate
3053 1583 3389 1643 Iudaeorum.

1897 1757 1916 1791 ι
1949 1736 2065 1808 Ego
2095 1752 2244 1802 vero,
2272 1737 2469 1808 inquit,
2502 1738 2571 1793 ab
2597 1739 2931 1812 Egyptiacis
2955 1741 3144 1797 litteris
3173 1741 3391 1797 initium

1824 1827 2045 1896 faciam,
2078 1844 2311 1899 quarum
2345 1841 2405 1885 ut
2430 1832 2578 1886 nulla
2604 1833 2760 1887 nobis
2805 1848 2901 1903 per
2927 1848 3046 1889 sese
3086 1835 3242 1904 copia
3286 1835 3392 1903 sit,

1820 1918 2111 1976 Manethus
2151 1929 2332 1975 tamen
2382 1921 2674 1993 Egyptius
2708 1939 2925 1995 genere,
2975 1925 3061 1978 vir
3105 1925 3159 1980 in
3205 1923 3393 1981 Grzeca

1820 2012 2131 2067 eruditione
2177 2022 2446 2077 versatus,
2478 2013 2557 2068 uti
2604 2030 2669 2069 ex
2738 2030 2804 2070 eo
2850 2015 3192 2086 intelligitur,
3244 2017 3392 2088 quod

1821 2100 2007 2158 Graece
2053 2104 2284 2173 patriam
2328 2104 2616 2161 historiam
2663 2107 2963 2177 scripserit,
2995 2124 3138 2174 eam,
3173 2119 3232 2164 ut
3274 2112 3394 2181 ipse

1819 2195 2123 2263 proﬁtetur,
2154 2210 2185 2251 e
2216 2195 2392 2251 sacris
2426 2196 2813 2267 interpretatus
2859 2199 3042 2254 libris:
3084 2200 3178 2270 qui
3226 2202 3391 2256 etiam

1819 2283 2152 2341 Herodotum
2198 2288 2370 2342 multa
2413 2297 2632 2358 pr0pter
2671 2290 3070 2361 ignorationem
3119 2292 3175 2346 in
3225 2307 3394 2364 expo-

1820 2377 2015 2432 nendis
2096 2379 2262 2435 rebus
2314 2379 2652 2452 Egyptiaeis
2702 2397 2959 2451 peccasse
3030 2382 3389 2440 demonstrat.

1819 2465 1913 2522 Ille
1959 2467 2126 2540 igitur
2184 2468 2552 2523 Historiarum
2603 2471 2977 2542 Ai‘gyptiarum
3010 2477 3273 2541 secundo,
3315 2475 3392 2529 ita

1819 2556 1887 2612 de
1922 2558 2081 2611 nobis
2112 2558 2337 2613 scribit:
2388 2560 2510 2630 ejus
2540 2560 2742 2630 quippe
2774 2562 2938 2616 verba
2967 2561 3212 2631 proferre
3239 2564 3390 2632 libet,

1819 2651 1963 2721 quod
1995 2652 2171 2719 ipsum
2192 2653 2272 2706 uti
2301 2661 2495 2708 testem
2527 2654 2761 2722 aliquem
2792 2654 3089 2723 producam
3115 2674 3127 2708 :
3161 2653 3386 2725 Regem,

1820 2741 2029 2810 inquit,
2072 2741 2202 2795 olim
2259 2741 2556 2798 habuimus
2605 2741 2871 2798 Timaeum
2925 2744 3178 2798 nomine:
3233 2744 3393 2816 cujus

1819 2844 2082 2903 tempore,
2115 2848 2243 2888 cum
2286 2834 2444 2889 nobis
2476 2833 2620 2891 Deus
2650 2837 2837 2891 nescio
2884 2851 2995 2907 quo
3042 2846 3205 2907 pacto
3247 2846 3393 2891 esset

1819 2926 2031 2992 iratior,
2077 2942 2146 2982 ex
2189 2927 2438 2997 partibus
2482 2926 2852 2984 Orientalibus
2888 2930 3137 2984 homines
3167 2930 3391 2999 ignobili

1817 3032 2013 3087 genere
2053 3017 2128 3071 illi
2179 3018 2422 3087 quidem,
2468 3019 2563 3074 sed
2602 3028 2780 3074 tamen
2828 3020 3072 3075 audaciae
3105 3020 3270 3089 pleni,
3300 3035 3386 3074 rc-

134 3115 341 3188 κράτος
362 3109 525 3171 εἶλον.
548 3116 657 3169 Καὶ
687 3115 929 3185 ἐπιλέγει
958 3115 1093 3187 μετὰ
1120 3115 1343 3188 βραχέα·
1364 3114 1638 3169 Ἐκαλεῖτο
1657 3114 1714 3169 δὲ

1824 3109 2100 3180 pentinum
2145 3111 2288 3166 hanc
2339 3110 2392 3165 in
2450 3112 2729 3183 regionem
2787 3113 3047 3183 impetum
3108 3112 3389 3182 fecerunt;

133 3207 248 3279 (10)
269 3207 331 3260 τὸ
359 3207 580 3279 σύμπαν
601 3205 781 3260 αὐτῶν
810 3207 960 3271 ἔθνος
993 3205 1452 3278 ’Υκουσσώς(11)ο
1485 3207 1641 3262 τοῦτο
1658 3207 1716 3264 δέ

130 3300 253 3354 ἔστι
282 3296 523 3369 βασιλεῖς
552 3298 823 3367 ποιμένες.
855 3295 927 3349 Τὸ
946 3296 1053 3368 γὰρ
1081 3296 1207 3362 Ὓκ,
1226 3297 1349 3350 καθ’
1370 3295 1519 3366 ἱερὰν
1536 3296 1714 3366 γλῶσ-

135 3406 257 3453 σαν,
283 3387 553 3454 βασιλέα
586 3388 855 3458 σημαίνει·
893 3387 953 3442 τὸ
983 3387 1039 3441 δὲ
1072 3386 1554 3460 υύσσώς,ποιμήν
1576 3389 1714 3456 ἐστι,

133 3483 229 3537 καὶ
265 3480 547 3551 ποιμένες
581 3481 721 3534 κατὰ
760 3479 857 3551 τὴν
888 3481 1070 3552 κοινὴν
1115 3479 1409 3533 διάλεκτον·
1450 3480 1544 3534 καὶ
1575 3479 1716 3534 οὓτω

135 3570 515 3641 συντιθέμενον
529 3571 738 3640 γίνεται
761 3570 775 3587 '
788 3570 1126 3637 Υκουσσώς.
1145 3571 1299 3634 Τινὲς
1313 3571 1369 3625 δὲ
1383 3571 1597 3641 λέγουσι
1614 3574 1714 3627 αύ-

133 3664 260 3726 τοὺς
287 3661 534 3734 Ἀραὸας
562 3657 716 3714 εἶναι’
741 3661 798 3714 ἐν
818 3661 862 3715 δ’
882 3661 1025 3732 ἄλλῳ
1052 3662 1370 3734 ἀντιγράφω
1389 3663 1449 3717 ού
1480 3663 1715 3735 βασιλεῖς

135 3750 499 3823 σημαίνεσθαι
553 3750 641 3805 διὰ
670 3752 774 3821 τῆς
813 3750 1121 3815 ’Υκουσσὼς
1168 3752 1277 3823 ll?)
1324 3755 1712 3826 προσηγορίας,

131 3841 274 3897 ἀλλά
321 3841 631 3896 τούναντίον
671 3842 1050 3912 αἰχμαλώτους
1094 3841 1383 3913 δηλοῦσθαι
1428 3844 1710 3915 ποιμένας.

133 3933 210 3989 To
237 3932 797 4005 γὰρ’]’κουσσὼςυζῆ
818 3935 1160 4003 Αἰγυπτιστὶ,
1185 3934 1280 3987 καὶ
1311 3934 1371 3988 τὸ
1390 3933 1463 3988 ἃκ
1490 3935 1713 3991 δασυνό-

136 4040 320 4097 μενον,
342 4024 723 4095 αἰχμαλώτους
750 4024 931 4097 ρητῶς
956 4023 1168 4096 μηνύει.
1194 4025 1304 4080 Καὶ
1328 4026 1486 4081 τοῦτο
1514 4027 1714 4099 μᾶλλον

135 4109 508 4184 πιθανώτερόν
565 4131 657 4184 μοι
713 4114 992 4184 φαίνεται,
1046 4114 1141 4169 καί
1185 4113 1422 4179 παλαιᾶς
1475 4116 1714 4190 ἱστορίας

132 4203 413 4274 ἐχόμενον.
486 4204 719 4270 Τούτους
779 4206 836 4260 δὲ
896 4206 1024 4270 τοὺς
1079 4209 1714 4280 προκατωνομασμένους

133 4291 415 4363 βασιλέας,
452 4295 546 4348 καὶ
587 4300 712 4360 τοὺς
749 4296 856 4350 τῶν
895 4299 1167 4370 ποιμένων
1202 4299 1312 4372 (14)
1344 4300 1708 4372 καλουμένων,

133 4388 229 4441 καί
261 4389 391 4452 τοὺς
438 4388 498 4454 ἐξ
547 4388 729 4443 αὐτῶν
773 4391 1097 4464 γενομένους
1124 4393 1396 4465 κρατῆσαι
1423 4394 1524 4465 τῆς
1545 4395 1713 4463 Αίγύ-

1821 3215 2054 3270 eamque
2093 3199 2254 3256 facile
2303 3202 2599 3256 admodum
2657 3215 2723 3256 ac
2765 3202 2884 3257 sine
2927 3218 3104 3273 pugna
3159 3204 3391 3274 subege-

1820 3302 1970 3347 runt.
2006 3292 2143 3347 Tum
2185 3294 2377 3364 paucis
2423 3294 2757 3365 interiectis:
2808 3295 2974 3359 Gens,
3028 3296 3235 3365 inquit,
3294 3310 3390 3351 eo-

1816 3401 1940 3441 rum
1985 3386 2242 3441 universa
2287 3385 2598 3457 llycoussos
2647 3385 2965 3452 vocabatur,
3016 3385 3120 3440 hoc
3172 3395 3257 3442 est
3303 3402 3391 3441 rc-

1816 3494 1911 3549 ges
1970 3487 2239 3548 pastores.
2302 3477 2417 3550 llyc
2486 3479 2631 3533 enim
2677 3479 2730 3532 in
2791 3493 2946 3532 sacra
2993 3478 3178 3549 lingua
3220 3495 3392 3550 regem

1816 3580 2011 3638 sonat;
2061 3567 2271 3626 Oussos
2305 3581 2485 3625 autem
2520 3571 2796 3626 communi
2827 3570 3093 3625 vocabulo
3122 3586 3388 3640 pastorem

1813 3668 2164 3730 pastoresque
2211 3661 2513 3732 signiﬁcat;
2575 3661 2717 3715 unde
2770 3677 2874 3715 vox
2918 3664 3220 3731 composita
3268 3661 3387 3733 Hy-

1815 3767 2050 3805 coussos.
2089 3749 2231 3805 Sunt
2263 3760 2441 3804 tamen
2474 3752 2566 3821 qui
2602 3750 2811 3806 Arabes
2859 3751 2983 3806 illos
3025 3745 3182 3817 501
3219 3752 3389 3806 fuisse

1814 3840 2028 3895 velint:
2090 3844 2337 3911 adeoque
2380 3841 2434 3895 in
2483 3841 2591 3895 alio
2634 3842 2870 3912 quodam
2921 3844 3239 3911 exemplari,
3289 3860 3390 3898 no-

1814 3931 1967 3986 mine
1998 3930 2091 3986 illo
2138 3930 2477 4002 Hycoussos,
2512 3947 2620 3987 non
2654 3948 2831 4003 reges,
2864 3934 2958 3988 sed
2992 3934 3176 4003 potius
3209 3936 3386 4004 capti-

1812 4038 1912 4079 vos
1945 4032 2193 4093 pastores
2231 4023 2483 4078 indicari.
2518 4022 2662 4079 Sane
2710 4025 2932 4095 quidem
2980 4023 3114 4098 Hyc,
3149 4037 3204 4081 et
3251 4026 3384 4093 Hac,

1812 4115 1858 4169 si
1885 4130 2011 4170 cum
2048 4114 2380 4185 aspiratione
2410 4116 2704 4181 scribatur,
2751 4118 2999 4186 captivos
3037 4118 3258 4187 proprie
3289 4134 3388 4172 no-

1814 4205 2179 4273 minatimque
2241 4203 2532 4273 signiﬁcat.
2586 4204 2763 4275 Atque
2808 4204 2862 4258 id
2910 4204 3045 4257 mihi
3095 4204 3384 4259 verosimi-

1812 4296 1919 4352 lius
1968 4296 2205 4359 videtur,
2245 4296 2527 4366 magisque
2569 4312 2694 4352 cum
2737 4298 2961 4365 antiqua
2995 4297 3223 4352 historia
3252 4312 3386 4352 cou-

1814 4397 2157 4444 sentaneum.
2202 4386 2329 4443 lllos
2376 4388 2541 4458 igitur
2584 4403 2774 4459 regum
2821 4389 2951 4442 olim
2993 4398 3385 4458 pastorumque

132 4498 272 4535 πτου
301 4483 468 4552 φησὶν
501 4482 596 4555 ἐτη
631 4483 768 4554 πρὸς
794 4486 907 4549 τοῖς
930 4492 983 4554 φ’
1007 4492 1095 4541 ια’.
1121 4484 1278 4540 Μετὰ
1310 4485 1485 4541 ταῦτα
1512 4486 1569 4541 δὲ
1599 4487 1709 4542 τῶν

1824 4480 2034 4534 nomine
2078 4481 2406 4551 appellatos,
2440 4481 2866 4550 earumdemque
2911 4488 3161 4550 posteros
3214 4479 3385 4552 ,Εεν-

132 4573 200 4627 ὲκ
224 4572 330 4643 τῆς
355 4573 618 4644 Θηϐαΐδος
657 4576 753 4629 καὶ
790 4576 889 4645 τῆς
926 4576 1090 4647 ἄλλης
1129 4579 1406 4647 Αἰγύπτου
1446 4578 1711 4650 βασιλέων

130 4663 389 4734 γενέσθαι
424 4666 589 4737 φησὶν
619 4668 712 4721 ἐπὶ
748 4671 875 4733 τοὺς
910 4669 1172 4740 ποιμένας
1202 4671 1589 4737 ἐπανάστασιν,
1617 4673 1709 4727 καὶ

204 4866 286 4936 (7)
316 4865 591 4941 ᾏρξομᾳι
634 4865 721 4920 δέ.
749 4865 976 4941 ⁸Ιιοριιιῐι
1026 4868 1169 4924 hunc
1191 4870 1341 4941 leges
1383 4871 1527 4941 apud
1554 4869 1708 4928 Iose-

125 4937 306 5007 pbum
342 4938 433 4990 lib.
468 4953 483 4991 ι
512 4938 709 5008 contra
726 4936 1002 5008 Apionem,
1032 4953 1154 5008 pag.
1182 4936 1318 4995 1039
1345 4936 1474 4996 edit.
1499 4940 1709 4997 Graeco-

288 5021 521 5082 ex_ver_s.
550 5006 963 5082 (iessqnii._llos
986 5006 1170 5082 autem
1229 5018 1416 5082 contra
1439 5011 1702 5082 Apionem

129 5079 327 5143 libros,
357 5078 493 5147 Περὶ
533 5077 632 5151 τῇς
661 5077 767 5151 τῶν
802 5077 1707 5151 ἸουδαίωνΑᾲρχαιότητοςίίηεονί-

126 5157 273 5219 μοιβ⁵
297 5162 441 5219 esse,
475 5147 671 5219 egghoc
698 5147 854 5201 titulo
885 5148 954 5202 13
978 5147 1396 5219 οοηῇὶοἰροεείι.

199 5216 285 5289 (8)
319 5217 444 5289 Οιξιχ
473 5211 604 5289 οἷον
625 5230 924 5289 τεπαρατ.
950 5211 1257 5271 τάκέίνωῶ.
1284 5217 1495 5289 Optima
1522 5220 1701 5285 lectio,

123 5283 346 5361 ex'q'u_a
370 5283 590 5356 Josephi
617 5283 908 5361 editionem
938 5289 1210 5361 corrigas,
1238 5289 1292 5341 in
1328 5283 1433 5359 qua
1467 5283 1699 5361 legituré

125 5362 246 5427 Οὐχ
266 5355 397 5409 οἴων
416 5373 475 5408 τε
502 5372 639 5427 παρ.
661 5355 946 5411 κάκείνων·
968 5355 1378 5427 αυξέὶηιοτρνθε
1407 5361 1478 5414 ita
1507 5355 1700 5423 r'eddit,

200 5424 263 5480 as
294 5441 404 5478 non
429 5424 759 5497 arbitrantur
790 5424 1152 5482 commendare
1184 5424 1302 5497 qui:
1344 5443 1527 5486 nostra
1556 5441 1699 5485 sunt.

174 5497 394 5549 ivinare
422 5498 525 5549 hoc
558 5494 681 5550 fuit.

1811 4572 1886 4642 pti
1956 4571 2297 4627 dominatum
2369 4572 2610 4627 tenuisse
2676 4570 2964 4629 Manetbus
3037 4573 3146 4638 ait,
3223 4573 3385 4628 annis

1813 4664 2031 4719 circiter
2077 4665 2330 4721 undecim
2364 4679 2531 4735 supra
2557 4663 2908 4738 quingentos.
2953 4662 3094 4718 Tum
3133 4677 3264 4718 vero
3285 4677 3382 4717 su~

1807 4868 1875 4923 de
1897 4881 2024 4921 vera
2056 4866 2204 4920 illius
2233 4864 2591 4934 appellatione
2621 4877 2728 4917 non
2760 4869 3053 4934 constaret.

1878 4938 1991 5006 (10)
2033 4930 2335 5006 Ἐκαλεῖτο
2360 4935 2445 4987 δέ.
2476 4932 2695 5006 Jos_eph.
2729 4948 2849 5001 pag.

1879 4999 1992 5079 (11)
2038 5005 2402 5079 Τὸᾼονύμεζᾳςν
2434 4999 2631 5079 αὐτῶῦ
2660 4999 2838 5067 ἕθκοξ·
2884 5002 2941 5054 Ὺ
2939 4999 3237 5079 κοοσοῴς.
3282 4999 3379 5054 Jo-

1807 5070 1984 5148 sephf
2013 5077 2075 5129 τὸ
2115 5070 2266 5148 έθνᾴς
2307 5073 2540 5138 Ὑκσώς,
2582 5089 2756 5148 quam
2781 5086 2968 5148 vocem
3022 5070 3215 5148 deinde
3267 5079 3374 5148 tam

1804 5138 2120 5202 constanter
2145 5138 2373 5209 retinet,
2403 5160 2585 5214 quam_
2600 5138 2868 5198 Eusebius
2906 5138 3234 5214 ’Υκουσσὼς.
3266 5140 3377 5194 Nec

1803 5217 1965 5273 facile
2007 5217 2079 5272 sit
2123 5216 2330 5272 homini
2378 5210 2488 5270 non
2521 5212 2814 5285 IEgyptio,
2851 5226 3034 5267 veram
3085 5210 3374 5265 lectionem

1804 5288 2069 5344 divinare.

1875 5357 1987 5430 (12)
2030 5355 2387 5430 'I‘xovo'cobq.
2410 5353 2653 5430 _Joseph.
2701 5362 2912 5409 tantum
2927 5351 3062 5423 Ὗκ,
3080 5349 3176 5405 sed
3211 5348 3375 5415 male,

1804 5425 2347 5506 utegsequentihus
2376 5425 2532 5506 plane
2564 5432 2799 5505 constat.
3012 5497 3026 5506 Δ
3111 5501 3122 5506 _
3240 5486 3264 5506 η

1873 5498 1986 5569 (15)
2028 5491 2390 5569 ’ζ’κουσσώςξ
2413 5492 2512 5549 Hic
2544 5495 2784 5549 vicissim
2798 5491 3373 5563 reponetantnm'l‘x,

751 5536 1177 5639 supplenduset
1222 5569 1573 5639 corrigendus
1612 5571 1702 5627 hic

1824 5536 2012 5621 :x‘e‘od.
2043 5563 2302 5639 Josepho.

124 5632 287 5708 locus
312 5632 1022 5708 e;_Josepho._Vaputl'quem
1067 5637 1354 5693 Manethus
1371 5632 1475 5695 ille
1507 5642 1587 5697 sic
1617 5641 1701 5695 in-

1873 5638 1985 5710 (14)
2015 5638 2122 5692 Καὶ
2152 5629 2294 5710 τοὺς
2315 5637 2434 5691 τῶν
2457 5649 2622 5710 ποιμ,
2650 5631 3113 5710 losephus_delet_
3131 5629 3244 5694 καί,
3273 5644 3363 5684 re-

122 5707 296 5781 cipit.
357 5699 606 5781 Ἰῂένεῖτο
653 5699 901 5781 βασιλεὺς
958 5709 1093 5781 ημῖν
1146 5709 1352 5779 Τίμαος
1399 5710 1586 5781 ὄνομα.
1638 5710 1697 5765 ln

1824 5699 1979 5781 :tiits,
2016 5717 2074 5763 ut
2120 5699 2333 5761 videtur
2368 5724 2382 5761 :
2415 5707 2520 5761 nisi
2556 5699 2731 5758 'malis
2763 5699 2888 5765 τοὺς
2933 5704 2997 5755 ὲκ
3045 5699 3155 5755 τῶν
3215 5713 3374 5769 ποιμ,

126 5775 357 5833 nomine
389 5775 619 5847 Τίμαιος
650 5775 782 5833 nihil
818 5775 1139 5834 mutandum
1175 5775 1360 5850 putavi
1389 5775 1530 5850 quod
1563 5782 1697 5837 mihi
1801 5779 1944 5850 quod
1973 5794 2162 5834 eorum
2193 5794 2259 5834 ex
2292 5791 2518 5833 numero
2549 5789 2702 5844 reges
2734 5783 3066 5829 crearentur.
