3826 6232
433 242 545 298 835

1163 240 1432 299 EUSEBII
1470 239 1947 296 CIESARIENSIS
1978 238 2128 294 OPP.
2151 238 2332 294 PARS
2366 234 3036 294 ll.-APOLOGETICA.

3585 242 3683 297 856

436 366 679 426 sceptam
753 354 1018 410 adversus
1074 368 1170 408 eos
1218 353 1287 407 ab
1333 351 1625 409 Thebaidis
1678 369 1744 409 ac
1793 352 2004 422 reliqua

2118 351 2352 422 πόλεμον
2411 353 2749 424 συρραγῆναι
2803 352 2975 424 μέγαν
3017 352 3115 406 καὶ
3158 352 3525 424 πολυχρόνιον.
3569 353 3687 408 Ἐπί

434 443 655 516 Egypti
694 445 913 515 regibus
944 442 1360 513 expeditionem,
1394 443 1706 513 bellumque
1748 458 1913 513 grave
1945 458 2010 497 ac

437 536 762 591 diuturnum
806 537 947 590 inter
984 535 1136 605 ipsos
1177 537 1474 591 conﬂatum
1517 535 1709 591 fuisse.
1764 535 2008 590 Tandem

440 630 545 683 sub
607 643 734 698 rege
791 627 1065 696 quodam,
1126 627 1214 682 cui
1268 628 1763 699 Misphraguthosis
1809 642 2010 681 nomen

437 727 578 782 erat,
634 718 934 772 debellatos
985 728 1232 788 pastores
1283 719 1429 782 illos,
1479 734 1545 773 ac
1590 718 1799 787 reliqua
1841 716 2009 788 [Egy—

436 820 530 879 pto
572 809 781 879 pulsos,
831 825 1002 863 unum
1046 810 1101 863 in
1145 811 1326 864 locum
1375 810 1616 864 inclusos
1643 824 1767 865 esse
1810 809 2008 873 tradit,

438 902 597 970 cujus
648 901 889 956 ambitus
951 902 1138 956 decem
1179 902 1636 971 jngerummillia
1684 901 2008 957 contineret.

435 992 632 1047 Avaris
691 994 846 1048 locus
889 993 981 1048 ille
1032 993 1346 1057 dicebatur,
1400 1009 1566 1063 quem
1620 1008 1651 1047 a
1698 993 2010 1063 pastoribus

441 1086 756 1139 universum
820 1084 1027 1155 ingenti
1097 1085 1386 1155 validoque
1441 1100 1602 1139 muro
1668 1094 1880 1153 septum
1945 1099 2011 1139 ac

440 1177 710 1230 munitum
747 1175 890 1229 idem
923 1177 1159 1247 scriptor
1186 1178 1297 1242 ait,
1340 1186 1399 1232 ut
1435 1176 1703 1248 quidquid
1750 1176 1855 1231 sibi
1901 1176 2011 1230 for-

442 1274 701 1321 tunarum
748 1276 897 1321 esset
940 1282 1004 1321 ac
1039 1268 1257 1337 praedae,
1306 1267 1359 1322 id
1390 1283 1552 1322 omne
1594 1276 1771 1322 tutum
1818 1283 1882 1323 ac
1926 1284 2013 1322 se-

442 1372 639 1411 curum
690 1356 895 1410 habere
935 1366 1177 1427 possent.
1226 1357 1297 1411 At
1342 1373 1473 1413 vero
1518 1358 2010 1429 Misphraguthosis

439 1447 610 1502 lilium
663 1446 1029 1503 Thmuthosiu
1087 1450 1329 1512 nomine,
1386 1450 1906 1520 quadringentorum
1956 1458 2011 1505 et

438 1540 716 1610 octoginta
753 1540 983 1594 millium
1014 1539 1298 1595 hominum
1335 1541 1577 1597 exercitu
1619 1556 1810 1597 muros
1844 1542 2006 1596 obse»

443 1631 630 1699 disse;
664 1642 828 1701 atque
858 1632 1008 1701 ipsos
1045 1646 1142 1700 per
1169 1633 1278 1686 vim
1307 1646 1625 1702 expugnare
1656 1641 1910 1687 conatum
1944 1632 2008 1685 il-

440 1724 553 1777 lum
583 1723 824 1792 quidem,
866 1723 960 1777 sed
986 1723 1289 1778 obsidionis
1331 1724 1478 1777 exitu
1531 1723 1849 1791 desperato,
1883 1737 2005 1776 cum

440 1814 633 1869 iisdem
675 1830 737 1868 ea
780 1815 1094 1870 conditione
1141 1815 1430 1884 pepigisse,
1476 1813 1556 1868 uti
1600 1813 1833 1884 {Egypto
1882 1815 2008 1868 reli-

440 1916 550 1969 cla,
588 1900 917 1974 quocunque
949 1905 1169 1969 vellent,
1200 1920 1391 1959 omnes
1437 1905 1556 1959 sine
1607 1905 1718 1959 ullo
1766 1921 1868 1960 suo
1912 1906 2007 1960 de-

443 1999 699 2052 trimento
748 1998 1192 2068 commigrarent.
1242 1998 1349 2051 Eos
1392 1996 1556 2067 igitur
1604 2012 1728 2052 cum
1784 1998 2006 2052 univer-

442 2088 520 2142 sis
556 2086 801 2150 familiis,
846 2095 1010 2156 atque
1038 2086 1183 2141 omni
1230 2087 1577 2155 possessione
1623 2102 1744 2150 sua,
1789 2087 1868 2141 uti
1913 2102 2007 2157 per

441 2180 609 2253 ictum
656 2177 836 2234 foedus
881 2186 1166 2249 poterant,
1215 2179 1357 2233 haud
1420 2179 1707 2247 pauciores
1757 2179 2007 2236 ducentis

440 2278 496 2324 et
546 2269 907 2339 quadraginta
957 2268 1218 2332 millibus,
1265 2269 1333 2323 ab
1378 2268 1610 2339 Egypto
1638 2286 1734 2340 per
1762 2271 2009 2326 solitudi-

442 2373 567 2413 nem
622 2359 677 2412 in
722 2358 935 2429 Syriam
994 2357 1314 2414 tetendisse.
1359 2357 1516 2425 Quod
1572 2368 1753 2414 autem
1802 2361 1905 2415 sibi
1939 2364 2008 2418 ab

439 2450 786 2521 Assyriorum
809 2450 1117 2520 principatu
1148 2460 1472 2515 metuerent,
1508 2460 1621 2505 tum
1642 2454 1786 2506 enim
1819 2452 2005 2509 Asiam

439 2543 715 2606 tenebant,
750 2542 804 2595 in
836 2557 924 2611 ea,
962 2558 1127 2612 quam
1158 2543 1321 2598 hodie
1368 2542 1607 2598 Judaeam
1646 2546 2005 2615 appellamus.

439 2631 662 2698 regione
692 2632 883 2687 urbem
924 2632 1248 2691 azdilieasse.
1285 2650 1407 2702 quae
1450 2642 1532 2689 tot
1568 2635 1854 2698 hominum
1884 2645 2009 2699 mil-

435 2718 512 2773 lia
555 2731 794 2790 caperet,
843 2723 1200 2793 eamdemque
1243 2718 2005 2799 Hicrosolymaneminasse.»

438 2807 648 2875 Quibus
694 2813 889 2868 deinde
940 2829 1130 2883 regum
1174 2812 1557 2891 Egyptiorum
1604 2825 2005 2879 successionem

439 2914 782 2973 umpusque,
812 2920 920 2974 quo
964 2908 1167 2983 singuli
1212 2926 1532 2986 regnarunt,
1589 2917 1674 2971 ubi
1721 2916 2007 2972 Manethus

2110 441 2168 495 δὲ
2206 442 2486 512 βασιλέως,
2531 437 2575 511 ᾧ
2620 444 2791 514 ὄνομα
2835 438 2973 497 εἶναι
3017 443 3513 515 Μισφραγούθωσις
3553 444 3684 515 (15),

2111 537 2452 607 ἡττωμένους
2503 538 2637 608 φησί
2680 538 2807 600 τοὺς
2854 537 3139 606 ποιμένας,
3188 537 3286 589 καὶ
3329 537 3394 589 ἐκ
3440 536 3540 606 μὲν
3587 539 3678 605 τῆς

2108 625 2275 697 ἄλλης
2299 625 2572 694 Αἰγύπτου
2600 627 2874 690 ἐκπεσεῖν,
2916 625 3379 698 κατακλεισθῆναι
3409 626 3466 680 δὲ
3493 629 3573 691 εἰς
3597 627 3658 680 τό

2110 734 2211 773 πον
2233 716 2478 789 ἀρουρῶν
2499 716 2689 788 ἔχοντα
2714 719 2921 788 μυρίων
2942 718 3041 790 τὴν
3071 717 3419 789 περίμετρον.
3440 716 3681 789 Δύειρις⁸

2110 809 2280 880 ὄνομα
2310 808 2387 879 τῷ
2413 809 2600 878 τόπῳ·
2658 807 2845 862 τοῦτόν
2887 825 3051 879 φησιν
3091 809 3120 861 ό
3161 807 3426 871 Μάνεθως
3471 807 3684 861 ᾶπαντα

2110 900 2277 971 τείχει
2311 918 2370 954 τε
2399 900 2619 972 μεγάλῳ
2642 900 2735 954 καὶ
2766 900 2974 972 ἰσχυρῴ
3002 898 3314 970 περιϐαλεῖν
3346 898 3473 962 τοὺς
3497 899 3686 968 ποιμέ-

2110 1011 2226 1058 νας,
2256 995 2401 1058 ὃπως
2420 994 2520 1064 τήν
2544 1010 2603 1047 τε
2630 993 2809 1045 κτίσιν
2830 992 3048 1045 ἃπασαν
3070 991 3263 1062 ἔχωσιν
3288 993 3345 1045 ἐν
3370 991 3572 1062 ἐχυρῷ,
3593 991 3686 1043 καὶ

2109 1082 2206 1154 τὴν
2234 1084 2385 1137 λείαν
2413 1083 2511 1155 τὴν
2541 1081 2768 1136 ἑαυτῶν.
2798 1082 2901 1135 Τὸν
2925 1081 2983 1135 δὲ
3004 1080 3556 1153 Μισφραγουθώσεως
3576 1080 3688 1133 υἰὸν

2110 1173 2430 1246 Θμούθωσιν
2455 1172 2585 1244 (16),
2619 1175 2965 1242 ἐπιχειρῆσαι
2995 1172 3092 1242 μὲν
3122 1172 3319 1235 αὐτοὺς
3342 1171 3429 1224 διά
3463 1170 3687 1242 πολιορ-

2110 1267 2234 1320 κίαν
2265 1265 2374 1336 (17)
2405 1265 2542 1318 ἑλεῖν
2573 1263 2715 1317 κατά
2745 1262 2966 1335 κράτος,
2996 1261 3137 1315 ὀκτὼ
3163 1263 3255 1316 καί
3280 1263 3687 1334 τεσσαράκοντα

2113 1357 2337 1429 μυριάσι
2377 1354 2607 1426 στρατοῦ
2645 1351 3116 1426 προσεδρεύσαντα
3143 1355 3252 1415 τοῖς
3279 1352 3536 1422 τείχεσιν·
3564 1352 3687 1404 ἐπεὶ

2108 1448 2166 1501 δὲ
2207 1446 2304 1501 τὴν
2346 1446 2659 1517 πολιορκίαν
2706 1444 2950 1512 ἀπέγνω,
3001 1442 3329 1513 ποιήσασθαι
3363 1442 3684 1513 συμϐάσεις,

2111 1539 2199 1595 ἵνα
2245 1540 2343 1611 τὴν
2363 1538 2630 1605 Αἴγυπτον
2656 1535 2985 1601 ἐκλιπόντες,
3010 1535 3131 1587 ὅποι
3162 1533 3459 1604 βούλονται,
3484 1534 3687 1596 πάντες

2109 1631 2363 1695 ἀϐλαϐεῖς
2389 1630 2683 1686 ἀπέλθωσι.
2711 1628 2848 1691 Τοὺς
2871 1627 2929 1681 δὲ
2957 1626 3049 1680 ἐπὶ
3067 1630 3186 1689 ταῖς
3211 1624 3523 1696 ὁμολογίαις
3549 1640 3686 1678 παν-

2113 1721 2327 1792 οικεσίᾳ
2360 1719 2495 1790 μετά
2524 1719 2632 1773 τῶν
2661 1720 2927 1791 κτήσεων,
2965 1721 3065 1773 ούκ
3107 1717 3365 1779 ἐλάσσους
3410 1716 3687 1786 μυριάδων

2113 1814 2271 1876 ὄντας
2312 1814 2484 1866 εἴκοσι
2515 1813 2817 1883 τεσσάρων,
2861 1811 2969 1864 ἀπὸ
3009 1794 3108 1882 τῆς
3134 1808 3407 1877 Αἰγύπτου
3435 1807 3535 1878 τὴν
3561 1807 3688 1880 ἐρη-

2117 1920 2216 1974 μον
2264 1903 2345 1967 εἰς
2386 1902 2583 1974 Συρίαν
2623 1901 3042 1974 διοδοιπορῆσαι.
3089 1900 3457 1971 Φοϐουμένους
3489 1898 3550 1951 δὲ
3589 1898 3684 1968 τὴν

2126 1999 2424 2067 Ἀσσυρίων
2448 1995 2762 2049 δυναστείαν
2795 1995 2937 2065 (τότε
2972 1993 3079 2066 γὰρ
3103 1992 3341 2056 ἐκείνους
3360 1994 3459 2062 τῆς
3498 1992 3684 2055 Ἀσίας

2113 2090 2376 2165 κρατεῖν),
2419 2091 2477 2143 ὲν
2506 2092 2572 2161 τῇ
2604 2088 2699 2143 νῦν
2736 2088 2964 2160 Ἰουδαίᾳ
2999 2086 3307 2158 καλουμένῃ
3345 2086 3502 2139 πόλιν
3543 2088 3684 2140 οἰκο-

2112 2182 2539 2255 δομησαμένους,
2570 2179 2857 2243 τοσαύταις
2891 2179 3144 2251 μυριάσιν
3185 2177 3485 2248 ἀνθρώπων
3516 2177 3682 2248 ἀρκέ-

2115 2290 2343 2337 σουσαν,
2400 2269 2745 2344 Ἱεροσόλυμα
2802 2269 3005 2341 ταύτην
3057 2269 3342 2341 ὀνομάσαι.
3383 2288 3401 2320 ι
3458 2268 3682 2331 Τούτοις

2113 2366 2240 2439 ἑξῆς
2266 2365 2363 2437 τὴν
2387 2364 2636 2436 διαδοχὴν
2667 2362 2774 2417 τῶν
2804 2364 2922 2418 κατ’
2955 2362 3225 2432 Αἴγυπτον
3255 2360 3519 2432 βασιλέων
3549 2361 3683 2432 μετά

2109 2460 2205 2513 τοῦ
2234 2460 2429 2531 χρόνου
2462 2460 2558 2531 τῆς
2578 2459 2752 2533 ἀρχῆς
2775 2455 2955 2514 αὐτῶν
2981 2455 3524 2530 ἀπαριθμησάμενος,
3562 2457 3681 2510 ἑπι-

2112 2556 2282 2624 ἳ,εγει·
2315 2574 2332 2606 ι
2374 2551 2561 2607 Ταῦτα
2598 2556 2695 2623 μὲν
2726 2551 2839 2623 (18)
2875 2552 2902 2603 ὁ
2939 2550 3221 2614 Μάνεθως.
3255 2548 3423 2620 Δῆλον
3448 2548 3492 2601 δ’
3513 2550 3680 2612 ἐστὶν,

2112 2647 2176 2699 ἔκ
2190 2644 2299 2698 τῶν
2316 2644 2618 2717 εἰρημένων
2636 2642 2775 2696 ὲτῶν
2793 2641 2888 2696 τοῦ
2910 2642 3100 2713 χρόνου
3123 2640 3580 2711 συλλογισθέντος,
3603 2641 3682 2695 ὅτι

2111 2739 2162 2791 οἰ
2200 2735 2518 2806 καλούμενοι
2560 2734 2836 2804 ποιμένες,
2870 2732 3125 2804 ἡμέτεροι
3148 2730 3512 2804 δὲπρόγονοι,
3540 2730 3683 2803 τρισὶ

2112 2829 2207 2883 καί
2234 2828 2584 2898 ἐννενήκοντα
2614 2826 2710 2879 καὶ
2749 2823 3077 2899 τριακοσίοις
3118 2823 3350 2895 πρόσθεν
3390 2824 3590 2889 ἔτεσιν,
3622 2825 3683 2876 ὲκ

2109 2923 2211 2993 τῆς
2238 2919 2510 2989 Αἰγύπτου
2537 2915 2961 2985 ἀπαλλαγέντες,
2990 2914 3090 2987 τὴν
3118 2913 3302 2987 χώραν
3343 2915 3552 2987 ταύτην
3583 2918 3684 2970 ἀπ-

442 3001 749 3070 sul-iunxit,
780 3012 894 3063 tum
927 3006 1140 3066 demum
1160 3011 1238 3067 ita
1255 3013 1560 3070 concludit:
1595 3036 1613 3067 ι
1635 3017 1778 3088 Ergo
1794 3015 1842 3071 si
1864 3024 2004 3070 tem-

2114 3011 2331 3084 ᾤκησαν
2352 3010 2485 3083 (19),
2518 3011 2552 3082 ἢ
2581 3009 2784 3064 Δαναὸν
2824 3010 2905 3072 εἰς
2940 3010 3141 3080 Ἀργος
3164 3008 3476 3078 ἀφικέσθαι·
3509 3009 3686 3063 καίτοι

439 3114 544 3166 pus
588 3101 656 3153 ad
692 3100 882 3155 initam
929 3119 1201 3159 annorum
1246 3104 1476 3160 istorum
1514 3106 1779 3161 rationem
1823 3108 2008 3177 exige-

437 3201 584 3254 mus,
629 3191 901 3244 constabit
944 3193 1192 3257 omnino,
1237 3209 1378 3262 quos
1417 3204 1661 3263 pastores
1707 3196 1809 3265 ipsi
1848 3211 2011 3250 voca-

437 3275 587 3343 bam,
624 3279 862 3348 majores
895 3289 1134 3348 nostros,
1177 3285 1337 3338 annis
1366 3297 1492 3338 ante
1533 3286 1708 3341 tribus
1732 3296 1787 3341 et
1835 3302 2009 3343 nona-

436 3371 587 3439 ginta
621 3384 787 3439 supra
818 3378 1111 3438 trecentos,
1157 3374 1249 3429 ubi
1283 3391 1352 3431 ex
1384 3374 1620 3447 Egypto
1652 3378 2001 3449 migrassent,

440 3462 721 3530 regionem
755 3461 900 3515 illam
940 3462 1228 3532 insedisse,
1259 3481 1422 3534 quam
1457 3466 1674 3524 Danaus
1712 3470 1885 3540 Argos
1917 3486 2007 3526 ve-

435 3552 630 3617 nisset,
667 3551 762 3622 qui
808 3562 989 3608 tamen
1032 3555 1101 3608 ab
1134 3555 1349 3626 Argivis
1378 3572 1474 3626 pro
1505 3559 1890 3629 antiquissimo
1912 3577 2007 3617 ce-

435 3643 699 3701 lebratur.
755 3645 832 3700 lta
874 3647 984 3702 duo
1037 3646 1195 3717 502
1240 3648 1396 3704 nobis
1436 3664 1609 3719 eaque
1654 3666 1786 3706 sane
1823 3654 2008 3722 praeciv

431 3753 574 3807 pua,
629 3740 735 3794 hoc
776 3738 1048 3805 Manethi,
1100 3741 1245 3809 quod
1274 3739 1650 3811 Egyptiarum
1699 3743 2002 3799 litterarum

432 3829 594 3883 ﬁdem
631 3832 901 3900 sequitur,
935 3833 1252 3887 testimonio
1279 3832 1525 3889 confecta
1559 3845 1719 3890 sunt:
1748 3836 2001 3901 alterum,

432 3934 528 3974 eos
569 3921 623 3974 in
664 3921 956 3993 Egyptum
1002 3924 1219 3978 aliunde
1258 3923 1528 3995 profectos
1560 3941 1716 3990 esse;
1749 3927 2000 3995 alterum,

433 4012 674 4067 indidem
716 4015 864 4083 ipsos
908 4016 1017 4070 alio
1048 4018 1462 4087 commigrasse,
1508 4019 1655 4086 quod
1698 4018 1859 4073 etiam
1907 4036 2004 4089 po-

433 4104 637 4159 sterius
673 4106 809 4159 adeo
855 4115 1129 4161 vetustum
1172 4119 1337 4173 esset,
1386 4119 1445 4164 ut
1478 4109 1713 4181 Trojana
1756 4121 2000 4182 tempora

432 4194 593 4249 annis
626 4211 792 4265 prope
834 4198 981 4252 mille
1012 4202 1373 4257 antecederet.
1409 4222 1427 4254 ι
1467 4202 1592 4259 llaec
1631 4204 1903 4276 Josephus
1929 4223 1993 4263 ex

429 4282 746 4354 IEgyptiaea
796 4287 1026 4341 historia
1065 4291 1227 4357 paulo
1266 4294 1516 4350 solutius.
1554 4294 1698 4350 Idem
1729 4312 1795 4351 ex
1836 4296 2001 4354 Phae-

429 4372 593 4437 nicia,
619 4376 896 4443 productis
927 4378 1175 4446 ipsismet
1197 4397 1377 4437 rerum
1407 4383 1810 4441 thniciarum
1854 4390 1990 4444 scri-

2108 3104 2297 3160 τοῦτον
2338 3105 2694 3177 ἀρχαιότατον
2744 3104 2976 3175 Ἀργεῖοι
3019 3099 3315 3172 νομίζουσι.
3361 3099 3467 3154 Δύο
3507 3100 3687 3153 τοίνυν

2108 3199 2137 3251 ό
2163 3196 2426 3261 Μάνεθως
2456 3199 2588 3267 ἡμῖν
2631 3196 2701 3251 τὰ
2746 3197 2977 3267 μέγιστα
3009 3192 3434 3265 μεμαρτύρηκεν
3467 3194 3535 3245 ἐκ
3576 3190 3689 3245 τῶν

2108 3288 2260 3361 παρὰ
2288 3291 2402 3352 τοῖς
2431 3289 2746 3357 Αἰγυπτίοις
2778 3286 3138 3359 γραμμάτων·
3188 3284 3402 3357 πρῶτον
3451 3284 3552 3355 μὲν
3587 3285 3688 3354 τὴν

2108 3374 2371 3447 ἑτέρωθεν
2404 3376 2586 3446 ἄφιξιν
2608 3378 2688 3440 εἰς
2713 3376 3008 3445 Αἴγυπτον,
3036 3373 3227 3426 ἔπειτα
3259 3374 3315 3427 δὲ
3345 3373 3443 3444 τὴν
3475 3372 3689 3426 ἐκεῖθεν

2107 3467 2445 3539 ἀπαλλαγὴν,
2468 3468 2640 3531 οὕτως
2663 3467 2896 3540 ἀρχαίαν
2919 3468 3031 3529 τοῖς
3050 3465 3262 3536 χρόνοις
3283 3464 3358 3527 ὡς
3385 3464 3555 3532 ἐγγύς
3580 3479 3688 3515 που

2106 3558 2391 3627 προτερεῖν
2425 3556 2593 3626 αὐτὴν
2618 3555 2727 3609 τῶν
2771 3554 3014 3609 Ἰλιακῶν
3038 3553 3183 3607 ἔτεσι
3213 3553 3419 3624 χιλίοις.
3453 3572 3472 3605 ι
3525 3552 3688 3605 Ἀλλά

2105 3645 2173 3698 τὰ
2201 3646 2298 3715 μὲν
2326 3645 2433 3698 ἀπὸ
2460 3645 2561 3715 τῆς
2593 3646 2971 3716 Αἰγυπτιακῆς
3006 3644 3245 3717 ἱστορίας
3287 3644 3458 3717 ταύτῃ
3499 3661 3577 3713 πη
3607 3643 3687 3714 τῷ

2117 3737 2365 3807 Ἰωσήπῳ
2398 3736 2541 3790 κατά
2571 3737 2769 3801 πλάτος
2801 3737 3167 3809 ἀνιστόρηται·
3204 3736 3313 3790 ἀπὸ
3340 3735 3397 3788 δὲ
3430 3735 3534 3806 τῆς
3560 3737 3689 3788 Φοι-

2104 3831 2268 3885 νίκων
2293 3832 2525 3904 μάρτυσι
2547 3833 2889 3904 χρησάμενος
2918 3834 3023 3896 τοῖς
3046 3832 3114 3885 τά
3136 3829 3413 3885 Φοινικικὰ
3442 3846 3689 3899 συγγρα-

2101 3922 2386 3995 ψαμένοις,
2419 3925 2714 3995 παρίστησι
2751 3925 2843 3979 τὸν
2879 3926 2937 3979 ὲν
2974 3923 3367 3997 Ἰεροσολύμοις
3402 3921 3543 3977 νεὼν
3577 3922 3687 3976 ὑπὸ

2103 4015 2411 4086 Σολομῶνος
2448 4015 2542 4069 τοῦ
2587 4015 2850 4087 βασιλέως
2892 4015 3266 4088 ᾠκοδομῆσθαι
3305 4014 3453 4068 ἔτεσι
3489 4015 3687 4069 θᾶττον

2101 4109 2294 4164 ἑκατὸν
2319 4108 2725 4180 τεσσαράκοντα
2755 4109 2849 4163 καὶ
2880 4110 3046 4182 τρισὶ,
3078 4109 3174 4163 καὶ
3198 4108 3363 4181 μησὶν
3385 4107 3556 4172 ὀκτὼ,
3584 4107 3683 4161 τοῦ

2100 4204 2285 4258 κτίσαι
2323 4204 2555 4275 Τυρίους
2596 4204 2939 4276 Καρχηδόνα.
2980 4199 3114 4257 Εἶτα
3153 4201 3415 4273 μεταϐὰς,
3451 4202 3549 4255 καὶ
3574 4200 3687 4255 ἀπὺ

2098 4297 2198 4368 τῆς
2237 4296 2367 4368 περὶ
2394 4296 2672 4349 Χαλδαίων
2710 4297 2946 4368 ἱστορίας
2984 4295 3084 4358 τὰς
3116 4294 3246 4366 περί
3276 4294 3376 4364 τῆς
3411 4293 3687 4366 Ἐϐραίων

2098 4389 2453 4462 ἀρχαιότητος
2482 4387 2839 4460 παρατίθεται
2871 4389 3192 4462 μαρτυρίας.

428 4466 698 4533 ptoribus,
744 4467 1040 4525 manifesto
1098 4474 1311 4541 probat,
1364 4477 1621 4545 templum
1671 4476 2225 4553 Hierosolymitanum
2268 4483 2337 4537 ab
2369 4482 2661 4537 Salomone
2716 4498 2844 4553 rege
2898 4483 3058 4538 annis
3100 4492 3321 4538 centum
3354 4490 3413 4536 et
3442 4480 3685 4552 quadra-

427 4556 577 4624 ginta
612 4557 805 4623 tribus,
836 4574 960 4615 cum
995 4571 1120 4616 orto
1158 4563 1379 4634 insuper
1418 4570 1720 4643 mensibus,
1757 4582 1884 4628 ante
1928 4575 2205 4630 conditam
2251 4590 2282 4629 a
2327 4573 2510 4645 Tyriis
2566 4572 3074 4645 Carthaginensem,
3116 4575 3445 4630 aediﬁcatum
3486 4573 3684 4629 fuisse.

390 4658 391 4661 ‘
427 4646 566 4703 Tum
607 4665 931 4721 progressus
964 4656 1032 4710 ad
1058 4656 1362 4725 Chaldaeos,
1398 4677 1465 4715 ex
1494 4678 1687 4717 eorum
1720 4666 1884 4721 etiam
1926 4668 2281 4724 monimentis
2328 4665 2683 4722 Hebraeorum
2721 4667 3065 4737 antiquitatis
3099 4664 3413 4722 testimonia
3457 4645 3682 4735 repetit.

1007 4748 1237 4805 CAPUT
1272 4752 1411 4809 XlV.

427 4830 683 4889 Universa
706 4833 1374 4920 "Hebrworuntultistoria
1422 4848 1762 4903 recentiorem
1820 4850 1989 4920 fuisse

702 4902 1006 4963 Graecorum
1033 4912 1461 4983 philosophorum
1495 4928 1722 4973 wtatem.

494 5057 697 5115 Verum
747 5062 915 5131 enim,
971 5067 1103 5136 quid
1157 5083 1321 5138 porro
1354 5070 1850 5131 demonstrationes
1898 5075 1994 5131 dc-

424 5152 915 5211 monstrationihus
950 5158 1233 5213 cumulare
1264 5175 1487 5216 necesse
1517 5172 1620 5229 est,
1659 5179 1784 5219 eum
1828 5181 1992 5221 nemo

422 5242 517 5307 sit,
560 5242 657 5311 qui
694 5244 858 5299 modo
890 5249 1137 5304 veritatis
1185 5253 1459 5305 amantior
1492 5268 1615 5309 esse
1645 5256 1794 5320 velit,
1828 5273 1996 5329 quam

491 5369 519 5397 ι
556 5356 672 5413 Jos.
716 5358 965 5432 Ἀϐαριν.

421 5447 603 5580 augt?
650 5452 1205 5521 Μισφραγούθωσις.
1286 5455 1512 5527 Ioseph.

492 5589 997 5674 ('IIULquwwmr.
1046 5591 1268 5674 {osepln
1312 5597 1632 5669 Θούμωσιν,
1664 5617 1822 5671 quem
1859 5619 1978 5674 pag.

424 5654 446 5706 1
498 5654 891 5729 ι1,”[“έομωσιν
922 5665 1169 5732 appellat.

1593 5460 1987 5535 Ἀλισιρραγού-

2617 4761 3013 4816 ΚΕΦΑΛΑΙΟΝ
3060 4762 3156 4813 IA'.

2110 4852 2202 4918 Ὠς
2227 4851 2469 4919 ἁπάσης
2491 4850 2600 4919 τῆς
2624 4854 2763 4921 παρ’
2802 4852 3079 4920 Ἑϐραίοις
3112 4855 3379 4919 ἱστορίας
3405 4850 3687 4919 νεώτεροι

2170 4922 2539 5044 τυὲχάνουσι
2583 4922 2702 4977 τῶν
2749 4923 2886 4991 παρ’
2935 4923 3192 4990 Ἕλλησι
3233 4923 3596 4990 φιλοσόφων
3630 4923 3686 4975 σι

2173 5010 2248 5046 νο
2286 5009 2397 5046 νοω

2251 5010 2397 5046 ονοι.

2170 5010 2341 5137 ἵλλά
2374 5083 2426 5136 τι
2451 5083 2532 5137 δεῖ
2552 5083 2755 5153 πλῆθος
2784 5087 2905 5148 ταῖς
2936 5082 3270 5150 ἀποδείξεσιν
3294 5082 3683 5154 ἐπισωρεῦείν⁹

2096 5174 2190 5229 τοῦ
2224 5175 2569 5249 φιλαλήθους,
2617 5178 2752 5232 ἀλλὰ
2797 5177 2870 5249 μὴ
2911 5176 3384 5247 φιλαπεχθήμονος
3430 5178 3531 5231 καὶ
3568 5180 3684 5238 τοῖς

2094 5267 2405 5339 εἰρημένοις
2426 5267 2788 5340 ἀρκουμένου,
2819 5267 3069 5339 ποικίλην
3092 5267 3408 5340 περιέχουσι
3425 5269 3529 5341 τὴν
3552 5274 3684 5339 περὶ

2169 5461 2278 5538 (Π)
2302 5466 2678 5538 ῌοᾼιορκίᾳν.
2709 5464 2929 5538 Repone
2960 5465 3298 5538 πολιορκίας,
3321 5481 3388 5521 ex
3412 5465 3675 5538 Iosepno.

2166 5534 2280 5606 (18)
2318 5535 2505 5606 Ταῦτα
2524 5536 2660 5605 μέν,
2690 5534 2801 5606 etc.
2830 5536 2929 5589 Adi
2964 5534 3184 5606 Joseph.
3219 5553 3340 5606 pag.
3371 5536 3538 5593 1041.

2163 5604 2275 5674 (19)
2317 5604 2689 5680 Ἀπῴκησᾳν.
2732 5604 3127 5680 Corrigendum
3171 5604 3238 5680 es
3285 5605 3531 5680 J_osepho
3582 5611 3677 5661 ἐπ-

2087 5674 2326 5744 ῴκησαν,
2356 5676 2459 5731 nisi
2495 5677 2650 5732 malis
2683 5680 2761 5740 εἰς
2786 5676 2884 5747 τὴν
2908 5676 3091 5747 χώραν
3121 5694 3172 5731 τ.
3208 5676 3393 5748 ἀπῴκ.
