3852 6222
460 293 568 351 859

1097 289 1369 347 EUSEBII
1404 288 1881 346 CIESARIENSIS
1919 285 2068 345 OPP.
2110 284 2289 342 PARS
2327 285 2479 341 ll.—
2505 282 3015 343 APOLOGETICA.

3617 286 3717 341 840

461 409 663 467 deundi
696 408 991 480 templique
1026 408 1365 464 instaurandi
1395 418 1663 479 potestate
1705 407 2033 464 facta.Cum

2146 404 2383 477 Ἕλλησι.
2415 405 2591 460 Θαλοῦ
2618 406 2676 461 δὲ
2715 406 2925 475 γίνεται
2953 402 3224 474 ἀκουστὴς
3270 400 3711 476 ⁹Δναξίμανδρος,

460 503 627 557 etiam
686 502 848 559 Jesus
904 499 1151 557 Josedeci
1179 539 1195 564 ,
1247 508 1303 555 et
1362 499 1666 556 Zorobabel
1718 498 2033 555 Salathielis

463 594 612 650 illius
653 602 1015 656 reverterunt,
1057 594 1294 662 novique
1334 593 1519 663 templi
1563 590 1916 647 fundamenta
1947 606 2032 657 po-

463 693 716 752 suerunt,
754 699 864 754 quo
898 692 1138 754 tempore
1181 685 1432 756 Aggazus,
1487 684 1783 740 Zacharias
1831 694 1887 740 et
1923 683 2036 738 Ma-

463 775 672 831 lacbias
739 775 984 829 omnium
1046 777 1328 830 novissimi
1378 777 1811 847 prophetabant,
1859 776 2034 830 nemi-

463 879 587 918 nem
643 864 790 918 enim
834 873 959 935 post
1010 864 1132 919 illos
1177 863 1350 919 Judaei
1405 868 1728 937 prophetam
1771 867 2030 922 habuere.

459 955 581 1011 1am
635 955 779 1027 Cyro
828 967 1090 1026 regnante
1139 956 1305 1013 Solon
1350 958 1741 1022 Atheniensis.
1786 973 2036 1030 quosque

462 1053 670 1115 septem
717 1046 992 1115 sapientes
1043 1045 1219 1102 Graeci
1265 1057 1484 1114 vocant,
1533 1047 1789 1113 ﬂoruere.
1833 1048 2035 1118 quibus

461 1156 597 1196 sane
644 1140 907 1194 vetustior
947 1141 1089 1208 apud
1133 1156 1230 1196 eos
1273 1141 1640 1211 philosOphus
1690 1157 1853 1196 nemo
1891 1142 2035 1196 cele-

464 1231 673 1287 bratur.
709 1230 787 1285 Ex
821 1230 892 1284 iis
926 1228 1125 1285 Thales
1152 1229 1394 1287 Milesius
1419 1232 1672 1302 princeps
1715 1233 1855 1287 inter
1883 1232 2035 1287 Grae-

461 1338 560 1379 cos
603 1323 670 1377 de
714 1323 879 1377 rebus
918 1322 1262 1377 naturalibus
1296 1322 1674 1392 philosophari
1712 1323 1898 1392 coepit,
1934 1325 2035 1379 de-

461 1430 573 1486 que
612 1414 748 1470 solis
777 1414 1254 1480 conversionibus,
1287 1413 1449 1487 504
1485 1414 1736 1485 lunasque
1781 1431 1906 1470 cum
1947 1416 2038 1471 de-

465 1507 718 1574 lectione,
754 1516 866 1563 tum
900 1509 1285 1572 illustratione,
1320 1524 1421 1563 nec
1462 1523 1572 1563 non
1608 1508 2035 1588 deaequinoctio

463 1602 787 1672 disputavit.
829 1599 1013 1668 Quare
1066 1601 1410 1656 clarissimus
1457 1602 1512 1655 in
1563 1601 1771 1659 Graecia
1820 1618 2034 1675 semper

465 1692 684 1749 habitus
737 1700 841 1746 est.
883 1691 1122 1747 Thaletis
1177 1693 1393 1747 auditor
1445 1691 1548 1747 fuit
1590 1692 2032 1763 Anaximander,

468 1784 747 1845 Praxiada:
787 1785 967 1847 illius,
1001 1798 1201 1855 genere
1244 1783 1489 1841 Milesius
1537 1785 1653 1855 ipse
1695 1801 1934 1857 quoque.
1986 1787 2036 1844 is
2070 1767 2110 1826 Β

465 1873 714 1930 omnium
748 1873 960 1944 primus
989 1873 1159 1944 stylos
1183 1872 1251 1927 ad
1284 1873 1685 1942 dignoscendas
1715 1876 1873 1942 solis,
1901 1884 2038 1931 tem-

466 1981 684 2038 porum,
743 1973 1150 2036 tempcstatum,
1200 1973 1254 2019 ct
1298 1966 1612 2033 aequinoctii
1653 1967 2037 2024 conversiones

465 2055 785 2110 elaboravit.
833 2052 974 2109 Huic
1007 2064 1239 2124 operam
1286 2054 1440 2109 dedit
1490 2053 1861 2113 Anaximenes
1907 2057 2037 2111 item

468 2144 713 2201 Milesius
759 2142 1066 2216 Eurystrati
1099 2145 1267 2209 ﬁlius,
1308 2161 1468 2212 quem
1515 2147 1722 2201 audivit
1752 2146 2041 2218 Anaxago-

472 2252 562 2293 ras
605 2236 1014 2300 Clazomenius,
1071 2234 1385 2308 llegcsibuli
1427 2238 1593 2293 lilius.
1632 2237 1684 2293 ls
1729 2238 1797 2294 de
1838 2240 2040 2309 princi-

472 2329 577 2397 piis
606 2327 863 2383 distincte
906 2327 1118 2397 primus
1148 2335 1200 2382 et
1247 2328 1530 2383 enucleate
1569 2328 1886 2399 disputavit.
1933 2328 2039 2385 Ne-

470 2435 580 2490 que
625 2420 771 2474 enim
824 2420 892 2474 dc
953 2419 1193 2475 universi
1246 2427 1458 2474 tantum
1501 2428 1721 2486 natura,
1766 2421 1844 2475 uti
1894 2422 2040 2491 prio-

475 2526 561 2566 res
614 2509 729 2573 illi,
778 2510 874 2564 sed
923 2509 1089 2563 etiam
1137 2510 1205 2564 de
1246 2510 1367 2579 ipso
1419 2518 1602 2566 motus
1646 2511 1768 2581 ejus
1818 2520 2041 2566 auctore

475 2596 889 2667 pliilOSOphatus
920 2603 1024 2649 est.
1050 2614 1069 2647 ι
1092 2597 1230 2653 Cum
1247 2596 1394 2653 enim
1428 2614 1515 2653 res
1562 2614 1753 2655 omnes
1773 2641 1789 2667 ,
1833 2600 2038 2669 inquit,

474 2687 719 2743 confusa:
758 2688 925 2742 simul
959 2688 1342 2758 permista'que
1371 2689 1438 2743 ab
1468 2689 1624 2743 initio
1655 2688 1856 2753 forent,
1892 2690 2042 2745 Mens

475 2779 692 2851 penitus
724 2793 818 2834 eas
857 2794 1167 2849 permeans,
1209 2780 1278 2833 ab
1309 2780 1400 2835 illa
1425 2782 1833 2851 perturbatione
1865 2784 1920 2839 in
1954 2800 2044 2839 or—

475 2843 658 2925 diiicm
692 2870 1130 2941 elegantiamque
1155 2843 1502 2928 vindicavit.»
1522 2874 1859 2947 Anaxagorae
1878 2876 2047 2931 disci-

477 2961 589 3032 puli
632 2971 741 3017 tres
773 2962 943 3027 luere,
979 2960 1239 3025 Pericles,
1268 2961 1589 3031 Archelaus,
1626 2975 1683 3020 et
1734 2964 2042 3037 Euripides.

379 3118 382 3122 ,
478 3053 716 3109 Pericles
764 3070 871 3109 non
921 3053 1339 3107 Atheniensium
1373 3054 1538 3109 modo
1591 3054 1749 3110 facile
1796 3059 2045 3129 princeps

478 3145 600 3208 fuit,
639 3160 827 3199 verum
860 3143 1023 3198 etiam
1072 3143 1311 3212 aequales
1352 3159 1482 3198 suos
1523 3160 1715 3199 omnes
1757 3148 1958 3216 Opibus
1983 3164 2047 3203 ac

479 3235 762 3291 nobilitate
813 3234 1109 3305 superavit.
1162 3232 1446 3305 Euripides
1489 3252 1614 3290 cum
1661 3236 1726 3292 ad
1779 3240 2047 3308 poeticam

479 3342 602 3382 sese
635 3327 984 3392 contulisset,
1016 3328 1266 3383 scenicus
1308 3344 1338 3383 a
1384 3329 2050 3401 nonnullisfphilosophus

480 3429 704 3475 vocatus
725 3429 827 3476 est.
845 3420 1146 3476 Archelaus
1170 3421 1402 3491 denique
1420 3421 1701 3492 Lampsaci
1717 3423 2052 3496 Anaxagora:

480 3527 583 3567 suo
621 3514 673 3566 in
712 3512 841 3565 ludo
875 3513 1163 3566 successit.
1201 3510 1331 3567 lnde
1378 3529 1502 3568 cum
1546 3513 1788 3568 Athenas
1821 3516 2052 3586 migras-

482 3612 584 3666 set,
635 3603 852 3658 easdem
905 3602 979 3657 ibi
1024 3603 1254 3657 docendi
1299 3613 1481 3673 partes
1526 3620 1837 3677 munusque
1880 3608 2044 3662 susti-

482 3698 624 3763 nuit,
654 3705 708 3750 et
737 3695 1176 3765 quamplurimas
1214 3695 1575 3751 Athenienses
1618 3698 1935 3768 discipulos,
1972 3699 2055 3753 in-

483 3797 673 3859 terque
704 3797 932 3844 caeteros
974 3787 1256 3842 Socratem
1295 3787 1504 3843 habuit.
1547 3787 1804 3860 Ejusdem
1836 3792 2055 3845 Anaxa-

482 3897 628 3950 gorae.
658 3893 922 3951 tempore,
954 3879 1322 3952 Xenophanes
1362 3892 1417 3937 et
1472 3881 1810 3953 Pythagoras
1843 3885 2053 3956 physici

484 3975 749 4028 claruere.
780 3972 859 4026 Ac
880 3972 1198 4043 Pythagora:
1226 3974 1446 4042 quidem
1473 3972 1696 4028 Theano
1722 3991 1878 4039 uxor,
1910 3977 2057 4044 ejus-

484 4079 591 4133 que
612 4063 728 4128 lilii,
752 4062 1019 4133 Telauges
1039 4073 1092 4117 et
1114 4063 1488 4131 Mnesarchus,
1519 4076 1922 4120 successerunt.
1950 4067 2054 4122 Te-

489 4155 905 4224 laugisauditor
938 4154 1296 4225 Empedocles
1343 4155 1467 4220 fuit,
1496 4158 1655 4226 cujus
1695 4167 1855 4212 aetate
1886 4156 2056 4213 [lera-

2138 497 2443 568 Πραξιάδου
2469 499 2567 569 μὲν
2601 501 2752 563 παῖς,
2802 499 2958 567 γένος
2996 496 3054 551 δὲ
3086 496 3183 550 καὶ
3226 494 3390 558 αὐτὸς
3428 495 3691 566 Μιλήσιος

2138 588 2309 655 Οὗτος
2328 591 2543 665 πρῶτος
2568 590 2852 661 γνώμονας
2878 588 3245 644 κατεσκεύασε
3273 589 3412 658 πρὸς
3425 588 3716 657 διάγνωσιν

2138 683 2356 757 τροπῶν
2381 702 2441 738 τε
2480 684 2654 756 ἡλίου,
2687 685 2782 738 καὶ
2813 683 3041 755 χρόνων,
3067 683 3161 736 καὶ
3193 681 3373 754 ὡρῶν,
3398 683 3497 737 καὶ
3532 684 3691 754 ίσημε

2142 776 2282 847 ρίας.
2317 776 2736 848 Ἀναξιμάνδρου
2772 776 2828 829 δὲ
2866 774 3141 847 γνώριμος
3170 774 3387 842 ἐγένετο
3431 775 3690 845 ’Δναξιμέ

2139 885 2237 937 νης
2258 869 2661 940 Εὐρυστράτου,
2690 867 2974 938 Μιλήσιος
2998 866 3189 919 τούτου
3204 866 3261 919 δὲ
3296 864 3671 938 Ἀναξαγόρας
3688 865 3715 913 ὃ

2151 954 2564 1026 Ἡγησιϐούλου,
2606 956 2993 1027 Κλαζομένιος.
3022 948 3277 1028 Οὗτος-δὴ
3318 956 3537 1029 πρῶτος
3565 957 3691 1028 διήρ

2141 1046 2318 1120 θρωσε
2351 1047 2443 1101 τὸν
2470 1048 2598 1120 περὶ
2619 1048 2803 1118 ἀρχῶν
2824 1039 3112 1116 λόγον.⁰οὐ
3147 1048 3253 1119 γὰρ
3278 1050 3437 1119 μόνον
3467 1049 3601 1121 περὶ
3624 1052 3718 1122 τῇ..

2140 1141 2357 1195 πάντων
2394 1141 2580 1203 οὐσίας
2604 1142 2936 1211 ἀπεφήνατο,
2951 1139 3027 1204 ὡς
3045 1142 3095 1194 οί
3122 1141 3227 1211 πρὸ
3254 1140 3441 1206 αὐτοῦ,
3461 1142 3607 1197 ἀλλά
3629 1144 3711 1198 καί

2140 1232 2271 1305 περί
2297 1232 2391 1285 τοῦ
2424 1232 2697 1296 κινοῦντος
2721 1233 2893 1300 αὐτὴν
2924 1234 3117 1287 αἰτίου.
3151 1252 3171 1286 ι
3202 1229 3310 1288 τΗν
3333 1234 3442 1305 γὰρ
3483 1236 3588 1307 τὴν
3621 1238 3706 1309 άρο

2140 1324 2261 1395 χὴν,
2287 1343 2306 1375 ι
2342 1324 2496 1393 φησὶ,
2537 1341 2555 1374 ι
2580 1323 2648 1376 τά
2680 1321 2980 1394 πράγματα
3013 1322 3146 1392 ὁμοῦ
3193 1325 3546 1396 πεφυρμένα·
3578 1327 3716 1392 Νοῦς

2139 1414 2183 1467 δ’
2208 1412 2484 1477 εἰσελθὼν,
2519 1412 2660 1464 αὐτά
2687 1412 2751 1464 ὲκ
2785 1414 2882 1482 τῆς
2904 1409 3129 1475 ἀταξίας
3156 1412 3237 1475 είς
3258 1412 3413 1478 τάξιν
3442 1415 3715 1485 ἧγαγεν,υ

2153 1504 2511 1575 Ἀναξαγόρου
2523 1502 2579 1555 δὲ
2594 1502 2839 1571 ἐγένοντο
2850 1501 3018 1575 γνώρι
3026 1519 3115 1573 μοι
3123 1505 3291 1572 τρεῖς,
3307 1503 3666 1577 Περικλῆς,’Δ
3676 1523 3704 1577 ρ

2140 1599 2349 1670 χέλαος,
2374 1595 2691 1668 Εὐριπίδης.
2710 1593 2980 1666 Περικλῆς
3009 1594 3108 1666 μὲν
3130 1590 3222 1647 οὖν
3238 1594 3538 1665 Ἀθηναίων
3568 1598 3722 1669 πρῶ·

2138 1712 2231 1756 τος
2247 1693 2588 1763 ὲγένετο,καὶ
2604 1691 2819 1761 πλούτῳ
2829 1690 2923 1745 καὶ
2939 1691 3085 1760 γένει
3098 1690 3208 1743 τῶν
3224 1689 3343 1744 καθ’
3361 1688 3577 1744 ἑαυτῶν
3588 1688 3721 1757 (20')

2140 1786 2498 1856 περιήνεγκεν
2514 1784 2566 1825 ⁸⁸
2599 1781 2898 1852 Εὐριπίδης
2919 1780 2997 1845 δὲ,
3021 1781 3111 1834 ἐπὶ
3134 1778 3415 1850 ποιητικὴν
3440 1777 3719 1848 μεταϐὰς,

2140 1876 2246 1929 ὑπό
2270 1892 2434 1929 τινων
2469 1872 2727 1943 σκηνικὸς
2774 1872 3060 1941 φιλόσοφος
3096 1870 3296 1943 ἐκλήθη
3320 1887 3335 1900 ⁸
3372 1872 3403 1924 ὁ
3426 1869 3485 1922 δὲ
3529 1868 3720 1940 Ἀρχέ-

2138 1966 2265 2030 λαος
2301 1968 2358 2019 ὲν
2390 1963 2679 2035 Λαμψάκῳ
2710 1961 2980 2027 διεδέξατο
3007 1960 3103 2032 τὴν
3133 1959 3323 2032 σχολὴν
3347 1957 3440 2012 τοῦ
3492 1957 3720 2023 Ἀναξα-

2139 2059 2324 2129 γόρου.
2351 2055 2605 2119 Μεταϐἀς
2642 2055 2687 2109 δ’
2732 2056 2812 2117 είς
2845 2052 3073 2124 Ἀθήνας
3125 2054 3241 2106 ἐκεῖ
3287 2050 3583 2121 ἐσχόλασε,
3630 2049 3723 2104 καὶ

2140 2147 2367 2210 πολλοὺς
2396 2145 2550 2215 ἔσχεν
2591 2141 2887 2213 Ἀθηναίων
2911 2139 3239 2211 γνωρίμους,
3276 2141 3333 2192 ὲν
3358 2135 3439 2202 οἷς
3471 2139 3568 2192 καὶ
3606 2138 3721 2191 Σω-

2141 2238 2369 2312 κράτην.
2418 2235 2577 2292 Κατὰ
2615 2233 2673 2290 δὲ
2713 2233 2805 2286 τὸν
2837 2231 2999 2286 αὐτὸν
3031 2231 3109 2303 τῷ
3147 2230 3481 2302 Ἀναξαγόρᾳ
3532 2230 3724 2300 χρόνον

2141 2332 2396 2402 ἤκμασαν
2435 2327 2627 2398 ἄνδρες
2658 2322 2897 2395 φυσικοὶ,
2935 2320 3246 2393 Ξενοφάνης
3293 2338 3353 2374 τε
3393 2321 3487 2374 καὶ
3535 2321 3723 2376 Πυθα-

2142 2425 2330 2495 γόρας.
2368 2421 2472 2475 Τὸν
2519 2420 2618 2491 μὲν
2650 2414 2744 2472 οὖν
2793 2415 3113 2489 Πυθαγόραν
3155 2414 3420 2478 διεδέξατο
3459 2412 3651 2467 Θεανὼ
3690 2416 3721 2483 ἡ

2142 2512 2298 2584 γυνὴ.
2340 2511 2395 2564 οἵ
2434 2527 2492 2563 τε
2538 2511 2644 2562 υἱοὶ
2686 2500 2875 2570 αὐτοῦ,
2908 2504 3197 2577 Τηλαυγὴς
3227 2505 3324 2557 καὶ
3371 2505 3722 2575 Μνήσαρχος.

2142 2600 2458 2675 Τηλαυγοῦς
2478 2598 2534 2651 δὲ
2576 2596 2940 2668 Ἐμπεδοκλῆς
2960 2595 3231 2664 ἀκουστὴς
3252 2592 3481 2662 γίνεται,
3514 2591 3645 2646 καθ’
3670 2592 3727 2644 ὃν

2156 2694 2502 2770 Ἡράκλειτος
2531 2696 2559 2746 ὁ
2594 2691 2865 2754 σκοτεινὸς
2898 2688 3240 2759 ὲγνωρίζετο.
3267 2687 3368 2740 Τὸν
3390 2686 3445 2739 δὲ
3487 2685 3729 2754 Ξενοφά-

2145 2804 2244 2859 νην
2274 2786 2490 2856 λέγεται
2518 2787 2546 2839 ὁ
2582 2782 2928 2855 Παρμενίδης
2959 2779 3301 2847 διαδέξασθαι
3320 2818 3335 2842 ,
3376 2776 3730 2849 Παρμενίδην

2145 2880 2203 2934 δὲ
2223 2878 2512 2942 Μέλισσος,
2548 2876 2815 2931 Μέλισσον
2853 2877 3038 2944 Ζήνων
3084 2874 3114 2925 ὁ
3154 2870 3435 2941 Ἐλεάτης’
3476 2869 3539 2921 ὃν
3563 2885 3730 2937 φασιν

2148 2969 2439 3041 ἐπιϐουλὴν
2487 2967 2630 3021 κατά
2686 2967 2782 3020 τοῦ
2830 2967 2953 3020 τότε
3007 2964 3269 3036 τυράννου
3316 2960 3730 3031 συστησάμενον

2072 3100 2121 3163 c
2150 3061 2377 3125 ἁλῶναι,
2409 3060 2831 3131 στρεϐλούμενον
2858 3058 2914 3111 δὲ
2955 3057 3057 3111 ὐπὸ
3081 3054 3177 3109 τοῦ
3230 3054 3499 3126 τυράννου
3521 3091 3539 3118 ,
3576 3054 3729 3118 ὅπως

2152 3154 2276 3217 τοὺς
2305 3154 2402 3207 σὺν
2439 3150 2588 3221 αὐτῷ
2629 3150 2949 3221 γενομένους
2985 3148 3183 3219 ἄνδρας
3227 3146 3641 3217 ἀπογράψηται,
3671 3146 3728 3199 οὐ

2152 3245 2583 3318 προσποιηθέντα
2625 3242 2721 3307 τὰς
2754 3242 2846 3295 τοῦ
2884 3241 3145 3313 τυράννου
3179 3240 3445 3311 τιμωρίας
3470 3280 3487 3304 ,
3537 3240 3731 3310 διαμαι

2155 3336 2464 3407 σησάμενον
2485 3334 2583 3405 τὴν
2603 3331 2852 3401 γλῶσσαν
2879 3329 3222 3400 προσπτύσαι
3246 3328 3414 3399 αὐτῷ,
3435 3328 3535 3382 καὶ
3558 3327 3734 3391 οὕτως

2153 3427 2633 3499 ἐγκαρτερήσαντα
2666 3427 2785 3488 ταῖς
2817 3422 3068 3494 βασάνοις
3094 3421 3404 3476 ἀποθανεῖν.
3438 3420 3647 3473 Τούτου
3676 3419 3733 3471 δὲ

2152 3518 2469 3581 Λεύκιππος
2514 3515 2782 3586 ἀκουστὴς
2825 3515 3051 3583 γέγονε,
3086 3513 3402 3567 Λευκίππου
3450 3511 3510 3564 δὲ
3551 3511 3732 3581 Δημό-

2154 3628 2359 3682 κριτος,
2387 3604 2448 3665 οὗ
2485 3607 2886 3680 Πρωταγόρας,
2911 3605 3033 3660 καθ’
3064 3605 3122 3658 ὃν
3158 3606 3376 3675 ἤκμασε
3412 3604 3731 3674 Σωκράτης.

2156 3699 2266 3753 Καὶ
2300 3698 2490 3761 ἄλλους
2523 3698 2581 3750 δὲ
2617 3697 2892 3769 σποράδην
2928 3696 3077 3750 ἐστιν
3109 3695 3288 3765 εὑρεῖν
3336 3694 3604 3763 φυσικοὺς
3649 3709 3735 3760 φι-

2154 3791 2413 3859 λοσόφους
2466 3789 2573 3861 πρὸ
2622 3789 2946 3862 Σωκράτους
2991 3788 3351 3858 γενομένους·
3396 3784 3541 3857 πλὴν
3602 3783 3739 3838 ἀλλά

2156 3882 2377 3947 πάντες,
2407 3882 2514 3935 ἀπὸ
2538 3880 2712 3935 Θαλοῦ
2748 3880 3064 3953 ἀρξάμενοι,
3085 3878 3395 3951 κατώτερον
3422 3876 3612 3949 Κύρου
3644 3876 3737 3930 τοῦ

2157 3971 2381 4044 Περσῶν
2412 3971 2673 4042 βασιλέως
2701 3973 2980 4041 φαίνονται
3008 3970 3336 4042 ἡκμακότες.
3374 3969 3434 4023 '0
3470 3968 3530 4023 δὲ
3553 3967 3741 4038 Κῦρος

2162 4066 2299 4137 μετά
2331 4066 2581 4120 πλεῖστον
2614 4068 2717 4138 τῆς
2760 4067 2841 4130 εἰς
2884 4065 3179 4119 Βαϐυλῶνα
3217 4062 3602 4134 αἰχμαλωσίας
3645 4060 3741 4115 τοῦ

2171 4155 2440 4209 Ἰουδαίων
2484 4155 2668 4219 ἔθνους
2694 4156 2851 4227 δῆλός
2879 4158 2995 4210 ἐστι
3022 4154 3281 4226 γεγονὼς,
3321 4154 3745 4207 διαλελοιπότων

487 4247 649 4301 clitus
695 4246 785 4299 ille
835 4247 1211 4302 tenebricosus
1261 4247 1316 4300 in
1375 4247 1656 4320 hominum
1708 4263 1805 4302 ore
1849 4264 2036 4303 versar

2160 4247 2258 4319 ἤδη
2307 4246 2415 4299 τῶν
2457 4248 2587 4319 παρ’
2621 4246 2892 4319 Ἑϐραίοις
2946 4245 3239 4318 προφητῶν
3261 4285 3278 4308 ,
3329 4246 3425 4299 καὶ
3456 4244 3561 4315 τῆς
3592 4247 3745 4316 ἱερᾶς

488 4340 673 4408 coepit.
717 4337 1039 4407 Xenophani
1096 4353 1226 4391 vero
1284 4336 1702 4404 Parmenidcm,
1750 4338 2032 4394 Parmenid

2166 4338 2548 4411 μητροπόλεως
2574 4338 2753 4392 αὐτῶν
2788 4337 3325 4410 πεπολιορκημένηςο
3352 4336 3497 4390 ὥστε
3527 4353 3589 4389 σε
3619 4337 3747 4407 δμα-

487 4430 801 4493 Melissum,
850 4430 1067 4485 Mclisso
1126 4430 1401 4485 Zenonem
1449 4429 1688 4484 Eleatem
1727 4431 2041 4486 successiss¢

2163 4430 2341 4500 λογεῖν
2375 4430 2509 4482 πολύ
2548 4429 2788 4501 νεώτερα
2846 4429 3091 4494 Μωσέως
3127 4429 3223 4482 καΊ⁵
3263 4426 3373 4480 τῶν
3414 4426 3537 4498 μετ’
3584 4426 3750 4481 αὐτὸν

489 4523 692 4578 ferunt.
732 4522 809 4576 De
836 4538 945 4593 quo
983 4521 1203 4578 Zenone
1247 4520 1381 4575 illud
1414 4521 1578 4574 etiam
1624 4528 1902 4586 narratur,
1931 4535 2041 4574 cun

2165 4520 2459 4593 προφητῶν
2502 4520 2573 4574 τὰ
2614 4520 2714 4591 τῆς
2761 4520 3028 4591 Ἐλλήνων
3076 4518 3356 4589 γεγονέναι
3400 4516 3748 4589 φιλοσοφίας,

491 4616 537 4671 is
573 4614 974 4685 conjuratiouis
1009 4614 1271 4668 adversus
1306 4620 1605 4681 tyranuum
1648 4610 1769 4679 ejus
1798 4610 2041 4679 tempori:

2164 4613 2258 4665 καὶ
2290 4611 2526 4681 μάλιστα
2561 4612 2662 4683 τῆς
2706 4614 2847 4665 κατᾶι
2885 4612 3147 4665 Πλάτωνα
3170 4650 3186 4675 ,
3228 4610 3286 4673 ὃς
3309 4652 3324 4675 ,
3370 4610 3656 4680 ἀκουστὴς
3686 4609 3751 4662 τὰ

490 4708 638 4762 initae
685 4708 941 4777 princeps
993 4713 1293 4774 auctorque
1345 4702 1720 4772 deprehensus
1770 4709 1952 4765 esset,
1992 4701 2041 4777 al

2168 4704 2361 4776 πρῶτα
2386 4703 2676 4775 γενόμενος
2702 4703 3044 4775 Σωκράτους,
3082 4702 3317 4756 κᾶπειτα
3346 4703 3460 4764 τοῖς
3500 4701 3754 4770 Πυθαγο-

490 4813 667 4870 eoque
710 4800 790 4854 uti
837 4798 1053 4853 consilii
1102 4797 1285 4851 socios
1333 4795 1622 4859 indicaret,
1678 4802 2029 4863 torqueretur

2171 4795 2335 4867 ρείοις
2358 4794 2641 4867 ὁμιλήσας,
2669 4795 2794 4857 τοὺς
2821 4793 2929 4865 πρὸ
2959 4793 3124 4848 αὐτοῦ
3150 4793 3356 4857 πάντας
3386 4792 3537 4864 λόγῳ
3561 4810 3627 4846 τε
3661 4794 3754 4849 καὶ

490 4892 709 4965 tyranni
740 4889 1041 4959 suppliciis
1095 4898 1352 4956 tanquam
1411 4886 1596 4941 minus
1630 4885 1698 4939 ad
1738 4899 1858 4939 sese
1902 4885 2040 4954 perii

2171 4885 2402 4949 συνέσει,
2442 4887 2535 4940 καὶ
2572 4889 2685 4950 τοῖς
2722 4887 2779 4938 ὲν
2818 4885 3105 4956 φιλοσοφίᾳ
3133 4884 3396 4955 δόγμασιν
3444 4884 3757 4957 ὑπερηκόν-

494 4984 749 5038 nentibus
809 4982 1034 5036 omnino
1075 4977 1434 5048 contemptis,
1487 4992 1848 5047 praemansam
1890 4977 2041 5030 denti

2168 4990 2306 5026 τισε.
2338 4974 2532 5043 Γέγονε
2560 4974 2604 5026 δ’
2632 4975 2660 5026 ὁ
2688 4973 2919 5027 Πλάτων
2954 4973 3099 5043 ἀμφὶ
3127 4971 3199 5025 τὰ
3232 4971 3438 5026 ὕστατα
3472 4973 3578 5043 τῆς
3615 4974 3755 5045 Περ-

494 5077 599 5131 bus
643 5075 885 5145 linguam
944 5073 997 5125 in
1034 5086 1160 5125 cum
1211 5071 1517 5137 exspuissc,
1551 5079 1715 5137 atque
1763 5068 1834 5121 ita
1871 5068 2041 5121 medii:

2173 5067 2281 5121 σῶν
2307 5066 2604 5138 βασιλείας,
2632 5065 2813 5138 μικρῷ
2845 5065 3037 5119 θᾶττον
3077 5063 3426 5136 Ἀλεξάνδρου
3444 5065 3545 5118 τοῦ
3568 5067 3757 5121 Μακε-

498 5171 551 5223 in
585 5168 925 5223 cruciatibus
966 5164 1475 5220 constantissimum
1528 5163 1750 5216 obiisse.
1807 5160 2041 5229 Ejusdeu

2170 5157 2342 5220 δόνος,
2366 5157 2673 5227 Αὐγούστου
2700 5157 2757 5209 δὲ
2779 5155 2873 5210 τοῦ
2899 5153 3169 5209 Σεϐαστοῦ
3200 5155 3261 5208 οὐ
3296 5153 3538 5225 πρόσθεν
3558 5155 3659 5226 ἐτη
3690 5162 3752 5208 υν.

497 5258 714 5311 auditor
743 5254 1051 5324 Leucippus
1093 5252 1224 5319 fuit,
1274 5251 1531 5320 Leucippi
1569 5249 1932 5316 Democritus,
1966 5249 2039 5304 De

2174 5252 2236 5303 El
2277 5250 2340 5321 δή
2387 5267 2468 5303 σοι
2509 5249 2797 5322 τοιγαροῦν
2846 5251 2876 5301 ὁ
2930 5249 3174 5315 Πλάτων,
3229 5248 3374 5301 οἵτε
3426 5248 3551 5318 μετ’
3594 5248 3756 5301 αὐτον

498 5348 714 5404 mocriti
772 5346 1141 5417 Protagoras,
1210 5343 1367 5412 cujus
1426 5351 1583 5397 aetate
1648 5341 1900 5396 Socrates
1962 5340 2041 5395 llo

2173 5342 2430 5412 δειχθεῖεν
2473 5342 2539 5395 τὰ
2590 5341 2856 5412 σύμφωνα
2912 5339 3180 5412 Ἑϐραίοις
3218 5338 3754 5411 πεφιλοσοφηκότες.

502 5442 630 5497 ruit.
679 5440 750 5496 Ut
802 5441 948 5495 enim
1011 5449 1137 5494 ante
1206 5439 1485 5491 Socratem
1530 5436 1787 5505 physicos
1832 5435 2041 5503 sparsin

2175 5431 2293 5503 ὥρα
2321 5434 2542 5485 σκοπεῖν
2561 5432 2653 5485 τὸν
2677 5431 2868 5503 χρόνον
2894 5429 3016 5483 καθ’
3038 5429 3097 5484 δν
3123 5424 3277 5494 οὗτος
3305 5429 3529 5499 γέγονε·
3563 5430 3677 5484 τῶν
3704 5430 3756 5482 δὲ

503 5530 797 5585 nonnullos
860 5529 1133 5598 reperias,
1191 5541 1382 5581 omnes
1438 5535 1619 5580 tamen
1665 5539 1789 5580 cum
1852 5525 2041 5579 initiun

2178 5526 2307 5595 παρ’
2346 5524 2618 5588 Ἑϐραίοις
2645 5522 2910 5593 θεολόγων
2943 5540 3003 5586 τε
3039 5524 3136 5583 καὶ
3162 5523 3467 5600 ,προφητῶν
3505 5523 3608 5601 τὴν
3661 5540 3755 5579 πσ-

576 5633 602 5661 ι
639 5636 739 5673 ms.
776 5620 1060 5691 διήνεγκεν

575 5729 710 5800 (20’)
756 5726 1038 5785 Ἐαυτῶν;
1069 5727 1211 5799 Lege
1248 5726 1457 5781 ἑαυτὸν.
1489 5725 1647 5783 Enn.
