3826 6232
404 317 514 374 845

404 433 498 487 24.
527 431 602 487 De
633 430 883 486 Mosarcis
906 430 1059 492 ideis.
1078 446 1143 483 ea:
1163 427 1403 484 Philone.

406 503 498 556 25.
524 503 600 557 De
625 503 832 566 iisdem,
857 516 921 555 ea:
946 499 1225 555 Clemente.

407 570 607 654 26._De
634 572 950 654 adversariis
979 570 1207 634 naturis,
1250 566 1592 623 Hebrceorum
1633 568 1976 639 Platonisque

406 642 816 793 efﬁgiae
839 708 1266 791 inmortalitate,
1294 723 1359 762 ea:
1406 707 1751 764 Hebrwornm
1779 707 1977 762 ‘Plato-

411 781 933 930 saginam???
941 820 1028 901 .Po
1035 848 1270 930 rplryrio.
1368 920 1378 930 .

409 918 500 975 29.
531 918 681 981 Quod
709 919 934 972 mundus
967 928 1139 971 ortum
1161 918 1422 973 habuerit.

410 988 501 1044 30.
528 988 606 1042 De
644 988 760 1042 coeli
786 989 1096 1042 luminibus.

410 1057 500 1111 3t.
531 1060 725 1112 Omnia
752 1058 850 1112 Dei
888 1074 1044 1126 opera
1069 1059 1207 1111 bona
1235 1073 1363 1111 esse.

411 1127 501 1183 32.
525 1127 602 1182 De
622 1128 939 1183 .alteratione
962 1144 1024 1181 ac
1049 1128 1339 1182 mutatione
1365 1127 1575 1180 mundi.

411 1263 501 1318 33.
539 1262 617 1318 De
641 1263 1016 1317 resurrectione
1042 1272 1390 1329 mortuorum,
1430 1278 1493 1316 ea:
1528 1261 1728 1315 eodem.

410 1400 500 1453 34.
530 1399 603 1453 De
623 1415 881 1468 supremo
909 1399 1094 1452 mundi
1124 1399 1248 1468 ﬁne.

410 1470 499 1525 35.
522 1464 763 1539 Morinos
816 1471 1073 1539 quosdam
1116 1464 1365 1522 revixisse
1406 1467 1571 1539 Plato
1607 1464 1811 1530 scribit,
1854 1480 1973 1518 cum

460 1538 721 1609 Hebraeis
750 1538 846 1592 hoc
873 1541 1034 1593 etiam
1058 1540 1110 1591 in
1127 1554 1307 1609 genere
1340 1538 1684 1592 consentiens.

405 1608 499 1663 36.
523 1608 615 1662 Ea;
636 1608 925 1662 Plutarcho
954 1609 1009 1662 in
1044 1624 1097 1662 re
1122 1609 1303 1661 simili.

411 1678 501 1747 37.
522 1678 797 1732 Platonem
825 1679 889 1731 de
925 1688 1063 1732 terra
1101 1677 1231 1741 illa,
1256 1694 1413 1747 quam
1451 1676 1708 1731 crelestem
1761 1686 1970 1742 vocant,

475 1746 722 1802 'Hebrazis
744 1749 1017 1802 simillima
1040 1746 1342 1801 tradidisse.

405 1816 606 1889 38._‘l)e
637 1820 883 1889 judicio,
914 1818 1052 1889 quod
1081 1828 1325 1889 mortem
1370 1818 1638 1888 excipiat,
1691 1813 1971 1870 Platonem

482 1886 721 1942 Hebraeis
746 1886 935 1955 aﬂinia'
951 1887 1192 1941 sensisse.

570 1998 905 2056 SUSCEPTI
939 1997 1350 2056 ARGUMENTI
1389 1996 1806 2054 PROlEMIUM.

483 2092 743 2161 Superior
792 2090 1043 2160 idemque
1073 2090 1318 2146 decimus
1360 2089 1780 2159 Prwparationis
1818 2106 1975 2144 evan-

411 2183 587 2253 geticis
612 2182 767 2248 liber,
797 2196 906 2236 non
929 2181 1043 2249 jam
1067 2181 1249 2235 verbis
1281 2182 1440 2245 meis,
1461 2180 1553 2236 sed
1574 2180 1821 2249 ipsismet
1847 2197 1976 2250 gen-

412 2273 588 2329 tilium
634 2274 917 2329 hominum
934 2273 1300 2329 “testimoniis
1337 2274 1557 2343 planum
1611 2271 1774 2337 fecit,
1808 2288 1972 2343 quam

413 2365 591 2420 simile
622 2364 738 2418 veri
762 2364 854 2430 sit,
880 2363 1096 2419 Graecos
1120 2372 1316 2434 praeter
1342 2378 1505 2417 uuam
1524 2363 1579 2416 in
1609 2361 1842 2418 dicendo
1865 2366 1973 2418 vim

413 2464 468 2510 et
500 2455 846 2526 elegantiam,
886 2454 1155 2524 sapientis
1177 2463 1231 2510 et
1256 2454 1458 2509 eruditi
1491 2454 1625 2508 nihil
1656 2453 1819 2509 domo
1841 2469 1975 2525 pro-

411 2547 625 2607 tulisse.
652 2546 745 2601 sed
781 2545 1030 2600 barbaris
1053 2545 1238 2600 omnia
1265 2543 1561 2601 sull'uratos
1585 2559 1708 2600 esse
1744 2563 1758 2599 :
1807 2545 1973 2602 adeo-

410 2655 517 2711 que
546 2655 615 2695 ne
639 2642 756 2710 ipsa
790 2639 1007 2709 quidem
1036 2638 1383 2695 Hebrmorum
1419 2640 1701 2710 ignorasse
1730 2640 1971 2706 oracula,

411 2731 505 2786 sed
531 2745 593 2786 ea
612 2730 793 2800 potius
814 2746 880 2784 ex
906 2737 1061 2799 parte
1089 2732 1280 2785 saltem
1328 2732 1574 2800 attiglsse
1610 2747 1624 2785 ε
1665 2745 1789 2785 cum
1823 2746 1890 2785 ne
1918 2731 1972 2784 in

411 2822 545 2892 ipsis
581 2820 797 2891 quidem
829 2820 1107 2874 hominum
1138 2834 1362 2876 suorum
1391 2820 1647 2889 operibus
1677 2828 1825 2875 tanta
1849 2835 1973 2875 cum

410 2914 705 2968 ambitione
735 2912 1063 2982 conscriptis
1093 2920 1275 2967 castas
1327 2913 1396 2967 ab
1437 2912 1584 2967 omni
1648 2912 1795 2968 furto
1827 2912 1971 2967 inte-

409 3020 644 3078 grasque
683 3020 880 3060 manus
921 3019 1250 3059 conservare
1311 3005 1602 3075 potuerint.
1638 3003 1777 3059 Nam
1825 3003 1974 3060 fures

993 315 1275 372 °EUSEBII
1308 311 1789 371 CASSARIENSIS
1826 312 1979 369 OPP.
2016 311 2196 368 PARS
2234 311 2298 368 ll.
2339 344 2408 354 —
2444 311 2945 370 APOLOGETICA.

3534 314 3649 370 ειι

2009 436 2055 490 Α
2085 427 2179 481 κδ’.
2222 430 2486 495 Φίλωνος
2504 470 2519 494 ,
2553 431 2689 498 Περὶ
2723 428 2841 483 τῶν
2871 429 3031 498 παρὰ
3056 428 3265 484 Μωσεῖ
3281 426 3473 484 ἰδεῶν.

2080 504 2177 552 κε’.
2216 499 2591 567 Κλήμεντος,
2624 501 2754 569 περὶ
2787 501 2895 553 τοῦ
2926 499 3130 553 αὐτοῦ.

2076 573 2168 632 κς¹
2239 570 2516 636 Ἐϐραίων
2546 570 2643 624 καὶ
2675 569 3014 636 Πλάτωνος,
3045 569 3185 638 Περὶ
3214 569 3333 623 τῶν
3354 569 3651 625 ἐναντίων

2145 636 2476 690 δυνάμεων.

2186 656 2476 692 υναιιεων.

2077 656 2606 777 κζ’ῗυῖἳιέἔῗωῦυχῆς
2639 709 2995 776 ἀθανασίας,
3031 708 3313 777 Ἐϐραίων
3343 708 3441 764 καὶ
3487 710 3650 765 Hdi-

2146 792 2352 843 τωνος.

2076 852 2183 918 κη’.
2222 848 2580 927 Πορφυρζου,
2612 848 2875 916 περὶτοῦ
2906 849 3111 904 αὑτοῦ.

2076 916 2360 995 ἔθη-Περὶ
2390 935 2499 995 του
2530 917 2820 995 γεννητὸν
2846 914 3007 995 ἐἶναι
3037 919 3146 995 τὸν
3177 918 3428 987 κόσμον.

2075 985 2141 1056 λ’.
2181 988 2321 1054 Περὶ
2346 985 2461 1039 τῶν
2485 985 2611 1040 κατ’
2645 987 2904 1054 οὐρανὸν
2930 987 3279 1056 φωστήρων.

2076 1055 2176 1127 λα’.
2222 1059 2340 1110 Ὅτι
2363 1056 2558 1127 πάντα
2590 1058 2745 1110 καλὰ
2770 1063 2841 1110 τὰ
2863 1055 3007 1127 ἔργα
3030 1058 3137 1111 τοῦ
3166 1057 3335 1111 Θεοῦ.

2075 1125 2360 1249 λβ’.όΠερὶ
2418 1124 2525 1193 τῆς
2574 1124 2951 1193 ἀλλοιώσεως
2996 1128 3093 1182 καὶ
3139 1125 3481 1197 μεταϐολῆς
3538 1130 3649 1185 τσῦ

2146 1213 2181 1248 κ
2219 1212 2396 1249 σιιου.

2146 1212 2396 1264 κοσμου.

2075 1263 2175 1338 λγ.
2211 1265 2491 1338 Περὶμτῆς
2539 1266 2658 1338 τῷν
2698 1267 3203 1335 τετελευτηκότων
3248 1268 3646 1338 ἀναϐιώσεως,

2142 1336 2260 1389 ἀπὸ
2291 1334 2396 1388 τοῦ
2422 1336 2628 1390 αὑτοῦ.

2074 1403 2166 1475 λδ.
2207 1406 2345 1472 Περὶ
2371 1408 2725 1475 συντελείας
2754 1407 2858 1461 τοῦ
2884 1408 3135 1475 κόσμου.

2075 1472 2164 1526 λε’.
2214 1474 2449 1548 poeta!
2476 1477 2724 1548 νεκροὺς
2757 1472 3071 1548 ἑγηγέρθάι
3092 1480 3125 1530 ὀ
3152 1477 3401 1534 Πλάτων
3432 1482 3650 1548 ὁμοίως

2143 1543 2268 1610 τοῖς
2301 1543 2588 1615 Ἐϐραίων
2614 1543 2817 1615 λόγοις
2842 1543 3083 1614 ἱστορεῖ.

2074 1612 2185 1684 λς’.
2224 1612 2645 1684 Πλουτάρχου,
2671 1612 2810 1684 περὶ
2840 1616 2946 1669 τοῦ
2974 1612 3209 1684 ὁμοίου.
3632 1656 3635 1659 ι

2074 1681 2169 1747 λς’.
2195 1684 2317 1758 ρος
2345 1681 2557 1758 καίτᾶ
2597 1681 3250 1758 περιτῆςλεπιομένης
3283 1689 3651 1758 ἐπουρανίου

2143 1752 2278 1822 γῆς,
2316 1757 2348 1808 δ
2373 1753 2624 1809 Πλάτων
2650 1752 2862 1824 ὁμοίως
2897 1752 3516 1823 Ἑϐραίοιςδιέξεισὶν.

2075 1821 2175 1894 ληί.
2231 1825 2322 1896 Ὡς
2348 1824 2445 1877 καὶ
2478 1824 2553 1896 τὰ
2583 1821 2724 1896 ,περὶ
2760 1823 2870 1896 τῆς
2905 1821 3054 1896 μετὰ
3099 1821 3345 1881 θάνατοι
3394 1832 3652 1896 κρίσεως

2144 1894 2357 1963 ὁμοίως
2395 1895 2681 1963 Ἑϐραίοις
2699 1894 2799 1949 καὶ
2821 1895 3073 1950 Πλάτων
3093 1896 3342 1952 ἔσεσθαι
3354 1894 3648 1953 πιστεύει.

2345 2005 2731 2059 ΠΡΟΟΙΜΙΟΝ
2768 2003 2907 2058 ΤΗΣ
2946 2006 3359 2063 ΥΠθΘΕΣΕΩΣ.

2154 2097 2213 2151 '0
2257 2097 2355 2168 μὲν
2383 2096 2448 2168 δὴ
2478 2096 2573 2151 τοῦ
2611 2097 2749 2168 μετὰ
2778 2100 2966 2170 χεῖρας
2997 2098 3282 2169 προάγων,
3320 2101 3422 2170 τῆς
3458 2103 3652 2171 Εὐαγ-

2074 2187 2316 2258 τελικῆς
2361 2187 2874 2256 Προπαρασκευῆς
2922 2186 3146 2252 δέκατος
3195 2188 3270 2242 ὢν
3302 2191 3497 2261 τόμος,
3548 2193 3653 2245 οὐκ

2075 2281 2232 2349 ἐμαῖς
2263 2281 2486 2347 φωναῖς,
2515 2282 2633 2342 ταῖς
2658 2279 2702 2332 δ’
2730 2279 2927 2344 ἔξωθεν
2961 2279 3181 2352 συνίστη
3215 2283 3562 2355 μαρτυρίαις,
3590 2280 3654 2336 τὸ

2078 2370 2152 2441 μὴ
2183 2369 2407 2433 ἀπεικὸς
2446 2366 2583 2422 εἶναι
2607 2370 2734 2433 τοὺς
2764 2369 3031 2441 Ἕλληνας
3062 2371 3225 2441 μηδὲν
3250 2372 3459 2425 οἴκοθεν
3487 2373 3652 2442 σοφὸν

2074 2459 2556 2530 ὲπενηνεγμένους,
2592 2462 2641 2512 εί
2686 2459 2761 2531 μὴ
2787 2460 2869 2514 ὅτι
2901 2461 3070 2531 μόνην
3103 2459 3298 2532 τὴνρὲν
3331 2461 3510 2530 λόγοις
3542 2463 3654 2515 δει-

2075 2549 2271 2620 νότητά
2291 2565 2350 2600 τε
2379 2548 2472 2601 καὶ
2499 2547 2849 2617 εὐγλωττίαν,
2875 2550 2942 2602 τὰ
2971 2549 3147 2602 πάντα
3178 2549 3235 2602 δὲ
3270 2551 3420 2623 παρά
3447 2551 3653 2623 βαρϐά-

2079 2657 2185 2712 ρων
2235 2641 2716 2711 ἐσκευωρημένους
2738 2656 2753 2671 ο
2790 2640 2925 2711 μηδὲ
2955 2641 3025 2693 τὰ
3074 2639 3339 2711 Ἐὅραίων
3383 2642 3652 2715 ἀγνοῆσαι

2073 2730 2249 2797 λόγια,
2279 2731 2371 2784 καὶ
2399 2731 2606 2785 τούτων
2629 2730 2685 2783 δὲ
2707 2732 2766 2785 ὲν
2803 2732 2959 2803 μέρει
2990 2730 3368 2800 καθάψασθαιο
3399 2733 3484 2786 ὅτι
3514 2734 3653 2805 μηδὲ

2070 2825 2171 2894 τῆς
2206 2822 2313 2876 τῶν
2361 2822 2634 2895 σφετέρων
2676 2825 2733 2875 ὲν
2778 2823 3170 2895 συγγράμμασι
3208 2823 3515 2894 φιλοτιμίας
3553 2842 3656 2878 και

2076 2913 2246 2984 θαρὰς
2270 2912 2601 2983 ἐφυλάξαντο
2630 2913 2835 2984 κλοπῆς
2865 2915 2965 2978 τὰς
2994 2917 3200 2986 χεῖρας.
3249 2914 3506 2979 Κλέπτας
3540 2915 3651 2985 γὰρ

2074 3005 2271 3069 αὐτοὺς
2305 3006 2403 3075 οὐχ
2441 3008 2470 3058 ὁ
2503 3006 2629 3077 παρ’
2676 3005 2868 3075 ἡμῶν,
2899 3005 2975 3068 ὡς
3018 3004 3174 3076 ἔφην,
3211 3006 3401 3075 λόγος,
3449 3008 3479 3060 ὁ
3502 3006 3651 3073 ηδ’-ἐξ

410 3097 533 3152 illos
555 3096 779 3151 omnino
812 3094 1002 3157 fuisse,
1033 3110 1141 3149 non
1167 3110 1307 3159 mea,
1333 3095 1414 3149 uti
1437 3097 1551 3165 jam
1577 3095 1714 3162 dixi,
1747 3094 1845 3152 sed
1875 3110 1974 3151 sua

2079 3094 2256 3149 αὐτῶν
2292 3097 2685 3167 παρεστήσατο.
2719 3096 2794 3148 Οὐ
2831 3095 3101 3166 μὴν⁶ἀλλὰ
3142 3098 3237 3150 καὶ
3269 3097 3473 3168 σφόδρα
3499 3098 3652 3160 νέους

409 3189 654 3258 ipsorum
693 3203 828 3243 voce
881 3188 1272 3243 demonstravi.
1306 3187 1469 3258 508
1502 3186 1791 3255 Praeterea,
1812 3202 1975 3257 quam

410 3278 516 3347 ipsi
547 3277 836 3349 prudentia
869 3279 1035 3333 simul
1063 3286 1329 3349 mtateque
1350 3279 1581 3348 juvenes
1611 3278 1751 3345 sint,
1783 3294 1978 3349 quam-

409 3384 518 3440 que
547 3368 709 3440 longo
740 3368 1026 3424 intervallo
1059 3369 1129 3423 ab
1157 3370 1248 3423 illa
1280 3367 1628 3425 Hebraeorum
1655 3369 1978 3439 antiquitate

410 3458 691 3527 disjuncti.
715 3459 905 3515 eodem
942 3460 1083 3515 libro
1111 3475 1177 3515 ex
1205 3460 1339 3514 inita
1382 3467 1690 3531 temporum
1724 3464 1866 3516 inter
1891 3477 1977 3517 se-

410 3563 470 3605 se
502 3549 851 3605 contentione
876 3550 1247 3619 cognovimus.
1278 3548 1454 3619 Atque
1475 3550 1559 3605 bas
1594 3550 1891 3620 superioris
1911 3551 1978 3605 li-

411 3640 493 3695 bri
524 3649 709 3709 partes
741 3639 965 3695 luerunt
985 3641 1207 3695 omnino
1224 3641 1364 3696 duae.
1393 3639 1511 3695 Jam
1538 3656 1668 3697 vero
1689 3643 1778 3697 hic
1814 3658 1975 3713 quem

410 3744 523 3802 pra:
554 3730 808 3787 manibus
836 3731 1121 3797 habemus,
1160 3732 1213 3786 id
1240 3732 1380 3802 agit,
1416 3740 1475 3786 ut
1504 3730 1699 3786 factam
1735 3748 1767 3787 a
1818 3734 1978 3792 nobis

410 3823 853 3890 promissionem,
883 3824 1157 3894 quoddam
1195 3824 1351 3894 quasi
1379 3838 1578 3878 nomen
1613 3838 1678 3878 ac
1710 3824 1974 3892 debitum,

410 3921 761 3985 repraesentet
783 3955 798 3979 ,
834 3915 1092 3984 illamque
1114 3915 1449 3971 Graecorum
1507 3915 1973 3986 philosophorum,

411 4007 458 4060 si
514 4005 699 4061 minus
756 4007 813 4060 in
868 4006 1145 4073 omnibus,
1172 4007 1227 4061 in
1261 4007 1542 4063 nonnullis
1578 4016 1727 4062 certe
1754 4007 1976 4078 quidem

410 4097 626 4166 placitis
682 4106 844 4166 atque
887 4099 1122 4155 decretis
1173 4115 1295 4153 cum
1345 4099 1698 4155 Hebraeorum
1736 4099 1977 4153 oraculis

412 4186 831 4242 consensionem
862 4188 1089 4258 aperiat.
1132 4186 1331 4242 Verum
1380 4196 1438 4242 ut
1480 4188 1615 4243 alios
1669 4195 1975 4259 praetereat,

413 4283 668 4345 tanquam
694 4277 874 4331 minus
899 4277 1004 4331 hoc
1038 4278 1160 4333 loco
1190 4279 1538 4334 necessarios
1560 4317 1576 4342 .
1608 4278 1852 4332 omnium
1886 4292 1977 4333 co-

2077 3186 2212 3257 ὁμοῦ
2232 3190 2296 3259 τῇ
2323 3189 2579 3258 φρονήσει
2596 3200 2621 3227 ει
2640 3188 2733 3241 καὶ
2754 3187 2852 3259 τὴν
2869 3187 3080 3259 ἡλικίαν
3098 3189 3312 3254 αὐτοὺς,
3327 3189 3479 3262 παρὰ
3500 3190 3654 3243 πλεῖ-

2079 3292 2201 3329 στον
2232 3278 2354 3330 ὅσον
2379 3281 2477 3349 τῆς
2514 3277 2803 3349 Ἐϐραῖκῆς
2840 3276 3190 3349 λειπομένους
3228 3280 3649 3351 ἀρχαιολογίας,

2076 3369 2134 3421 ὲν
2162 3368 2343 3440 ταυτῷ
2374 3369 2460 3423 διὰ
2494 3370 2592 3441 τῆς
2625 3369 2733 3423 τῶν
2764 3369 2969 3442 χρόνων
3003 3371 3358 3442 παραθέσεως
3383 3372 3648 3443 ἔγνωμεν.

2078 3459 2262 3513 Ταῦτα
2287 3461 2384 3532 μὲν
2410 3456 2503 3514 οὖν
2532 3462 2560 3513 ό
2594 3461 2701 3532 πρὸ
2732 3461 2944 3517 τούτου.
2989 3462 3047 3515 Ὀ
3086 3462 3143 3515 δέ
3172 3479 3235 3531 γε
3282 3461 3473 3534 παρὼν
3505 3464 3652 3517 ἐπεί-

2076 3567 2231 3619 γεται
2264 3551 2446 3605 λοιπὸν
2470 3552 2591 3623 ἤδη,
2613 3551 2802 3624 ὥσπερ
2822 3570 2885 3605 τι
2917 3553 3093 3624 χρέος,
3113 3553 3212 3624 τὴν
3238 3554 3651 3626 ἐπηγγελμένην

2079 3643 2371 3714 ὑπόσχεσιν
2397 3642 2707 3707 ἀποδοῦναι,
2738 3645 2832 3696 καὶ
2857 3645 2955 3714 τὴν
2982 3644 3037 3698 ἐν
3073 3662 3234 3707 τισιν,
3262 3646 3312 3696 εἱ
3349 3645 3445 3698 καὶ
3484 3645 3560 3717 μὴ
3595 3647 3651 3697 ὲν

2078 3735 2364 3799 πᾶσι,τοῖς
2378 3733 2722 3804 δογματικοίς
2756 3734 3094 3808 θεωρήμασι,
3122 3736 3256 3809 πρὸς
3287 3738 3354 3789 τὰ
3386 3735 3650 3809 Ἑϐραίων

2079 3825 2233 3893 λόγια
2280 3826 2598 3896 συμφωνίαν
2640 3826 2746 3879 τῶν
2799 3827 2927 3897 παρ’
2968 3827 3191 3899 Ἕλλησι
3225 3827 3529 3898 φιλοσόφων
3563 3830 3652 3882 ὲκ-

2079 3915 2242 3981 φᾶναι
2263 3931 2276 3943 ·
2306 3907 2380 3967 ὧν
2419 3915 2544 3977 τοὺς
2581 3916 2870 3985 περιττοὺς
2899 3917 3401 3989 παραιτησάμενος,
3444 3917 3537 3971 τὸν
3570 3936 3655 3972 κο-

2082 4008 2305 4076 ρυφαῖον
2348 4005 2601 4060 ἁπάντων
2648 4008 3027 4074 ἀνακαλεῖται,
3087 4009 3232 4080 μόνῳ
3290 4009 3487 4083 χρῆναι
3533 4009 3653 4062 ἀντὶ

2082 4100 2295 4152 πάντων
2332 4099 2633 4172 ἡγούμενος
2661 4100 2897 4173 γνώμονι
2941 4101 3246 4174 χρήσασθαι
3273 4104 3368 4156 τοῦ
3412 4104 3654 4176 προϐλὴς-

2083 4208 2252 4261 ματος
2280 4192 2553 4245 Πλάτωνιο
2583 4193 2707 4246 ἐπεὶ
2737 4194 2831 4246 καὶ
2863 4187 3018 4257 οὗτος
3049 4194 3207 4264 μόνος
3228 4194 3393 4260 ἔοικε»
3427 4199 3493 4267 τῇ
3527 4196 3654 4268 δόξῃ

2079 4283 2203 4346 τοὺς
2229 4282 2445 4346 ’πάντας
2475 4284 2925 4356 ὑπερακοντίσας,
2957 4287 3236 4358 αὐτάρκης
3269 4288 3399 4358 ἡμῖν
3425 4287 3649 4343 ἔσεταιδ

410 4366 691 4437 ryphaeum
721 4368 1034 4438 appellabit,
1067 4369 1216 4439 quod
1266 4369 1439 4424 instar
1471 4370 1713 4424 omnium
1757 4367 1975 4424 Platone

2080 4373 2216 4443 πρὸς
2248 4372 2345 4444 τὴν
2383 4372 2477 4426 τοῦ
2508 4374 2837 4446 ζητουμένου
2876 4374 3156 4429 σύστασιν.
3199 4377 3263 4429 El
3306 4376 3367 4430 δέ
3395 4394 3502 4431 που
3546 4379 3656 4432 δέοι

410 4458 678 4511 duntaxat
708 4472 845 4521 uno,
871 4468 1131 4527 tanquam
1177 4468 1444 4529 susceptae
1475 4459 1861 4529 disputationis
1891 4474 1975 4513 re-

2086 4461 2379 4532 σαφηνείας
2409 4461 2568 4514 ἕνεκα
2606 4462 2707 4532 τῆς
2737 4462 2830 4515 τοῦ
2875 4463 3066 4535 ἀνδρὸς
3109 4464 3377 4528 διανοίας,
3426 4467 3521 4520 καὶ
3548 4470 3660 4531 τοῖς

410 4547 533 4620 gula
567 4547 828 4602 utendum
853 4563 975 4603 esse
1001 4549 1271 4617 videatur,
1296 4550 1497 4621 quippe
1523 4565 1706 4620 quem,
1745 4550 1822 4604 uti
1855 4550 1980 4604 reli-

412 4653 554 4707 quos
581 4655 724 4695 unus
746 4654 938 4695 omnes
964 4640 1289 4695 eruditionis
1322 4642 1492 4712 gloria
1537 4642 1695 4713 longe
1721 4642 1982 4697 multum-

410 4744 518 4798 que
543 4730 840 4798 superavit,
874 4730 948 4783 ita
971 4731 1105 4785 satis
1134 4732 1362 4786 omnino
1394 4747 1489 4802 per
1522 4748 1642 4787 sese
1685 4733 1876 4800 nobis,
1910 4733 1979 4788 ad

411 4818 551 4874 hanc
573 4819 930 4888 quaestionem
958 4815 1319 4874 deliniendam
1337 4832 1389 4876 et
1412 4822 1850 4877 constituendam
1886 4821 1974 4876 l‘u-

410 4918 592 4964 turum
636 4919 905 4979 putemus.
957 4909 1113 4976 Quod
1154 4911 1330 4966 sicubi
1379 4912 1447 4967 ad
1477 4913 1853 4968 illustrandam
1880 4914 1978 4968 h0-

409 5002 575 5058 minis
609 5002 933 5057 sententiam
963 5018 1101 5073 opus
1126 5001 1311 5069 fuerit,
1339 5019 1529 5058 eorum
1556 5004 1719 5059 etiam
1771 5005 1865 5074 qui
1908 5005 1977 5060 ad

410 5095 582 5165 ipsius
611 5096 971 5166 phi1030phi'ae
1000 5097 1266 5152 rationem
1314 5097 1591 5152 adhaesere
1614 5137 1629 5161 ,
1656 5098 1976 5152 testimonia

410 5186 705 5257 proferam,
731 5188 1020 5256 ipsissimis
1045 5204 1232 5243 eorum
1267 5189 1451 5244 verbis
1477 5188 1542 5243 ad
1568 5187 1828 5258 majorem
1849 5203 1979 5258 pro-

409 5278 571 5347 positi
608 5279 914 5349 argumenti
947 5278 1102 5333 lidem
1129 5280 1626 5347 certitudinemque
1667 5278 1975 5348 productis.

2078 4552 2175 4625 τὴν
2210 4554 2328 4606 κατ’
2363 4553 2523 4608 αὑτὸν
2558 4554 2856 4625 ἐζηλωκόσι
2881 4555 3196 4626 φιλοσοφίαν
3217 4557 3493 4629 μάρτυρσι
3526 4560 3658 4629 χρή-

2082 4660 2263 4714 σομαι,
2304 4643 2404 4707 τὰς
2455 4644 2635 4699 αὐτῶν
2663 4645 3026 4717 ἐκθησόμενος
3053 4646 3235 4715 φωνὰς
3270 4647 3365 4701 ἐπὶ
3400 4648 3661 4702 συστάσει

2076 4734 2170 4788 τοῦ
2196 4736 2573 4807 προκειμένου.
2595 4737 2926 4809 Τετηρήσθω
2948 4738 3005 4791 δέ
3034 4755 3144 4809 μοι,
3167 4739 3231 4792 τὸ
3257 4738 3334 4810 μὴ
3359 4738 3519 4793 πάντ’
3541 4741 3661 4792 ἐπι-

2077 4827 2252 4897 τυχῶς
2292 4828 2540 4899 εἰρῆσθαι
2590 4828 2670 4899 τῷ
2700 4829 2873 4900 ἀνδρὶ,
2906 4832 2952 4883 εί
2981 4831 3074 4883 καὶ
3119 4830 3186 4884 τὰ
3232 4831 3464 4885 πλεῖστα
3510 4830 3660 4901 αὐτῷ

2084 4921 2181 4973 σὺν
2211 4918 2437 4991 ἀληθείᾳ
2468 4920 2871 4992 ὲκπεφώνηται.
2902 4923 2967 4975 Ὃ
3000 4922 3065 4992 δὴ
3097 4924 3192 4976 καὶ
3222 4922 3359 4976 αὐτὸ
3391 4923 3536 4977 κατὰ
3569 4922 3662 4975 τὸν

2082 5009 2267 5063 δέοντα
2313 5010 2500 5082 καιρὸν
2544 5013 2989 5084 παραστήσομεν,
3021 5015 3122 5067 οὐκ
3172 5014 3338 5067 αὑτοῦ
3385 5013 3660 5086 διαϐολῆς,

2084 5102 2377 5171 ἀπολογίας
2405 5102 2463 5156 δὲ
2491 5104 2765 5173 ἡμετέρας
2811 5104 3001 5176 χάριν,
3032 5105 3099 5158 δι’
3129 5103 3196 5175 ἢν
3244 5104 3343 5175 τὴν
3386 5105 3663 5178 βάρϐαρον

2085 5190 2403 5262 φιλοσοφίαν
2449 5197 2547 5265 τῆς
2593 5194 2905 5267 Ἑλληνικῆς
2963 5194 3333 5267 ὁμολογοῦμεν
3380 5211 3664 5268 προησμε-

2085 5281 2315 5336 νικέναι.

410 5367 677 5424 Caeterum
700 5379 761 5425 ut
791 5371 838 5426 is
855 5386 981 5426 vere
1014 5371 1271 5442 pleraque
1304 5370 1689 5441 pronuntiarit,
1725 5370 1858 5425 illud
1912 5372 2191 5428 observari
2229 5384 2409 5432 tamen
2464 5392 2530 5433 ac
2590 5378 2813 5434 retineri
2852 5378 3031 5444 velim,
3053 5393 3163 5432 non
3208 5391 3335 5432 eum
3365 5391 3582 5446 semper
3602 5374 3659 5429 in

411 5464 664 5519 omnibus
722 5474 893 5531 recte,
920 5475 1084 5536 atque
1113 5466 1192 5519 uti
1230 5481 1319 5520 res
1370 5465 1701 5537 postulabat,
1757 5465 2201 5538 philosophatum
2232 5486 2374 5528 esse.
2399 5471 2555 5540 Quod
2590 5478 2766 5543 ipsum
2801 5488 3017 5545 quoque
3046 5488 3148 5530 suo
3164 5474 3290 5529 loco
3313 5474 3661 5529 demonstra-

414 5555 616 5619 bimus.
641 5575 750 5614 non
782 5561 970 5632 utique
1000 5561 1325 5616 criminandi
1370 5560 1607 5616 hominis
1635 5562 1840 5628 animo,
1903 5563 1998 5617 sed
2036 5564 2250 5628 consilii
2290 5568 2461 5625 nostri
2491 5566 2816 5626 defendendi
2843 5583 3030 5638 causa,
3052 5566 3463 5640 quibarbaram
3485 5580 3518 5622 ι
3553 5579 3663 5620 no-

414 5643 498 5699 bis
519 5647 912 5718 philosophiam
958 5649 1145 5705 Graeca
1171 5649 1438 5719 potiorem
1464 5649 1706 5704 habitam
1746 5665 1868 5707 esse
1891 5649 2181 5709 fateamur.

483 5776 512 5804 ι
542 5765 626 5820 ἷσ.
654 5767 753 5836 τήν
780 5783 840 5819 τε
866 5766 1145 5839 φρόνησιν.
1222 5766 1249 5807 ι)
1278 5784 1364 5838 γρ.
1408 5766 1645 5825 ἔσεσθαι.
