3826 6232
182 333 294 393 855

711 444 1112 502 ΚΕΦΔΛΔῙΟΝ
1152 444 1231 497 A'.

184 562 288 632 Ὠς
309 564 347 632 ἡ
374 560 526 632 κατὰ
544 557 836 615 Πλάτωνα
864 558 1197 632 ςριςποσοφία
1212 556 1288 626 τῇ
1464 555 1770 623 Ἑϐραίους

333 628 407 688 ἐν
429 631 554 698 τοῖς
576 629 1072 699 ἀναγκαιοτάτοις
1094 628 1609 696 ἐπηκολούθησεν.

252 746 351 808 Εἰς
385 744 514 814 τρία
538 740 803 804 διελόντος
839 739 979 812 μέρη
1016 739 1110 793 τοῦ
1140 738 1428 802 Πλάτωνος
1458 737 1552 791 τὸν
1591 736 1770 791 πάντα

179 841 281 909 τῆς
313 834 633 906 φιλοσοφίας
669 833 849 903 λόγον,
884 833 965 896 εἰς
992 832 1241 901 φυσικὸν,
1274 831 1485 900 ἠθικὸν,
1516 828 1733 898 λογικόν
1752 845 1766 860 ο

181 921 281 978 εἶτ’
327 919 394 978 αὖ
443 922 607 977 πάλιν
639 922 731 975 τὸν
791 921 1019 990 φυσικὸν
1067 919 1377 990 διελομένου
1435 918 1517 982 είς
1564 935 1625 971 τε
1668 917 1769 988 τὴν

179 1017 294 1073 τῶν
349 1016 627 1088 αἰσθητῶν
682 1015 950 1088 θεωρίαν,
986 1015 1082 1069 καὶ
1129 1014 1228 1086 τὴν
1284 1012 1395 1067 τῶν
1461 1012 1770 1083 ἀσωμάτων

181 1109 544 1181 κατανόησινο
586 1106 768 1180 εὖροις
818 1105 886 1160 ἂν
929 1105 1026 1159 καὶ
1051 1107 1182 1177 παρ’
1231 1104 1501 1177 Ἑϐραίοις
1546 1103 1605 1157 τὸ
1648 1120 1770 1175 τρι-

184 1203 354 1274 μερὲς
414 1200 572 1256 τοῦτο
628 1199 731 1270 τῆς
784 1199 1135 1263 διδασκαλίας
1187 1194 1355 1261 εἶδος,
1415 1198 1498 1250 ὅτι
1558 1196 1621 1268 δὴ
1675 1196 1770 1249 καὶ

181 1296 317 1366 παρ’
349 1294 532 1355 αὐτοῖς
566 1293 634 1347 τὰ
662 1293 843 1363 ὃμοια,
878 1289 1112 1363 πρόσθεν
1137 1290 1171 1360 ἢ
1212 1288 1475 1343 Πλάτωνα
1494 1286 1766 1357 γενέσθαι,

182 1386 635 1457 πεφιλοσόφηται.
696 1383 923 1455 Πρῶτον
966 1382 1023 1435 δὲ
1044 1381 1154 1435 τῶν
1199 1380 1485 1444 Πλάτωνος
1536 1377 1769 1433 ἀκοῦσαι

180 1476 355 1544 ἄξιον,
385 1472 483 1530 εἶθ’
511 1475 655 1529 οὕτω
680 1476 775 1529 κα)⁸
809 1473 878 1528 τὰ
902 1473 1167 1545 Ἐϐραίων
1191 1473 1580 1543 ὲπισκοπῆσαι.
1607 1472 1770 1542 Θήσω

178 1567 238 1620 δὲ
288 1567 359 1622 τὰ
402 1568 702 1637 ἀρέσκοντα
741 1566 987 1620 Πλάτωνι
1035 1566 1145 1620 ἀπὸ
1179 1565 1289 1619 τῶν
1316 1564 1389 1618 τὰ
1435 1562 1598 1618 αὐτοῦ
1633 1580 1768 1636 πρε-

181 1658 508 1725 σϐευόντων,
534 1654 609 1714 ὧν
647 1660 912 1726 Ἀττικὸς,
942 1659 1204 1731 διαφανὴς
1233 1659 1372 1731 ἀνὴρ
1405 1656 1514 1711 τῶν
1548 1657 1770 1710 Πλατω-

178 1750 351 1807 νικῶν
382 1751 707 1823 φιλοσόφων,
723 1750 830 1805 ὧδέ
860 1770 938 1824 πη
963 1751 1032 1804 τὰ
1059 1750 1319 1804 δοκοῦντα
1342 1748 1421 1820 τῷ
1452 1748 1608 1821 ἀνδρὶ
1632 1747 1770 1813 διέξ-

177 1860 341 1907 εισιν,
370 1845 427 1898 ἐν
458 1838 540 1908 οἷς
569 1845 783 1898 ἵσταται
806 1844 941 1916 πρὸς
972 1846 1102 1909 τοὺς
1123 1844 1212 1898 διὰ
1230 1842 1338 1896 τῶν
1363 1840 1765 1914 Ἀριστοτέλους

175 1936 248 1990 τὰ
282 1935 565 1999 Πλάτωνος
589 1937 1077 2009 ὑπισχνουμένους.

1393 322 1718 380 ΡΒίΕΡΑΒ.
1759 321 2013 379 EVANG.
2069 320 2196 377 LIB.
2238 317 2330 378 XI.

1791 448 1840 505 Δ

2520 368 2533 385 .
3346 322 3451 380 846

2499 437 2731 493 CAPUT
2765 437 2807 493 Ι.

1871 550 2117 605 Platonis
2148 549 2555 620 philosophiam,
2595 551 2654 603 in
2682 552 2750 604 iis
2796 566 2913 620 qua:
2947 551 3186 606 omnium
3214 554 3439 610 maxime

1943 619 2239 675 necessaria
2261 619 2404 688 sunt,
2433 637 2556 675 cum
2580 621 2678 675 illa
2716 619 3059 676 Hebrazorum
3082 625 3375 679 convenire.

1940 736 2021 791 Ac
2048 736 2290 807 primum
2313 735 2558 806 quidem,
2584 749 2711 790 cum
2752 744 2866 791 tres
2896 737 2951 791 in
2990 746 3173 807 partes
3202 754 3233 792 a
3262 737 3447 794 Plato-

1870 843 1942 884 ne
1972 828 2229 883 universa
2272 827 2631 898 philosophiae
2678 828 2823 882 ratio
2856 828 3155 896 dividatur,
3184 830 3239 884 in
3291 841 3448 886 natu-
3551 850 3561 860 ·

1870 937 2013 987 ram,
2062 936 2270 986 mores,
2318 935 2384 975 ac
2409 920 2717 976 disserendi
2756 920 2909 974 vim:
2945 922 3139 979 deinde
3174 938 3302 994 pars
3352 923 3446 979 illa

1870 1031 2089 1082 rursus,
2113 1031 2235 1085 qua:
2261 1014 2327 1070 de
2348 1022 2544 1070 natura
2563 1014 2826 1084 disputat,
2858 1016 2913 1069 in
2939 1030 3152 1082 eorum,
3172 1032 3293 1086 qua:
3320 1032 3447 1071 sen-

1870 1107 2024 1163 sibus
2050 1115 2406 1178 usurpantur,
2431 1107 2809 1161 tractationem
2830 1116 2884 1161 et
2902 1116 3224 1163 naturarum
3244 1122 3446 1177 corpo-

1870 1200 1949 1256 ris
1988 1201 2292 1269 expertium
2330 1198 2745 1270 intelligentiam
2778 1199 2848 1253 ab
2880 1200 3069 1254 eodem
3123 1201 3397 1254 tribuatur
3426 1217 3443 1255 :

1870 1291 2013 1362 apud
2065 1289 2321 1346 Hebraeos
2369 1305 2590 1362 quoque
2622 1291 2963 1361 tripartit-um
3010 1290 3141 1345 illud
3182 1292 3446 1348 doctrinae

1871 1397 2043 1453 genus
2089 1381 2373 1452 reperias,
2427 1381 2577 1452 quod
2638 1383 2896 1436 nimirum
2948 1390 3243 1452 antequam
3288 1382 3446 1438 Plato

1870 1483 2213 1539 nasceretur,
2243 1471 2425 1528 afﬁnia
2463 1488 2693 1543 prorsus
2731 1488 2796 1528 ac
2830 1474 3048 1544 gemina
3089 1475 3443 1544 disputarint.

1869 1566 1949 1621 Ac
1988 1565 2271 1622 Platonem
2302 1566 2521 1637 quidem
2569 1566 2747 1637 ipsum
2795 1566 2852 1621 in
2886 1566 3080 1637 primis
3132 1567 3443 1635 audiamus,

1868 1657 2034 1730 509
2084 1667 2146 1713 ut
2194 1657 2458 1714 Hebraica
2512 1659 2770 1729 dogmata
2814 1659 3274 1729 contemplemur.
3329 1658 3445 1718 Nos

1873 1766 2004 1807 vero
2049 1749 2296 1806 Platonis
2316 1751 2498 1805 hocin
2528 1765 2726 1821 genere
2752 1752 3078 1806 sententiam
3097 1793 3112 1819 ,
3152 1768 3217 1807 ex
3251 1768 3445 1809 eorum

1870 1844 1966 1916 qui
1997 1844 2403 1900 studiosissime
2430 1844 2672 1898 hominis
2696 1842 2911 1900 decreta
2936 1844 3255 1910 defendunt,
3285 1862 3447 1902 erue~

1870 1953 2016 1993 mus.
2046 1935 2127 1992 Ex
2152 1938 2219 1993 iis
2243 1946 2425 1994 autem
2444 1936 2681 2001 Atticus,
2705 1937 2790 1991 vir
2814 1936 3129 1994 Platonicos
3151 1939 3296 1994 inter
3318 1941 3410 2010 phi
3426 1970 3443 1981 -

176 2026 441 2098 losophos
494 2029 873 2094 clarissimus,
945 2031 1092 2085 hunc
1140 2028 1194 2083 in
1229 2027 1452 2084 modum
1492 2035 1727 2082 mentem
1771 2027 1946 2098 ipsius
1993 2031 2412 2102 doctrinamque
2444 2029 2822 2101 prosequitur,
2874 2031 2968 2086 ubi
3016 2032 3282 2089 adversus
3327 2034 3448 2089 illos

176 2125 442 2197 disputat,
466 2126 563 2199 qui
585 2127 893 2185 Aristotelis
924 2127 1171 2184 doctrina
1203 2125 1446 2181 Platonis
1478 2139 1599 2181 sese
1630 2125 2036 2199 philosophiam
2058 2129 2196 2185 tueri
2226 2129 2574 2200 proﬁtentur.

720 2217 1119 2271 ΚΕΦΑΛΑΙΟΝ
1150 2216 1226 2271 B'.

182 2307 461 2363 Ἀττικοῦ
491 2308 633 2377 Περὶ
666 2307 774 2363 τοῦ
806 2309 1117 2378 τριμεροῦς
1146 2308 1255 2377 τῆς
1286 2310 1438 2365 κατὰ
1474 2304 1764 2361 Πλάτωνα

788 2381 1172 2449 φιλοσοφίας.

256 2510 278 2543 ι
316 2492 487 2564 Τριχῆ
516 2491 696 2545 τοίνυν
732 2490 1113 2562 διαιρουμένης
1146 2493 1245 2563 τῆς
1275 2493 1521 2559 ἐντελοῦς
1546 2495 1759 2566 φιλοσο-

172 2580 331 2649 φίας,
364 2580 445 2642 είς
478 2596 539 2631 τε
577 2580 670 2632 τὸν
702 2579 891 2650 ἠθικὸν
921 2579 1253 2652 καλούμενον
1276 2585 1497 2654 τρόπον,
1532 2588 1628 2639 καὶ
1667 2587 1759 2641 τὸν

172 2670 430 2739 φυσικὸν,
459 2672 551 2724 καὶ
597 2671 675 2724 ἔτι
717 2671 810 2725 τὸν
857 2671 1072 2742 λογικόν
1092 2690 1107 2705 ο
1142 2676 1237 2729 καλ⁹
1275 2676 1368 2730 τοῦ
1400 2679 1499 2749 μὲν
1544 2678 1759 2752 πρώτου

170 2762 685 2827 κατασκευάζοντος
736 2762 893 2834 ἡμῶν
924 2764 1154 2819 ἕκαστον
1198 2767 1363 2822 καλὸν
1405 2770 1500 2822 καὶ
1533 2771 1757 2840 ἀγαθὸν,

171 2852 275 2906 καὶ
304 2854 432 2917 τοὺς
466 2853 648 2919 οἴκους
675 2855 830 2919 ὅλους
857 2856 938 2919 είς
964 2857 1026 2910 τὸ
1059 2858 1278 2930 ἄριστον
1310 2861 1760 2933 ὲπανορθοῦντος,

168 2945 280 3016 ἤδη
309 2945 367 2999 δὲ
400 2948 494 3000 καὶ
513 2947 685 3018 δῆμον
712 2948 1002 3020 σύμπαντα
1037 2951 1282 3025 πολιτείᾳ
1310 2957 1376 3027 τῇ
1404 2955 1757 3031 διαφερούσῃ,

169 3038 274 3090 καὶ
311 3039 500 3109 νόμοις
530 3043 642 3104 τοῖς
669 3040 1084 3123 ἀκριϐεστάτοις
1110 3045 1473 3116 κοσμοῦντοςο
1504 3049 1599 3103 τοῦ
1636 3050 1760 3104 δευ-

2501 2220 2731 2277 CAPUT
2759 2219 2820 2277 ll.

1973 2311 2055 2367 De
2080 2313 2355 2383 tripartito
2381 2312 2626 2369 Platonis
2656 2314 3015 2385 philosophia,
3039 2329 3107 2368 ea:
3138 2315 3343 2369 Attico.

1942 2510 1964 2544 ι
2001 2492 2138 2547 Cum
2157 2494 2345 2565 igitur,
2378 2495 2576 2566 inquit,
2608 2506 2722 2551 tres
2754 2495 2808 2551 in
2836 2505 3022 2566 partes
3039 2495 3248 2567 integra
3271 2494 3448 2566 perfe-

1865 2591 2060 2655 ctaque
2107 2586 2447 2656 philosophia
2498 2586 2790 2653 dividatur,
2842 2587 2947 2641 hoc
2989 2594 3073 2640 est
3111 2584 3166 2639 in
3208 2601 3449 2654 morum,

1866 2686 2098 2745 natura,
2144 2679 2558 2749 disserendique
2586 2679 2928 2744 doctrinam;
2971 2693 3205 2748 quarum
3264 2678 3442 2748 prima

1867 2769 1960 2825 illa
1986 2785 2096 2824 non
2130 2770 2376 2842 singulos
2415 2772 2580 2826 modo
2615 2778 2860 2826 nostrum
2914 2770 3089 2825 bonos
3139 2784 3204 2823 ac
3242 2770 3447 2838 probos

1868 2861 2085 2928 alliciat,
2109 2877 2300 2918 verum
2331 2863 2496 2918 etiam
2547 2861 2782 2918 familias
2833 2862 3073 2932 integras
3097 2860 3165 2914 ad
3201 2860 3445 2916 castissi-

1866 2969 2013 3009 mam
2035 2954 2158 3010 vitae
2179 2955 2441 3009 rationem
2470 2954 2746 3013 informet,
2766 2953 3011 3022 adeoque
3038 2952 3297 3023 populum
3324 2952 3444 3005 uni-

1864 3058 2085 3100 versum
2117 3045 2403 3101 excellenti
2437 3046 2670 3115 quodam
2702 3045 3015 3114 reipublicae
3037 3057 3255 3114 genere,
3287 3052 3341 3098 et
3362 3057 3449 3097 ae-

169 3129 338 3202 τέρου
362 3131 421 3184 δὲ
446 3131 584 3203 πρὸς
611 3131 711 3203 τὴν
736 3134 863 3203 περὶ
890 3133 998 3188 τῶν
1041 3134 1202 3190 θείων
1243 3138 1444 3206 γνῶσιν
1464 3140 1758 3212 διήκοντος,

1869 3135 2234 3191 euratissimis
2252 3137 2462 3207 legibus
2490 3136 2772 3203 instituat;
2824 3137 3063 3191 secunda
3092 3150 3221 3190 vero
3258 3136 3325 3191 ad
3354 3151 3444 3190 re-

169 3221 360 3276 αὐτῶν
414 3240 474 3276 τε
521 3223 629 3278 τῶν
686 3224 938 3296 πρώτων,
985 3228 1080 3282 καὶ
1123 3228 1232 3283 τῶν
1272 3231 1483 3298 αἰτίων,
1517 3232 1611 3286 καὶ
1660 3235 1767 3289 τῶν

168 3315 374 3382 ἄλλων,
403 3317 503 3369 ὅσα
554 3318 618 3369 ὲκ
664 3316 868 3371 τούτων
913 3319 1142 3388 γίνεται,
1195 3321 1232 3376 ἃ
1278 3322 1341 3393 δὴ
1376 3324 1505 3397 περὶ
1553 3325 1768 3394 φύσεως

171 3408 424 3480 ἱστορίαν
454 3409 483 3460 ό
517 3409 743 3462 Πλάτων
783 3410 1098 3481 ὠνόμακεν·
1135 3415 1214 3477 είς
1241 3414 1299 3467 δὲ
1325 3415 1427 3486 τὴν
1473 3417 1602 3488 περὶ
1643 3418 1767 3472 τού-

166 3516 285 3554 των
313 3499 640 3572 ἀμφοτέρων
690 3501 961 3574 διάκρισιν
989 3520 1049 3556 τε
1077 3506 1172 3558 καὶ
1213 3504 1432 3575 εὕρεσιν
1460 3507 1554 3561 τοῦ
1581 3510 1765 3579 τρίτου

168 3591 778 3663 τταραλαμόανομένουο
830 3595 913 3648 ὅτι
969 3596 1067 3666 μὲν
1109 3597 1333 3651 Πλάτων
1386 3599 1624 3671 πρῶτος,
1674 3604 1767 3656 καὶ

174 3682 421 3753 μάλιστα
459 3684 785 3753 συναγείρας
816 3688 895 3750 εἰς
926 3685 985 3741 ἓν
1015 3687 1195 3742 πάντα
1227 3688 1296 3742 τὰ
1321 3689 1420 3761 τῆς
1450 3691 1766 3761 φιλοσοφίας

170 3781 344 3852 μέρη,
372 3781 510 3846 τέως
538 3783 911 3854 ὲσκεδασμένα
945 3784 1039 3837 καὶ
1066 3783 1447 3857 διερριμμένα,
1484 3787 1673 3859 ὥσπερ
1698 3789 1766 3842 τὰ

167 3872 269 3926 τοῦ
312 3873 561 3938 Πενθέως
598 3875 753 3946 μέλη,
780 3875 1032 3949 καθάπερ
1064 3872 1184 3930 εἶπέ
1209 3895 1313 3941 τις,
1350 3878 1547 3949 σῶμάα
1576 3897 1635 3934 τε
1671 3880 1764 3933 καὶ

169 3966 314 4031 ζῶον
335 3966 628 4039 ὁλόκληρον
661 3969 905 4041 ἀπέφηνε
945 3971 1043 4041 τὴν
1065 3971 1404 4040 φιλοσοφίαν,
1433 3971 1568 4042 δῆλα
1602 3973 1763 4025 παντὶ

165 4057 464 4129 λεγόμενα.
490 4059 627 4113 Οὔτε
655 4060 764 4132 γὰρ
794 4065 842 4115 oi
874 4063 1001 4133 περὶ
1022 4061 1226 4132 Θαλῆν,
1253 4062 1345 4115 καὶ
1383 4061 1760 4133 Ἀναξιμένην,

169 4153 270 4207 καὶ
311 4153 698 4225 Ἀναξαγόραν,
747 4154 841 4206 καὶ
891 4155 1004 4207 ὅσοι
1054 4153 1197 4207 κατὰ
1254 4154 1450 4207 ταυτὸν
1506 4155 1762 4223 γεγόνασι

168 4244 408 4309 τούτοις,
438 4244 759 4314 ἀγνοοῦνται
789 4246 915 4317 περὶ
945 4246 1110 4317 μόνην
1142 4246 1240 4317 τὴν
1268 4246 1409 4318 ὑπὲρ
1427 4246 1528 4316 τῆς
1548 4246 1762 4315 φύσεως

166 4336 286 4392 τῶν
320 4337 490 4392 όντων
531 4336 722 4408 σκέψιν
769 4337 1181 4409 διατρίψαντες·
1217 4337 1279 4390 οὐ
1327 4337 1433 4407 μὴν
1466 4336 1587 4389 οὐδὲ
1632 4336 1763 4388 Πιτ-

164 4429 360 4493 τακὸς,
411 4429 506 4481 καὶ
540 4429 886 4499 Περίανδρος,
919 4427 1013 4481 καὶ
1054 4427 1257 4494 Σόλων,
1283 4427 1377 4481 καὶ
1422 4425 1757 4498 Λυκοῦργος,

1871 3240 1995 3280 rum
2024 3225 2335 3281 divinarum
2360 3227 2736 3297 cognitionem
2766 3226 2837 3280 ita
2861 3224 3147 3295 pertineat,
3169 3225 3247 3279 uti
3278 3224 3445 3281 simul

1870 3325 1925 3372 et
1952 3317 2229 3388 principes
2248 3318 2371 3375 illas
2404 3333 2711 3388 causasque
2744 3327 3089 3383 ceterarum,
3116 3332 3348 3387 quaeque
3374 3333 3443 3373 ex

1869 3410 1977 3464 illis
2005 3410 2161 3476 ﬂunt,
2192 3410 2432 3481 reliquas
2463 3425 2656 3465 omnes
2707 3410 3126 3479 contempletur,
3159 3422 3324 3483 quam
3349 3424 3446 3464 na-

1868 3506 2006 3555 tura:
2056 3500 2340 3555 historiam
2387 3498 2543 3556 Plato
2590 3500 2964 3570 nuncupavit;
2999 3499 3155 3555 tertia
3208 3497 3446 3570 denique

1868 3594 1936 3648 ad
1964 3594 2251 3648 certiorem
2283 3594 2582 3664 superioris
2610 3595 2898 3663 utriusque
2950 3591 3347 3648 diseussionem
3390 3602 3446 3648 et

1869 3684 2234 3739 inventionem
2282 3695 2636 3741 assumatur:
2694 3684 2974 3739 Platonem
3008 3684 3306 3750 exstitisse,
3347 3685 3443 3755 qui

1866 3783 2050 3844 partes
2098 3775 2220 3830 illas
2266 3791 2460 3831 omnes
2502 3776 2864 3846 philosophiae
2898 3777 3190 3849 dissipatas
3215 3787 3444 3836 eatenus

1866 3876 2032 3936 atque
2089 3866 2368 3936 disjectas,
2394 3867 2483 3922 sic
2513 3876 2772 3937 tanquam
2803 3866 3027 3923 Penthei
3060 3870 3304 3925 membra
3326 3912 3342 3938 ,
3383 3880 3446 3928 ut

1866 3972 2140 4012 nonnemo
2169 3959 2325 4023 dixit,
2358 3958 2569 4028 primus
2595 3960 2739 4014 idem
2799 3961 3147 4030 maximeque
3205 3962 3444 4033 comple-

1865 4066 1990 4116 xus,
2029 4050 2427 4120 philosophiam
2458 4052 2512 4105 in
2550 4054 2712 4108 unius
2743 4053 3025 4123 cujusdam
3058 4055 3323 4125 corporis,
3359 4063 3445 4111 at~

1863 4158 1974 4213 que
2026 4144 2219 4215 integri
2247 4144 2542 4200 animantis
2586 4145 2827 4215 speciem
2850 4145 3171 4202 conﬂavcrit
3189 4186 3205 4211 ,
3231 4149 3300 4203 ab
3322 4163 3443 4204 om-

1864 4237 2028 4293 nibus
2084 4237 2370 4307 praadicari
2424 4246 2666 4293 constat.
2722 4236 2937 4294 Nemini
2968 4241 3167 4311 quippe
3209 4241 3440 4296 dubium

1864 4337 1949 4383 est
2001 4329 2134 4400 quin
2189 4327 2408 4395 Thales,
2479 4329 2880 4396 Anaximenes,
2930 4330 3331 4402 Anaxagoras,
3385 4340 3442 4387 et

1864 4428 2137 4490 quotquot
2170 4430 2428 4490 praeterea
2459 4421 2562 4476 sub
2594 4420 2738 4475 idem
2765 4421 2945 4476 vixere
2973 4430 3205 4493 tempus,
3242 4424 3297 4477 in
3322 4424 3439 4478 sola

167 4521 269 4575 καὶ
305 4521 357 4573 oi
400 4518 776 4591 παραπλήσιοι
811 4518 1045 4583 τούτοις,
1094 4517 1420 4572 λανθάνουσί
1467 4535 1618 4581 τινας
1661 4518 1758 4589 τὴν

1869 4510 2070 4567 fuerint
2122 4519 2330 4567 natura;
2368 4526 2552 4566 rerum
2593 4511 3030 4567 consideratione
3072 4514 3298 4568 versati.
3327 4512 3443 4568 Pit—

170 4611 356 4666 αὐτῶν
398 4610 714 4680 φιλοσοφίαν
753 4610 834 4674 είς
866 4609 1139 4663 πολιτείαν
1176 4609 1503 4673 καταθέντες
1524 4626 1536 4638 ·
1573 4610 1760 4680 Ζήνων

166 4703 252 4769 δὲ,
286 4703 384 4758 καὶ
410 4705 518 4757 πᾶν
553 4703 616 4755 τὸ
658 4702 965 4757 Ἐλεατικὸν
1014 4702 1173 4755 τοῦτο
1226 4700 1615 4764 διδασκαλεῖον,
1665 4700 1760 4754 καὶ

172 4799 310 4852 αὐτὸ
332 4797 609 4869 γνώριμον
631 4798 723 4850 ἐπὶ
744 4800 809 4869 τῇ
833 4797 997 4871 τέχνῃ
1010 4798 1119 4851 τῶν
1139 4797 1311 4866 λόγων
1330 4796 1564 4869 μάλιστα
1591 4814 1758 4850 σπου-

170 4890 366 4944 διῖισαν⁴
401 4888 623 4952 Τούτοις
666 4888 725 4941 δὲ
777 4889 1159 4959 ἐπιγενόμενος
1212 4888 1458 4953 Πλάτων,
1506 4889 1647 4961 ἀνὴρ
1694 4889 1759 4941 ὲκ

170 4980 392 5049 φύσεως
419 4978 723 5052 ἀρτιτελὴς,
743 4979 836 5032 καὶ
868 4976 1001 5033 πολὺ
1026 4978 1336 5048 διενεγκὼν,
1352 4974 1439 5033 οἷα
1471 4980 1681 5033 κατάπε
1690 4997 1758 5050 μ-

167 5084 329 5130 πτος,
354 5066 430 5130 ὡς
460 5066 691 5138 άληθῶς,
718 5070 781 5121 ὲκ
831 5065 989 5131 θεῶν,
1029 5068 1095 5121 ἵν’
1120 5067 1413 5139 ὁλόκληρος
1446 5067 1584 5139 ὀφθῇ
1626 5071 1658 5140 ἡ
1691 5069 1760 5122 δι’

166 5155 342 5211 αὐτοῦ
375 5157 488 5227 (21)
533 5158 838 5227 φιλοσοφία,
874 5159 1090 5232 παρῆκέ
1123 5178 1185 5213 τε
1218 5160 1393 5224 οὐδὲν,
1428 5161 1522 5214 καὶ
1550 5161 1758 5214 ἕκαστα

166 5250 472 5320 ἠκρίϐωσε,
489 5253 623 5322 μήτε
638 5251 901 5306 ἐλλείπων
917 5253 1055 5324 πρὸς
1065 5252 1125 5305 τὸ
1136 5254 1451 5320 ἀναγκαῖον,
1470 5253 1606 5322 μήτε
1624 5253 1759 5323 πρὸς

163 5342 234 5394 τὸ
256 5342 529 5413 ἄχρηστον
553 5344 870 5415 ὲξενεχθείς.
913 5344 1064 5398 Ἐπεὶ
1094 5343 1275 5398 τοίνυν
1305 5344 1525 5398 πάντων
1549 5343 1759 5415 ἔφαμεν

174 5437 420 5505 μετεῖναι
442 5435 520 5506 τῷ
544 5436 896 5507 Πλατωνικῷ,
925 5437 1020 5491 κει)⁸
1050 5437 1479 5507 φυσιολογοῦντι,
1503 5438 1599 5492 καὶ
1631 5439 1759 5510 περὶ

166 5524 323 5595 ἠθῶν
357 5525 587 5596 λέγοντι,
613 5529 708 5582 καὶ⁵
742 5527 1128 5600 διαλεγομένῳ,
1156 5528 1310 5599 φέρε,
1350 5528 1473 5582 καθ’
1528 5530 1761 5584 ἕκαστον

165 5618 618 5691 ἐπισκεψώμεθα.
664 5641 682 5675 ι
708 5621 893 5676 Ταῦτα
929 5623 1027 5694 μὲν
1051 5624 1080 5676 ὁ
1121 5621 1387 5686 Ἀττικός.
1418 5623 1762 5693 Ἐπιμαρτυκ

247 5742 274 5771 ι
304 5732 389 5789 ἷσ.
425 5751 498 5789 τι.

247 5844 361 5919 (21)
397 5847 458 5903 Ἡ
493 5846 570 5903 δι’
598 5847 804 5906 αὐτοῦ.
832 5847 1016 5906 Malim
1044 5849 1237 5906 abesse
1263 5847 1557 5905 articulum
1584 5849 1643 5917 ἡ.
1684 5834 1691 5843 ’

1865 4611 2020 4659 tacus
2051 4614 2259 4671 autem,
2279 4603 2594 4669 Periander,
2620 4602 2808 4667 Solon,
2836 4603 3139 4674 Lycurgus,
3165 4621 3229 4661 ac
3259 4605 3439 4661 caeteri

1861 4696 1918 4751 id
1943 4710 2137 4766 genus,
2163 4711 2320 4752 suam
2358 4711 2577 4752 omnem
2604 4697 3004 4768 philosophiam
3044 4698 3097 4751 in
3128 4698 3440 4767 reipublicae

1862 4802 2054 4843 curam
2097 4803 2163 4844 ac
2200 4789 2441 4845 studium
2477 4797 2662 4858 aperte
2690 4789 3062 4845 contulerunt.
3093 4789 3242 4858 Zeno
3278 4791 3437 4845 deni-

1862 4897 1972 4953 que
2024 4890 2079 4937 et
2141 4881 2234 4936 illa
2285 4881 2467 4938 omnis
2519 4880 2766 4937 Eleatica
2829 4882 3038 4945 schola,
3089 4883 3221 4952 quin
3260 4884 3437 4953 potis-

1862 4974 2066 5030 simum
2144 4975 2200 5029 in
2245 4974 2547 5031 disserendi
2614 4984 2786 5031 artem
2846 4975 3201 5042 incubuerit,
3274 4991 3438 5029 nemo

1860 5068 2025 5123 etiam
2054 5076 2157 5135 est,
2185 5069 2279 5139 qui
2326 5068 2554 5123 neseiat.
2584 5068 2654 5121 At
2699 5082 2830 5123 vero
2866 5068 2951 5123 his
2983 5068 3239 5123 omnibus
3281 5066 3438 5122 Plato

1860 5162 2186 5228 succedens,
2220 5163 2307 5217 vir
2337 5176 2368 5215 a
2395 5170 2590 5216 natura
2625 5160 2788 5232 510
2810 5161 3063 5231 partibus
3090 5160 3351 5216 omnibus
3370 5175 3436 5215 ac

1863 5253 2111 5308 numeris
2132 5253 2435 5318 absolutus,
2459 5253 2725 5324 longeque
2754 5253 2965 5308 caeteris
2981 5252 3330 5318 antecellens,
3352 5260 3439 5306 ut-

1860 5352 1988 5416 pote
2021 5348 2245 5402 deorum
2300 5348 2461 5417 plane
2508 5362 2734 5402 munere
2767 5347 3022 5415 donoque
3062 5345 3288 5409 missus,
3339 5359 3453 5413 per-

1861 5454 2024 5510 quem
2061 5439 2269 5511 integra
2300 5439 2517 5494 tandem
2559 5437 2850 5507 aliquando
2880 5435 3226 5506 philosophia
3249 5450 3454 5490 cerneo.

1858 5540 2033 5597 retur,
2065 5538 2120 5585 et
2141 5530 2406 5600 praeteriit
2434 5529 2659 5584 omnino
2687 5528 2845 5587 nihil.
2868 5538 2923 5583 et
2946 5527 3159 5598 singula
3174 5540 3344 5584 suam
3368 5525 3437 5580 ad

1860 5624 2227 5682 maturitatem
2261 5624 2335 5680 ita
2360 5623 2635 5695 perduxit,
2665 5637 2725 5678 ut
2745 5636 2923 5697 neque
2953 5620 3248 5677 necessarii
3284 5617 3444 5691 quid-
