3826 6232
414 265 518 324 847

1076 266 1341 324 EUSEBII
1375 263 1852 324 CESARIENSIS
1889 262 2039 318 OPP.
2080 261 2267 318 PARS
2305 262 2370 318 11.
2411 292 2480 304 -—-
2519 262 3023 321 APOLOGETICA.
3571 265 3662 320 8.13

415 399 580 454 quant
614 381 937 446 desiderari,
969 397 1146 451 neque
1174 379 1348 452 abripi
1375 397 1496 437 sese
1521 381 1587 436 ad
1622 381 1807 436 inania
1834 390 1977 451 pate-

2096 383 2175 450 ρεί
2197 381 2254 434 δὲ
2284 383 2398 444 τοῖς
2422 381 2607 445 αὐτοῖς
2650 382 2744 435 καὶ
2776 383 2804 434 ό
2832 381 3273 454 Περιπατητικὸς
3297 382 3658 455 Ἀριστοκλῆς,

410 490 578 532 retur.
613 477 881 546 Quoniam
900 475 1062 545 igitur
1085 473 1350 528 Platonici
1369 473 1678 544 philosophi
1701 473 1982 543 propriam

410 567 553 624 hanc
582 571 746 623 trium
777 567 994 622 illorum
1010 565 1454 634 conjunctionem
1480 581 1604 620 esse
1617 565 1988 629 defendimus,

2091 475 2149 526 ἐν
2173 473 2387 544 ἑϐδόμῳ
2401 469 2904 546 συγγράμματι,ὧν
2922 475 3059 544 Περὶ
3087 476 3491 546 φυσιολογίας
3525 475 3663 528 συνέ-

2088 564 2270 631 ταξεν,
2312 559 2416 621 ὦδε
2448 565 2623 634 λέγων
2662 566 2800 638 πρὸς
2831 566 3005 638 ῥῆμα.

409 661 486 714 uti
515 660 581 714 de
609 673 791 714 rerum
821 666 1017 712 natura
1043 656 1303 726 disputet,
1338 657 1410 711 de
1462 671 1679 711 morum
1743 655 2179 712 conformatione
2212 666 2428 716 tractet.
2453 673 2519 712 ac
2550 659 2712 714 simul
2765 660 2821 713 in
2862 658 3171 716 disserendi
3203 659 3463 716 facultate
3493 673 3664 713 versa-

410 766 502 812 tus
525 756 620 819 sit,
656 769 775 824 age,
813 752 1145 823 singulapcr
1176 767 1297 808 sese
1346 752 1655 809 videamus.
1712 770 1732 803 ι
1761 750 1888 807 Hac
1951 751 2184 808 Atticus.
2237 753 2318 808 Ad
2369 769 2492 824 qua:
2557 753 2851 811 Aristoclis
2909 755 3255 827 Peripatetici
3301 755 3663 811 testimonium

405 849 635 916 accedit,
687 845 782 918 qui
827 846 969 901 libro
1001 845 1234 915 septimo
1261 859 1453 899 eorum
1486 860 1627 915 quos
1674 843 1750 898 De
1787 853 1984 898 natura
2023 845 2374 916 conscripsit,
2403 847 2683 919 conceptis
2715 847 2896 903 verbis
2923 848 2999 902 ita
3037 846 3303 919 loquitur.

1017 960 1247 1018 CAPUT
1282 960 1370 1015 Ill.

596 1057 674 1113 De
706 1055 992 1111 Platonica
1019 1053 1371 1124 philosophia,
1405 1069 1469 1108 ex
1508 1053 1784 1107 Aristocle.

479 1236 497 1269 ι
532 1216 709 1282 Plato,
741 1215 933 1286 "inquit
976 1213 1087 1278 ille,
1118 1227 1436 1284 germanum
1463 1208 1894 1280 perfectumque,
1935 1212 1984 1266 si

401 1310 696 1382 quisquam
731 1309 893 1370 alius,
923 1303 1342 1378 philOSOphandi
1371 1319 1544 1374 genus
1583 1302 1796 1356 habuit.
1839 1299 1976 1356 Nam

401 1403 647 1461 Thaletis
681 1412 983 1458 sectatores
1026 1401 1083 1456 in
1121 1409 1334 1456 natura:
1369 1395 1840 1468 disputationibus
1873 1395 1978 1449 toti

401 1509 559 1556 erant
594 1515 611 1553 :
649 1496 974 1569 Pythagorei
1004 1502 1258 1549 texerunt
1278 1501 1444 1561 atque
1471 1489 1821 1544 involverunt
1859 1502 1980 1542 om-

400 1594 531 1648 nia:
552 1589 926 1660 Xenophanes
957 1587 1188 1656 ejusque
1218 1582 1475 1653 discipuli
1506 1581 1623 1637 suis
1663 1580 1774 1636 illis
1809 1595 1976 1650 argu-

401 1692 714 1738 mentorum
784 1678 1269 1740 contentionibus,
1325 1673 1610 1744 vertiginis
1670 1671 1973 1742 plurimum

2629 963 3026 1017 ΚΕΦΑΛΑΙΟΝ
3075 964 3151 1018 Γ’.

2105 1047 2578 1126 Ἀριστοκλέους,
2600 1055 2738 1124 Περὶ
2765 1055 2883 1144 ’τῆς
2925 1056 3075 1113 κατὰ
3103 1055 3396 1112 Πλάτωνα
3430 1058 3668 1110 φιλοσο-

2798 1144 2962 1196 φίας.

2169 1238 2188 1271 ι
2215 1220 2606 1294 Ἐφιλοσόφησε
2627 1219 2683 1276 δὲ
2699 1221 2947 1284 Πλάτων,
2966 1223 3014 1273 εί
3032 1221 3126 1274 καί
3147 1238 3232 1284 τις
3257 1220 3415 1284 ἄλλος
3431 1220 3538 1274 τῶν
3556 1221 3666 1274 πώ-

2087 1327 2239 1376 ποτε,
2268 1313 2504 1384 γνησίως
2537 1314 2632 1366 καὶ
2679 1312 2920 1376 τελείως.
2950 1313 3012 1365 Οἱ
3049 1311 3148 1382 μὲν
3194 1312 3304 1383 γάρ
3351 1313 3460 1366 ἀπὸ
3493 1312 3664 1367 Θαλοῦ

2087 1405 2528 1475 φυσιολογοῦντες
2561 1405 2887 1460 διετέλεσαν·
2907 1406 2955 1458 οἱ
2995 1404 3050 1457 δὲ
3073 1406 3201 1476 περὶ
3226 1404 3548 1476 Πυθαγόραν
3566 1407 3666 1460 ἁπ-
3700 1402 3703 1404 ’

2089 1494 2395 1567 εκρύψαντο
2453 1496 2661 1550 πάντα’
2692 1493 3001 1567 Ξενοφάνης
3031 1494 3086 1548 δὲ
3120 1495 3280 1549 κοιὶοὶ
3315 1496 3410 1549 ἀπ’
3440 1497 3666 1561 ἐκείνου,

2084 1589 2212 1652 τοὺς
2253 1589 2562 1660 ἐριστικοὺς
2603 1589 2926 1660 κινήσαντες
2971 1586 3181 1656 λόγους,
3225 1587 3393 1639 πολὺν
3444 1589 3541 1658 μὲν
3587 1590 3670 1641 ἐν·

2083 1680 2272 1734 ἐϐαλον
2313 1679 2516 1748 ἴλιγγον
2558 1682 2670 1742 τοῖς
2717 1679 3044 1748 φιλοσόφοις,
3076 1678 3137 1730 οὐ
3173 1676 3277 1748 μὴν
3319 1677 3580 1748 ἐπόρισάν
3611 1679 3674 1745 γέ

401 1774 744 1846 philos0phis
790 1771 1112 1834 attulerunt,
1141 1769 1262 1838 opis
1295 1775 1479 1822 autem
1513 1765 1858 1834 subsidiique
1883 1763 1974 1818 ni-

2096 1787 2205 1824 ιινα
2239 1769 2512 1841 βοήθειαν.
2548 1771 2661 1840 Οὐχ
2712 1770 2913 1839 ἥκιστα
2964 1769 3022 1822 δὲ
3065 1767 3160 1822 καὶ
3198 1768 3514 1839 Σωκράτης,
3547 1769 3672 1822 αὐτὸ

403 1868 479 1921 hil
505 1886 518 1921 :
549 1865 806 1920 Socrates
827 1862 1086 1925 maxime,
1114 1861 1316 1931 ignem,
1350 1858 1496 1929 quod
1528 1858 1702 1921 aiunt,
1726 1857 1980 1928 quodque

400 1958 555 2012 Plato
585 1957 700 2026 ipse
728 1954 1036 2016 dictitabat,
1067 1951 1179 2020 igni
1206 1949 1433 2004 addidit.
1463 1948 1600 2003 Nam
1627 1947 1809 2002 indole
1851 1960 1980 2002 cum

401 2056 548 2102 esset
574 2045 901 2115 ingenioque
942 2040 1227 2112 singulari,
1263 2040 1509 2109 adeoque
1547 2038 1616 2093 de
1648 2053 1708 2093 re
1737 2038 1982 2108 qualibet

402 2139 761 2211 quaeStionem
791 2149 1009 2190 movere
1041 2133 1271 2188 solerter
1305 2131 1359 2186 in
1405 2130 1596 2202 primis
1634 2129 1980 2202 graviterque

402 2238 608 2304 posset,
662 2242 834 2284 nov-as
872 2227 986 2296 ipse
1036 2224 1104 2280 de
1144 2223 1392 2278 moribus
1419 2261 1434 2287 ,
1460 2221 1655 2292 ,deque
1698 2219 1978 2291 republica

401 2321 802 2393 disputationes
832 2317 1055 2382 invexit,
1093 2316 1203 2371 imo
1221 2317 1385 2371 etiam
1404 2315 1470 2370 de
1499 2314 1634 2370 ideis
1667 2329 1824 2385 agere
1856 2329 1979 2370 om-

402 2416 554 2470 nium
582 2413 792 2484 primus
819 2411 1054 2466 instituit
1087 2427 1100 2464 :
1135 2408 1387 2464 eumdem
1413 2420 1545 2461 vero
1569 2406 1719 2460 nullo
1742 2421 1852 2460 non
1878 2420 1977 2460 ex-

403 2508 572 2562 citato
625 2504 1012 2560 controversia:
1068 2515 1284 2571 genere,
1317 2499 1495 2569 deque
1529 2498 1786 2553 omnibus
1819 2500 1977 2568 qure-

403 2611 614 2657 reutem
667 2598 851 2652 adhuc
900 2607 1064 2666 atque
1097 2594 1438 2649 dubitantem
1475 2607 1624 2647 mors
1664 2589 1972 2659 occupavit.

403 2695 522 2750 Jam
550 2692 640 2748 alii
664 2706 804 2762 quas
830 2689 933 2744 sibi
959 2689 1191 2759 quisque
1215 2686 1510 2758 particulas
1524 2683 1897 2747 absciderant,
1921 2681 1976 2735 in

401 2790 470 2845 iis
503 2789 709 2843 haesere
742 2793 1002 2856 perpetuo
1020 2799 1045 2850 _:
1075 2792 1236 2853 atque
1258 2781 1328 2835 ita
1347 2778 1593 2835 nonnulli
1621 2776 1975 2841 medicinam,

400 2881 717 2948 disciplinas
747 2879 841 2933 alii
892 2875 1328 2939 mathematicas,
1363 2872 1632 2943 poeticam
1665 2870 1758 2924 alii
1805 2867 1978 2923 musi-

401 2989 634 3044 camque
671 2970 861 3028 sectati
885 2978 1031 3024 sunt.
1069 2966 1323 3036 Plerique
1343 2962 1648 3019 disserendi
1697 2961 1748 3014 vi
1798 2974 1863 3014 ac
1889 2958 1976 3014 fa-

402 3068 604 3123 cultate
635 3063 798 3134 capti,
827 3076 1062 3132 quorum
1082 3059 1190 3113 alii
1216 3071 1339 3112 sese
1360 3057 1628 3121 rhetores,
1660 3051 1974 3108 dialecticos

401 3158 492 3214 alii
515 3131 918 3225 nuncuparunt.
941 3151 1076 3205 Nam
1104 3150 1198 3220 qui
1233 3148 1444 3204 Socrati
1477 3159 1816 3211 successere,
1850 3159 1974 3200 cum
2005 3131 2048 3192 C

409 3247 737 3318 multiplices
792 3243 1084 3299 admodum
1139 3258 1203 3296 ac
1253 3239 1390 3294 varii
1434 3238 1607 3302 fuere,
1649 3245 1764 3290 tum
1811 3235 1974 3290 etiam

407 3339 760 3413 Opinionibus
803 3336 1036 3392 maxime
1068 3332 1349 3389 contrarii.
1391 3328 1529 3384 Nam
1581 3328 1674 3383 alii
1722 3326 1975 3398 cynicum

403 3432 793 3501 sordidumque
851 3429 977 3483 vita:
1027 3442 1218 3498 genus,
1275 3423 1600 3494 simplicem,
1633 3430 1689 3476 et
1726 3420 1798 3474 ab
1826 3419 1977 3474 omni

403 3522 836 3582 perturbationis
867 3535 1031 3576 sensu
1063 3531 1298 3572 vacuum
1333 3515 1579 3570 animum
1614 3531 1627 3567 :
1670 3512 1977 3581 voluptates

407 3616 499 3672 alii
525 3624 716 3672 contra
745 3591 1135 3684 praedicabant.
1158 3608 1223 3662 lli
1254 3622 1376 3663 sese
1416 3605 1600 3661 omnia
1636 3605 1777 3661 scire
1811 3603 1980 3672 jacta-

404 3712 554 3775 bant,
587 3707 664 3761 illi
690 3707 849 3776 plane
877 3703 1032 3758 nihil.
1061 3701 1293 3768 Quidam
1327 3700 1382 3754 in
1412 3699 1591 3754 media
1619 3698 1780 3753 turba
1811 3705 1978 3766 atque

401 3801 646 3857 omnium
670 3798 840 3854 oculis
866 3795 1217 3850 volvebantur
1232 3792 1416 3863 511,
1447 3807 1571 3847 cum
1603 3791 1788 3844 infima
1823 3790 1979 3860 plebe

405 3891 611 3948 assidui
639 3909 652 3944 :
692 3890 830 3944 alios
862 3887 1015 3943 adire
1052 3900 1236 3952 nemo,
1271 3898 1433 3938 nemo
1455 3883 1971 3952 alloquipotuisset.

408 3986 479 4040 At
531 3981 689 4037 Plato
741 3996 868 4036 cum
914 3994 1078 4034 uuam
1111 3977 1470 4048 eamdemque
1507 3973 1818 4032 divinarum
1852 3989 1977 4031 esse

404 4076 878 4143 humanarumque
904 4087 1086 4126 rerum
1113 4070 1396 4126 scientiam
1423 4069 1598 4140 probe
1627 4068 1972 4138 intelligeret,

403 4183 522 4222 eam
558 4166 767 4237 primus
798 4165 872 4219 ita
905 4162 1152 4233 digessit,
1186 4171 1248 4217 ut
1279 4169 1487 4232 partem
1516 4160 1663 4215 illius
1688 4175 1855 4215 unam
1881 4175 1977 4215 ex-

403 4259 668 4334 plicandae
692 4256 932 4312 universi
963 4264 1191 4322 naturae,
1221 4255 1446 4308 alteram
1481 4268 1667 4308 rerum
1705 4253 1977 4308 humana-

404 4366 524 4405 rum
551 4347 885 4413 tractationi,
917 4345 1323 4401 conformandae
1345 4342 1578 4397 orationi
1612 4343 1825 4398 tertiam
1850 4360 1979 4414 pos-

405 4453 746 4508 tremamque
801 4437 1088 4492 tribueret.
1145 4434 1436 4500 Caeterum,
1475 4433 1581 4488 nisi
1615 4434 1796 4489 divina
1847 4450 1974 4504 per-

404 4543 586 4605 specta
617 4532 768 4602 prius
789 4539 844 4585 et
871 4528 1086 4599 c0gnita
1110 4527 1432 4592 habeamus,
1454 4527 1726 4597 pervideri
1755 4542 1786 4582 a
1820 4528 1980 4585 nobis

408 4629 646 4681 humana
673 4640 782 4679 non
815 4637 977 4694 posse
1002 4621 1293 4677 statuebat.
1326 4619 1800 4686 Quemadmodum
1830 4620 1978 4675 enim

405 4719 625 4783 medici,
674 4717 751 4772 uti
781 4715 1031 4787 partibus
1059 4713 1391 4786 quibusdam
1424 4715 1771 4778 medeantur,
1801 4713 1859 4767 in
1890 4723 1976 4768 to-

403 4814 514 4868 tius
543 4819 669 4867 ante
693 4809 942 4879 corporis
971 4808 1312 4863 curationem
1344 4809 1691 4868 incumbunt,
1709 4807 1782 4862 ita
1815 4822 1979 4877 pror-

406 4921 524 4970 sus,
559 4905 653 4976 qui
677 4919 766 4958 res
795 4909 1018 4957 nostras
1044 4901 1246 4956 intueri
1267 4901 1418 4966 velit,
1451 4901 1692 4956 universi
1724 4908 1976 4954 naturam

401 4999 558 5069 prius
589 4997 640 5052 ei
675 4993 1117 5065 cognoscendam
1175 5009 1296 5050 esse
1325 5012 1338 5048 :
1370 5009 1493 5049 cum
1511 4993 1657 5048 illius
1680 5007 1804 5062 pars
1829 5005 1980 5062 quae-

403 5088 530 5142 dam
563 5085 727 5140 homo
763 5085 854 5148 sit,
881 5090 1046 5152 atque
1081 5096 1147 5136 ex
1180 5081 1340 5137 bonis
1366 5081 1604 5146 duobus,
1637 5095 1873 5150 quorum
1901 5078 1981 5132 al-

403 5187 589 5233 terum
611 5176 678 5230 ad
703 5190 824 5241 nos,
857 5175 924 5228 ad
959 5173 1278 5228 universum
1301 5173 1530 5226 alterum
1549 5171 1805 5242 pertinet,
1839 5184 1980 5239 pra:-

405 5268 624 5338 cipuum
652 5265 723 5320 sit
753 5264 996 5320 universi
1026 5264 1256 5330 bonum,
1285 5262 1432 5332 quod
1457 5263 1690 5318 alterum
1703 5261 1822 5332 ejus
1855 5276 1981 5317 cau-

404 5373 466 5413 sa
517 5364 848 5428 procreetur.
885 5354 1061 5425 Atque
1085 5354 1226 5410 hanc
1250 5353 1510 5409 Indorum
1550 5367 1671 5409 esse
1709 5352 1978 5407 rationem

403 5450 761 5505 Aristoxenus
787 5447 1032 5501 musicus
1059 5453 1290 5501 testatur
1326 5464 1340 5499 :
1373 5445 1595 5515 quippe,
1625 5460 1797 5499 unum
1821 5461 1885 5499 ex
1913 5459 1979 5498 ea

404 5541 622 5595 natione
644 5540 881 5608 aliquem
903 5538 1132 5594 Athenis
1155 5552 1514 5608 congressum
1549 5551 1672 5591 esse
1719 5551 1842 5591 cum
1872 5535 1977 5591 So-

407 5636 573 5694 crate,
599 5645 667 5684 ex
699 5645 874 5700 eoque
897 5631 1262 5695 sciscitatum,
1297 5629 1430 5701 quid
1464 5629 1734 5700 agendum
1759 5627 1865 5683 sibi
1896 5643 1982 5684 re-

477 5755 504 5784 ι
542 5741 589 5797 F
593 5761 620 5798 0
628 5753 704 5798 rte
721 5745 916 5799 ἐκεῖνο.

2081 1862 2146 1933 δὴ
2191 1861 2254 1914 τὸ
2292 1861 2606 1931 λεγόμενον,
2651 1863 2872 1929 ἐγένετο
2924 1857 3036 1930 πῦρ
3087 1859 3180 1912 ἐπὶ
3212 1860 3366 1929 πυρὶ,
3423 1859 3672 1930 xui)de

2081 1953 2244 2016 αὐτὸς
2276 1951 2380 2023 ἔφη
2418 1952 2662 2005 Πλάτων.
2695 1951 3081 2020 Εὺςρυέστατος
3118 1949 3228 2022 γὰρ
3252 1948 3349 2014 ῶν,
3386 1951 3482 2003 καὶ
3507 1950 3673 2013 δεινὸς

2080 2046 2355 2117 ἀπορῆσαι
2407 2046 2535 2116 περὶ
2580 2045 2784 2108 παντὸς
2823 2042 3065 2108 ὁτουοῦν,
3095 2043 3454 2115 ἐπεισήνεγκε
3481 2044 3581 2107 τάς
3612 2060 3672 2096 τε

2077 2137 2274 2208 ἠθικὰς
2327 2137 2420 2190 καὶ
2462 2136 2750 2199 πολιτικὰς
2785 2135 3028 2205 σκέψεις,
3057 2135 3136 2189 ἔτι
3169 2136 3227 2188 δὲ
3267 2135 3364 2207 τὴν
3395 2137 3524 2207 περὶ
3566 2135 3671 2190 τῶν

2083 2229 2235 2282 ίδεῶν
2266 2227 2481 2301 πρῶτος
2508 2231 2862 2300 ἐπιχειρήσας
2894 2227 3172 2299 ὁρίζεσθαι
3207 2245 3219 2257 ·
3251 2229 3426 2282 πάντα
3448 2228 3506 2281 δὲ
3533 2229 3673 2298 ἐγείο

2085 2338 2192 2392 ρων
2223 2320 2400 2389 λόγον,
2427 2321 2523 2374 κει)⁸
2549 2338 2615 2372 πε
2627 2320 2681 2391 ρ).
2708 2318 2924 2373 πάντων
2947 2317 3148 2390 ζητῶν,
3165 2318 3300 2390 ἔφθη
3322 2319 3668 2390 τελευτήσας.

2085 2412 2264 2466 Ἀλλοι
2302 2413 2347 2466 δ’
2390 2413 2789 2484 ἀποτεμόμενοι
2830 2412 2970 2484 μέρη
3019 2410 3164 2474 τινὰ,
3213 2413 3342 2482 περὶ
3387 2411 3563 2466 ταῦτα
3596 2413 3674 2466 δι-

2081 2503 2329 2576 έτριψαν,
2348 2506 2398 2558 οἱ
2417 2506 2515 2577 μὲν
2549 2503 2815 2576 ἰατρικὴν,
2850 2507 2899 2557 οἱ
2928 2505 2986 2558 δέ
3016 2503 3115 2567 τὰς
3139 2503 3525 2575 μαθηματικὰς
3550 2507 3672 2558 ἐπι-

2083 2598 2326 2668 στήμας·
2365 2596 2496 2651 ἔνιοι
2537 2597 2595 2651 δὲ
2635 2598 2764 2668 περὶ
2792 2597 2919 2660 τοὺς
2950 2596 3178 2667 ποιητὰς
3217 2597 3312 2649 καὶ
3343 2598 3440 2668 τὴν
3481 2615 3672 2668 μουσι-

2081 2689 2203 2759 κήν.
2237 2691 2300 2742 Οἱ
2333 2689 2516 2759 μέντοι
2540 2689 2725 2742 πολλοὶ
2749 2688 2848 2753 τὰς
2870 2688 2978 2742 τῶν
3013 2688 3187 2757 λόγων
3220 2689 3480 2760 δυνάμεις
3514 2689 3674 2745 eoae.

2085 2797 2284 2852 μασαν,
2315 2774 2389 2833 ὧν
2411 2781 2460 2834 οἱ
2493 2780 2590 2852 μὲν
2624 2780 2877 2852 ῥήτορας,
2919 2780 2969 2832 ot
3007 2779 3063 2832 δὲ
3093 2778 3471 2842 διαλεκτικοὺς
3501 2796 3672 2852 προσ-

2081 2875 2232 2926 εῖπον
2257 2872 2504 2936 ἑαυτούς.
2543 2873 2607 2926 Οἱ
2635 2873 2817 2942 μέντοι
2842 2872 3138 2944 Σωκράτην
3166 2870 3540 2942 διαδεξάμενοι
3579 2872 3673 2926 καὶ

2080 2969 2219 3022 πάνυ
2285 2967 2429 3030 τινὲς
2487 2967 2736 3036 ἐγένοντο
2790 2972 3054 3033 παντοῖοι,
3089 2969 3182 3022 καὶ
3223 2967 3535 3022 ὑπεναντίοι
3575 2969 3675 3030 τὰς

2079 3061 2326 3133 γνώμας.
2379 3063 2442 3114 Oi
2501 3062 2602 3132 μέν
2644 3061 2755 3133 γὰρ
2803 3064 3123 3134 κυνισμοὺς,
3153 3064 3248 3116 καὶ
3287 3064 3548 3132 ἀτυφίας,
3581 3064 3675 3117 καί

2080 3154 2349 3218 ἀπαθείας
2397 3154 2599 3226 ὕμνουν
2619 3173 2633 3187 '
2663 3155 2811 3210 ἄλλοι
2843 3156 2887 3210 δ’
2918 3152 2985 3211 αὖ
3019 3156 3184 3210 πάλιν
3230 3155 3446 3227 ἡδονάς.
3481 3158 3595 3210 Καὶ
3624 3157 3674 3209 οι

2083 3247 2181 3318 μὲν
2214 3247 2409 3300 εἰδέναι
2463 3247 2639 3302 πάντα
2677 3248 3011 3320 ἐκόμπαζον,
3047 3249 3096 3300 οἱ
3144 3248 3203 3300 δὲ
3245 3248 3436 3311 ἁπλῶς
3474 3249 3671 3321 μηθέν.

2084 3340 2204 3392 Ἔτι
2230 3339 2275 3392 δ’
2303 3341 2352 3392 οί
2389 3340 2487 3410 μὲν
2534 3342 2592 3393 ἐν
2639 3340 2788 3412 μέσῳ
2828 3341 2924 3394 καὶ
2954 3342 3010 3393 ἐν
3043 3339 3164 3409 ὄψει
3199 3339 3418 3394 πάντων
3455 3341 3671 3395 ἐκαλιν-

2077 3430 2284 3497 δοῦντο,
2310 3436 2422 3496 τοῖς
2456 3432 2668 3498 πολλοῖς
2700 3433 3099 3505 ἐξομιλοῦντεςο
3122 3433 3274 3487 ἄλλοι
3295 3433 3338 3487 δ’
3361 3428 3428 3487 αὖ
3451 3435 3676 3488 τούναν-

2079 3521 2192 3574 τίον
2246 3522 2532 3594 ἀπρόσιτοι
2585 3525 2680 3578 καὶ
2734 3525 3139 3597 ἀπροσαύδητοι
3182 3523 3453 3578 διετέλουν
3499 3526 3673 3588 ὄντες.

2081 3613 2305 3677 Πλάτων
2359 3617 2562 3686 μέντοι,
2599 3619 2961 3688 κατανοήσας,
3004 3618 3080 3681 ὡς
3129 3618 3213 3689 εἴη
3251 3618 3349 3688 μία
3381 3635 3468 3682 τις
3494 3621 3530 3689 ἠ
3559 3618 3668 3671 τῶν

2081 3704 2240 3761 θείων
2272 3709 2362 3762 καὶ
2395 3708 2750 3780 ἀνθρωπίνων
2792 3711 3095 3782 ἐπιστήμη,
3121 3711 3337 3780 πρῶτος
3365 3711 3558 3774 διεῖλε,
3585 3713 3679 3767 κεί

2080 3797 2182 3869 ἔφη
2209 3799 2308 3871 τὴν
2338 3800 2438 3871 μέν
2464 3817 2588 3855 τινα
2621 3802 2749 3874 περὶ
2780 3802 2878 3874 τῆς
2915 3801 3009 3855 τοῦ
3051 3802 3255 3865 παντὸς
3289 3801 3510 3870 φύσεως
3541 3800 3680 3858 εἶναι

2079 3889 2483 3960 πραγματείαν,
2516 3889 2614 3961 τὴν
2639 3889 2696 3943 δὲ
2719 3891 2846 3962 περὶ
2876 3890 2984 3944 τῶν
3005 3889 3384 3961 ἀνθρωπίνων,
3407 3893 3605 3963 τρίτην
3624 3893 3680 3947 ἃ

2078 3979 2174 4052 τὴν
2221 3980 2349 4052 περὶ
2376 3981 2502 4044 τοὺς
2534 3979 2745 4050 λόγους.
2791 3980 2972 4049 Ἥξίου
2998 3982 3054 4035 δέ
3080 3982 3154 4052 μὴ
3183 3980 3448 4034 δύνασθαι
3478 3982 3554 4036 τὰ
3587 3984 3680 4036 ἀν-

2081 4071 2327 4146 θρώπινα
2375 4072 2612 4127 κατιδεῖν
2673 4075 2840 4145 ἡμᾶς,
2893 4077 2942 4128 εἰ
3004 4075 3080 4146 μὴ
3126 4073 3195 4127 τά
3238 4074 3359 4127 θεῖα
3406 4074 3679 4146 πρότερον

2078 4167 2291 4238 ὀφθείη.
2328 4167 2597 4238 Καθάπερ
2636 4167 2746 4240 γάρ
2805 4170 2855 4221 οί
2911 4168 3106 4239 ἰατροὶ,
3163 4167 3302 4239 μέρη
3345 4168 3473 4221 τινὰ
3520 4169 3682 4241 θερα-

2080 4259 2354 4323 πεύοντες,
2386 4257 2769 4330 ἐπιμελοῦνται
2801 4259 2909 4313 τῶν
2955 4259 3092 4312 ὅλων
3127 4259 3397 4328 σωμάτων
3435 4256 3680 4331 πρῶτον,

2080 4352 2222 4406 οὕτω
2267 4353 2464 4424 χρῆναι
2510 4353 2605 4405 καὶ
2633 4352 2724 4405 τὸν
2759 4350 3022 4422 μέλλοντα
3052 4351 3282 4406 τάνθάδε
3315 4352 3680 4421 κατόψεσθαι,

2085 4445 2186 4517 τὴν
2217 4445 2326 4498 τῶν
2366 4444 2502 4498 ὅλων
2536 4443 2700 4514 φύσιν
2730 4443 2931 4498 εἰδέναι
2959 4445 3246 4516 πρότερον,
3281 4444 3450 4515 μέρος
3479 4461 3546 4510 τε
3573 4443 3682 4497 τῶν

2085 4538 2254 4592 ὄντων
2312 4537 2404 4591 τὸν
2467 4537 2752 4609 ἄνθρωπον
2773 4552 2786 4567 ⁸
2833 4537 2930 4590 καὶ
2978 4537 3214 4606 τάγαθὸν
3254 4536 3538 4599 διττὸν,τὸ
3582 4537 3680 4608 μὲν

2080 4632 2372 4703 ἡμέτερον,
2404 4631 2465 4684 τὸ
2514 4630 2572 4683 δὲ
2623 4628 2718 4682 τοῦ
2770 4629 2992 4694 παντὸς,
3028 4629 3360 4702 κυριώτερον
3397 4630 3458 4683 δὲ
3486 4630 3552 4683 τὸ
3584 4626 3679 4682 τοῦ

2082 4723 2284 4786 παντός
2305 4741 2317 4753 ν
2358 4721 2446 4775 διὰ
2490 4721 2599 4792 γὰρ
2636 4721 2891 4775 ἐκείνουει
2922 4723 3016 4774 καὶ
3046 4720 3206 4775 τοῦτο
3238 4721 3510 4789 γίνεσθαι.
3540 4720 3678 4790 Φησὶ

2079 4813 2125 4865 δ’
2159 4809 2523 4884 Ἀριστόξενος
2554 4814 2582 4866 ό
2609 4812 2867 4882 μουσικὸς
2893 4811 3068 4865 Ἰνδῶν
3093 4807 3232 4864 εἶναι
3254 4810 3345 4864 τὸν
3368 4810 3533 4880 λόγον
3557 4809 3679 4864 τοῦ-

2080 4921 2194 4957 τον.
2248 4903 2504 4975 Ἀθήνῃσι
2539 4903 2649 4976 γὰρ
2697 4904 2936 4974 ἐντυχεῖν
2981 4902 3260 4974 Σωκράτει
3305 4901 3417 4954 τῶν
3464 4899 3678 4973 ἀνδρῶν

2081 4995 2304 5048 ἐκείνων
2345 4994 2442 5048 ἕνα
2486 4994 2628 5060 τινὰ,
2677 4996 2915 5049 κᾶπειτα
2959 4993 3123 5047 αὐτοῦ
3182 4991 3578 5054 πυνθάνεσθαι,
3626 4987 3676 5043 τί

2082 5087 2252 5140 ποιῶν
2295 5087 2608 5159 φιλοσοφοίη
2630 5106 2643 5118 ο
2674 5087 2768 5141 τοῦ
2819 5087 2876 5140 δὲ
2917 5087 3184 5149 εἰπόντος,
3215 5086 3298 5138 ὅτι
3335 5083 3520 5154 ζητῶν
3549 5082 3677 5152 περὶ

2081 5179 2175 5232 τοῦ
2223 5179 2563 5251 ἀνθρωπίνου
2618 5179 2756 5250 βίου,
2801 5177 3171 5247 καταγελάσαι
3225 5177 3316 5230 τὸν
3363 5175 3550 5238 Ἰνδὸν,
3591 5172 3677 5224 λέ-

2083 5290 2248 5341 γοντα
2290 5274 2364 5344 μὴ
2411 5273 2670 5326 δύνασθαί
2723 5289 2848 5326 τινα
2902 5271 2972 5325 τὰ
3023 5267 3343 5339 ἀνθρώπινα
3410 5269 3673 5327 κατιδεῖν,

2083 5365 2383 5434 ἀγνοοῦντα
2419 5382 2482 5433 γε
2512 5365 2579 5418 τὰ
2610 5363 2927 5417 θεῖα,Τοῦτο
2959 5363 3056 5433 μὲν
3087 5357 3180 5415 οὖν
3206 5359 3476 5430 εἰάληθές
3503 5363 3673 5418 ἐστιν,

2083 5459 2183 5511 οὐκ
2212 5458 2276 5512 ἂν
2297 5458 2514 5512 δύναιτό
2543 5475 2629 5521 τις
2662 5456 3058 5526 διατεινόμενος
3085 5455 3288 5507 εἰπεῖν.
3307 5454 3488 5506 Διεῖλε
3508 5454 3552 5506 δ’
3583 5448 3677 5505 οὖν

2085 5548 2310 5602 Πλάτων
2354 5549 2450 5619 τήν
2503 5565 2564 5600 τε
2603 5548 2733 5618 περὶ
2768 5546 2878 5599 τῶν
2915 5545 3050 5598 ὅλων
3078 5543 3424 5612 φιλοσοφίαν,
3455 5545 3553 5598 καὶ
3579 5541 3675 5611 τὴν

2087 5639 2386 5698 πολιτικὴν.
2419 5639 2498 5694 ἔτι
2530 5639 2586 5693 δὲ
2615 5638 2712 5710 τὴν
2741 5638 2982 5709 λογικήν.
3021 5656 3038 5689 ι
3069 5636 3339 5706 Τοιαύτης
3372 5636 3546 5708 etiam;
3576 5632 3679 5704 τῆς
