3826 6232
211 326 318 384 839
1446 320 1771 379 ΡΒᾸΞΡΛΒ.

1890 322 2066 381 ΓΑΝΟ.
2089 321 2217 380 LIB.
2242 322 2340 379 Χῐ.
3362 321 3468 379 850

210 448 352 504 κατὰ
378 447 640 503 Πλάτωνα
670 447 984 518 φιλοσοφίας
1001 488 1017 513 ,
1048 447 1241 519 καιρὸς
1270 446 1364 501 καὶ⁸
1391 445 1490 518 τὴν
1530 444 1786 518 Ἐϐραίων

1897 462 2020 502 rum
2067 456 2244 514 esset,
2266 445 2347 503 uti
2373 443 2853 517 philosopharetur
2886 461 2900 499 :
2931 458 3043 515 quo
3084 443 3469 514 respondente,

206 539 628 609 ἐπισκέψασθαι,
660 538 856 611 μακρῷ
895 538 1133 611 πρόσθεν
1169 538 1204 610 ἢ
1248 536 1511 592 Πλάτωνα
1544 534 1786 605 γενέσθαι

1900 537 1969 593 de
1990 538 2246 596 humana
2266 538 2391 595 vitae
2418 537 2725 593 rationibus
2753 536 3108 607 quaerendum
3144 535 3247 607 ipsi
3281 542 3337 591 et
3373 549 3470 591 co-

205 629 298 685 τδν
344 629 529 702 ὅμοιον
580 631 1093 702 πεφιλοσοφηκότων
1138 632 1355 703 τρόπον.
1403 627 1599 701 Εὖροις
1628 628 1672 681 δ’
1700 623 1786 682 οὖν

1896 627 2180 698 gitandum
2219 642 2375 685 esse:
2423 636 2539 682 tum
2569 642 2699 683 vero
2734 626 2924 683 risisse
2951 625 3166 694 lndum,
3200 641 3325 683 cum
3370 639 3471 681 ne-

205 722 304 777 καὶ
347 726 477 795 παρ’
525 725 709 789 αὐτοῖς
730 725 830 796 τήν
874 741 933 777 τε
987 725 1278 794 σύμφωνον
1315 720 1415 794 τὴν
1448 719 1786 792 τριμέρειαν,

1897 730 2050 793 garet
2073 722 2311 777 humana
2344 735 2674 792 quemquam
2697 719 2980 791 pervidere
3013 735 3197 791 posse,
3218 720 3312 792 qui
3333 719 3475 775 divi-

205 813 417 885 ἠθικῶν
445 833 526 880 τε,
576 817 670 871 καὶ
710 816 967 886 λογικῶν,
998 816 1094 872 καὶ
1145 814 1392 886 φυσικῶν
1427 811 1786 886 μαθημάτων,

1897 828 2094 869 norum
2143 813 2484 884 ignoratione
2536 813 2826 869 laboraret.
2854 812 2913 868 Id
2962 827 3129 883 porro
3164 827 3350 868 verum
3378 812 3469 880 sit,

203 904 358 961 τόνδε
388 908 690 980 ἐπιστήσας
718 908 812 962 τὸν
835 908 1055 981 τρόπον.

1897 917 2091 966 necne,
2121 910 2183 971 ut
2228 902 2466 957 maxime
2492 902 2805 970 contendat,
2825 911 3066 958 statuere
3087 917 3249 958 nemo
3270 906 3470 972 potest.

206 998 416 1056 Interea
451 1000 603 1058 Plato
632 1003 1076 1073 philosophiam,
1126 1001 1181 1056 in
1230 1016 1376 1067 eam,
1435 1014 1559 1071 quae
1607 997 1677 1055 de
1728 996 1990 1053 universo
2042 997 2364 1067 disputaret,
2410 997 2466 1051 in
2520 996 2757 1063 civilem,
2810 1013 2877 1054 ac
2931 997 3239 1055 disserendi
3298 998 3474 1069 magi-

206 1099 382 1146 stram
422 1094 654 1162 partitus
686 1102 788 1150 est.
832 1113 851 1146 ι
885 1091 1023 1148 Cum
1059 1092 1228 1165 igitur
1257 1108 1321 1148 ea
1352 1090 1649 1147 Platonica:
1689 1087 2048 1161 philosophia:
2080 1089 2217 1144 ratio
2262 1088 2356 1156 sit,
2383 1096 2599 1159 tempus
2651 1097 2734 1144 est
2767 1097 2827 1144 ut
2858 1087 3207 1145 Hebraeorum
3255 1102 3474 1160 quoque

213 1182 621 1254 philosophiam
680 1186 1151 1256 contemplemur,
1203 1185 1297 1256 qui
1346 1182 1594 1256 profecto
1638 1182 1801 1251 longe
1838 1188 2133 1251 antequam
2168 1179 2324 1236 Plato
2353 1189 2696 1247 nasceretur,
2736 1182 3016 1253 persimile
3076 1181 3473 1254 philosophan-

207 1272 266 1328 di
326 1289 497 1345 genus
547 1276 880 1333 habuerunt.
932 1276 1228 1341 Enimvero
1285 1277 1616 1348 tripartitam
1657 1274 1801 1346 apud
1838 1288 1955 1339 eos,
2009 1290 2249 1345 cumque
2295 1274 2578 1332 Platonica
2629 1275 2724 1332 illa
2794 1285 3188 1346 congruentem
3223 1275 3471 1347 discipli-

205 1382 426 1435 narum,
452 1371 535 1426 vel
567 1372 634 1427 ad
665 1387 871 1441 mores,
905 1372 990 1429 vel
1020 1373 1088 1429 ad
1122 1375 1232 1429 vim
1266 1372 1595 1439 disserendi,
1647 1370 1755 1429 vel.
1778 1369 1846 1427 ad
1884 1379 2139 1427 naturam
2172 1371 2349 1443 ipsam
2395 1372 2786 1443 pertinentium
2833 1370 3473 1444 divisionemreperias,

204 1460 259 1517 si
285 1462 352 1518 de
385 1479 444 1520 re
475 1473 587 1521 tota
627 1468 772 1522 hunc
802 1467 858 1521 in
887 1467 1110 1523 modum
1136 1468 1381 1539 cogitare
1414 1467 1570 1524 velis.

741 1562 1140 1616 ΚΕΦΛΛΑΙΟΝ
1183 1563 1256 1618 Δ⁹.

310 1654 450 1725 Περὶ
475 1653 596 1708 τῶν
624 1653 762 1722 παρ’
800 1653 1084 1722 Ἑϐραίοις
1107 1652 1331 1723 ἠθικῶν
1353 1653 1693 1727 δογμάτων..

2506 1555 2737 1613 CAPUT
2768 1555 2861 1613 IV.

2128 1649 2204 1706 De
2237 1667 2444 1707 morum
2470 1652 2614 1722 apud
2651 1651 2903 1707 Hebrwos
2935 1649 3243 1722 disciplina.

274 1748 360 1801 Τά
418 1747 516 1818 μὲν
562 1740 657 1798 οὖν
697 1743 867 1814 ἠθικὰ
913 1743 1196 1817 πρώτιστα
1237 1746 1456 1800 πάντων
1496 1746 1786 1818 φιλοτίμως

1970 1742 2050 1799 Ac
2080 1758 2191 1812 prae
2213 1743 2425 1801 exteris
2440 1743 2660 1813 quidem
2688 1743 2945 1799 omnibus
2965 1783 2980 1809 ,
3011 1757 3073 1798 ea
3104 1759 3227 1814 qua:
3251 1756 3470 1800 morum

201 1836 617 1908 ἐσπουδασμένα
644 1836 774 1908 παρ’
806 1838 1011 1900 αὐτοῖς,
1030 1836 1214 1908 ἔργοις
1234 1836 1369 1892 πολὺ
1400 1838 1664 1911 πρότερον
1684 1839 1786 1894 τῶν

1897 1835 1964 1890 ad
1988 1834 2331 1906 disciplinam
2372 1838 2682 1906 pertinent,
2716 1850 2935 1891 summo
2984 1836 3223 1907 quodam
3261 1835 3331 1892 ah
3364 1836 3472 1894 illis

200 1933 399 2003 λόγων,
427 1930 618 2003 μάθοις
650 1930 716 1984 ἂν
748 1930 817 1985 τὰ
845 1930 985 1984 κατὰ
1013 1932 1138 1995 τοὺς
1162 1931 1363 2003 ἄνδρας
1395 1930 1795 2005 διασκοπούμε-

200 2043 314 2089 νος.
350 2024 505 2077 ‘Erzs‘t
537 2023 633 2087 καὶ
664 2022 815 2087 τέλος
865 2022 1088 2091 ἀγαθῶν
1135 2021 1230 2076 τοῦ
1275 2039 1335 2076 τε
1380 2024 1667 2096 μακαρίως
1693 2024 1793 2096 ζῇν

200 2115 436 2169 ὕστατον
478 2116 605 2187 ὅρον
650 2113 748 2186 τὴν
798 2114 1103 2180 εὐσέϐειαν,
1149 2116 1252 2187 τήν
1299 2132 1360 2168 τε
1406 2115 1495 2169 διὰ
1542 2117 1641 2187 τῆς
1681 2116 1792 2171 τῶν

196 2207 351 2280 ήθῶν
385 2206 775 2279 κατορθώσεως
804 2207 940 2280 πρὸς
984 2207 1077 2261 τὸν
1125 2207 1258 2262 Θεὸν
1296 2208 1478 2278 φιλίαν
1516 2209 1792 2282 ἡγάσαντό

197 2318 264 2354 τε
294 2301 387 2354 καὶ
427 2299 787 2372 μετεδίωξαν·
818 2300 933 2353 ἀλλ’
984 2300 1045 2353 οὐ
1096 2300 1366 2372 σωμάτων
1412 2300 1627 2373 ἡδονὴν,
1667 2302 1790 2356 κατ’

213 2390 575 2462 Ἐπίκουρον’
634 2391 743 2445 οὐδ’
803 2386 872 2444 αὖ
930 2390 1029 2462 τὴν
1075 2391 1381 2462 τριγένειαν
1406 2390 1516 2444 τῶν
1547 2392 1790 2461 ἀγαθῶν,

199 2483 328 2537 κατ’
370 2482 771 2554 Ἀριστοτέλην,
801 2482 866 2536 τὰ
917 2483 1047 2554 περὶ
1087 2482 1267 2553 σῶμα,
1299 2484 1392 2537 καὶ
1435 2482 1505 2537 τὰ
1547 2484 1702 2548 ἐκτὸς
1732 2486 1791 2538 ἐν

200 2570 308 2642 ἴσῳ
343 2575 455 2634 τοῖς
504 2572 603 2642 τῆς
645 2570 823 2642 ψυχῆς
866 2570 1090 2640 ἀγαθοῖς
1122 2572 1554 2644 ἐκτετιμηκόταο
1583 2573 1646 2627 οὐ
1683 2572 1795 2645 μὴν

197 2662 324 2716 οὐδὲ
344 2662 444 2733 τήν
479 2662 713 2734 ἐσχάτην
743 2662 963 2731 ἄγνοιάν
993 2679 1053 2715 τε
1088 2661 1182 2715 καὶ¹
1206 2663 1447 2734 ἀμαθίαν
1473 2664 1539 2737 ἢν
1565 2664 1790 2736 ὀνόματι

201 2756 517 2827 σεμνοτέρῳ
537 2756 682 2819 τινὲς
707 2755 909 2827 ἐποχὴν
928 2756 1281 2825 ἀνειρήκασιν
1297 2772 1310 2785 ·
1331 2755 1446 2810 ἀλλ’
1470 2757 1577 2810 οὐδ’
1597 2754 1664 2812 αὖ
1692 2760 1791 2830 τῆς

197 2843 383 2915 ψυχῆς
409 2845 509 2915 τήν
529 2845 730 2917 ἀρετήν
748 2862 762 2875 ο
789 2846 927 2918 πόση
954 2845 1064 2916 γὰρ
1086 2847 1145 2898 ἐν
1177 2842 1487 2919 ἀνθρώποις
1510 2847 1670 2921 αὕτη,
1693 2849 1789 2903 καὶ

198 2937 257 2990 τί
303 2936 426 2990 καθ’
458 2936 657 3008 ἑαυτὴν
706 2938 833 2992 ἄνευ
881 2939 1017 2994 Θεοῦ
1061 2941 1196 3013 πρὸς
1250 2941 1341 2995 τὸν
1386 2941 1593 2999 ἄλυπον
1661 2959 1788 2996 συν-

197 3028 367 3081 τείνοι
426 3029 493 3083 ἂν
545 3028 691 3099 βίονς
739 3030 818 3082 Δι’
878 3031 988 3084 ὃνει
1038 3033 1107 3085 τὰ
1162 3035 1339 3087 πάντα
1401 3032 1502 3106 τῆς
1559 3035 1639 3098 είς
1695 3034 1787 3089 τὸν

1894 1927 2280 1997 praecipuoque
2306 1928 2515 1991 studio,
2543 1927 2812 1998 longeque
2841 1934 2967 1983 ante
2993 1927 3160 1984 rebus
3186 1925 3323 1998 ipsis
3352 1928 3476 1984 cul-

1895 2022 1949 2071 ta
1997 2032 2120 2072 esse
2172 2032 2337 2087 quam
2385 2018 2590 2082 verbis,
2643 2017 2690 2072 si
2742 2032 2935 2074 eorum
2958 2018 3207 2075 instituta
3237 2019 3471 2076 scrutari

1892 2108 2093 2178 placet,
2124 2109 2417 2181 intelliges.
2445 2106 2581 2164 Nam
2634 2117 2689 2166 et
2740 2109 3012 2181 bonorum
3039 2111 3145 2183 ipsi
3178 2112 3372 2179 linem,
3417 2119 3473 2167 et

1894 2214 2176 2255 summum
2231 2201 2390 2257 beate
2433 2201 2650 2257 vivendi
2696 2202 3030 2270 terminum,
3077 2203 3368 2273 pietatem,
3417 2211 3472 2259 et

1891 2289 2188 2361 profectam
2230 2305 2296 2347 ex
2344 2308 2561 2348 morum
2609 2292 2920 2364 integritate
2978 2291 3140 2365 512
3181 2309 3306 2349 cum
3358 2293 3470 2350 Deo

1891 2385 2359 2456 coniunctionem,
2393 2394 2502 2441 tam
2528 2386 2819 2456 diligenter
2837 2387 3111 2457 persecuti
3140 2396 3287 2452 sunt,
3306 2402 3471 2458 quam

1891 2478 2158 2548 complexi
2190 2478 2559 2535 vehementer.
2593 2478 2713 2536 Non
2757 2480 2875 2551 jam
2915 2479 3166 2550 corporis
3214 2482 3473 2553 volupta-

1891 2578 2024 2636 tem,
2054 2579 2114 2624 ut
2136 2568 2446 2640 Epicurus:
2487 2586 2596 2625 non
2626 2572 2822 2642 triplex
2854 2570 2987 2626 illud
3028 2570 3338 2628 Aristotelis
3373 2572 3474 2629 bo-

1891 2675 2085 2716 norum
2118 2676 2311 2731 genus,
2337 2662 2432 2732 qui
2474 2662 2722 2732 corporis
2768 2660 3113 2732 fortunaeque
3161 2662 3304 2718 bona
3330 2702 3346 2729 ,
3381 2677 3475 2719 eo-

1889 2751 2013 2808 dem
2045 2750 2102 2805 in
2147 2752 2269 2807 loco
2297 2754 2621 2823 pretioque,
2671 2768 2783 2824 quo
2832 2752 3004 2808 animi
3058 2768 3191 2825 opes
3237 2753 3473 2811 habuit:

1892 2860 2001 2899 non
2051 2859 2323 2900 summam
2373 2845 2522 2900 illam
2556 2860 2742 2905 rerum
2773 2846 3099 2916 imperitiam
3128 2858 3183 2903 et
3214 2846 3475 2919 ignoran-

1892 2938 2023 2993 tiam
2054 2938 2325 3002 omnium,
2359 2953 2524 3010 quam
2580 2937 2830 2993 nonnulli
2872 2938 3192 2995 honestiore
3230 2939 3471 3011 quodam

1891 3029 2115 3085 nomine
2161 3029 2502 3086 assensionis
2543 3031 2901 3086 retentionem
2933 3032 3316 3103 appellarunt:
3363 3048 3473 3088 non

200 3118 336 3173 Θεὸν
363 3119 597 3185 ἐλπίδος,
628 3121 928 3192 πείσματος
979 3122 1169 3197 ὥσπερ
1215 3125 1492 3199 ἀρῤαγοῦς
1554 3125 1786 3197 ἐξάψανο-

1890 3122 2124 3193 denique
2156 3122 2414 3178 virtutem
2455 3122 2630 3193 ipsam
2664 3124 2834 3180 animi
2862 3144 2876 3181 :
2912 3141 3039 3180 nam
3062 3126 3327 3197 quantula
3350 3134 3474 3182 tan-

198 3228 314 3275 τες,
368 3213 463 3266 τὸν
516 3212 736 3285 θεοφιλῆ
788 3215 948 3285 μόνον
992 3215 1279 3290 ἀπέφηναν
1315 3214 1456 3272 εἷναι
1496 3220 1781 3291 μακάριον.

202 3304 327 3358 Ὅτι
380 3303 443 3375 δὴ
489 3306 518 3359 ό
557 3305 775 3359 πάντων
820 3306 1043 3375 ἀγαθῶν
1084 3310 1288 3380 ταμίας
1336 3310 1490 3379 Θεὸς,
1531 3310 1680 3383 ζωῆς
1710 3310 1788 3366 ὢν

197 3394 459 3465 πάροχος,
494 3397 589 3450 καὶ
632 3397 802 3467 αὐτῆς
854 3399 1059 3473 ἀρετῆς
1108 3402 1282 3474 πηγὴ,
1306 3403 1424 3463 τῶν
1460 3405 1589 3476 περὶ
1628 3405 1790 3477 σῶμα

197 3487 296 3539 καὶ
328 3486 441 3541 τῶν
470 3488 626 3552 ἐκτὸς
658 3490 913 3544 ἁπάντων
943 3492 1178 3564 χορηγὸς
1207 3494 1488 3567 ὑπάρχων,
1527 3496 1687 3568 μόνος
1719 3496 1787 3550 ἂν

197 3577 285 3649 εἴη
316 3579 456 3650 πρὸς
499 3580 592 3634 τὸν
635 3582 903 3655 μακάριον
940 3582 1056 3654 βίον
1074 3623 1090 3649 ,
1118 3584 1199 3656 τῷ
1226 3585 1327 3657 τὴν
1352 3586 1489 3659 πρὸς
1512 3587 1673 3641 αὐτὸν
1700 3605 1787 3659 φι-

196 3669 319 3724 λίαν
354 3670 444 3725 διά
476 3672 577 3742 τῆς
606 3673 950 3745 παναληθῶς
980 3676 1262 3741 εὐσεϐείας
1293 3678 1650 3752 στειλαμένῳ,
1684 3682 1786 3735 αὑ-

195 3760 432 3831 τάρκης.
479 3761 669 3817 Ἔνθεν
706 3765 735 3816 ὁ
767 3763 1045 3834 πάνσοφος
1086 3768 1312 3840 Μωσῆς,
1361 3770 1574 3839 πρῶτος
1613 3771 1788 3825 ἀπάν-

195 3869 308 3906 των
348 3856 545 3925 γραφῇ·
584 3857 859 3926 παραδοὺς
908 3860 1000 3914 τὸν
1031 3857 1142 3914 τῶν
1186 3861 1293 3931 πρὸ
1324 3861 1489 3916 αὐτοῦ
1522 3862 1786 3933 θεοφιλῶν

208 3944 481 4018 Ἑϐραίων
512 3947 644 4018 βίον,
682 3949 773 4004 τὸν
818 3951 1096 4008 πολιτικὸν
1145 3952 1280 4026 ὁμοῦ
1332 3956 1427 4010 καὶ
1481 3958 1785 4030 πρακτικὸν

194 4040 262 4094 δι’
309 4041 636 4113 ὑφηγήσεως
691 4044 970 4117 ἱστορικῆς
1016 4047 1359 4103 ὑποτέθειται
1409 4050 1630 4122 τρόπον.
1677 4047 1787 4117 Ἥς

1890 3216 2019 3272 dem
2044 3217 2162 3288 ipsa
2186 3217 2325 3272 inter
2354 3217 2605 3273 homines
2632 3215 2816 3273 futura
2848 3228 3015 3288 esset,
3052 3229 3148 3275 aut
3175 3220 3309 3291 quid
3352 3234 3471 3275 om-

1890 3310 2044 3377 nino,
2073 3310 2120 3365 si
2152 3308 2323 3365 Deum
2353 3326 2646 3381 seponeres
2672 3351 2690 3378 ,
2739 3311 2805 3367 ad
2844 3312 3012 3367 vitam
3056 3312 3307 3369 molestia
3330 3311 3475 3368 lihe-

1889 3402 2117 3459 randam
2145 3417 2241 3473 per
2267 3418 2389 3459 sese
2413 3404 2637 3473 posset?
2676 3401 2861 3470 Quare
2898 3405 3083 3460 divina
3130 3420 3199 3462 cx
3248 3403 3471 3471 ﬁducia,

1890 3503 2153 3566 tanquam
2182 3511 2250 3551 ex
2277 3494 2409 3552 fune
2447 3497 2685 3568 quodam
2733 3498 2786 3553 vi
2816 3498 2964 3554 nulla
2997 3498 3303 3568 rumpenda
3335 3513 3472 3555 cun-

1889 3599 1975 3645 cta
2007 3589 2423 3661 suspendentes,
2464 3605 2590 3646 eum
2620 3591 2927 3657 duntaxat,
2971 3593 3066 3664 qui
3109 3592 3222 3649 Deo
3267 3593 3487 3650 charus

1886 3689 2053 3748 esset,
2081 3681 2300 3737 beatum
2340 3696 2462 3738 esse
2494 3690 2825 3738 statuerunt.
2862 3682 3009 3739 Deus
3044 3684 3355 3749 enimvero,
3388 3685 3479 3738 uti.

1886 3764 2158 3828 bonorum
2183 3774 2429 3830 omnium
2450 3774 2813 3844 dispensator,
2844 3783 3147 3847 auctorque
3183 3777 3308 3831 vitae
3326 3817 3342 3843 ,
3371 3791 3474 3833 nec

1887 3865 2055 3922 modo
2087 3866 2212 3923 fons
2252 3867 2472 3924 virtutis
2504 3868 2677 3938 ipsius
2701 3909 2717 3937 ,
2774 3884 2964 3929 verum
3015 3870 3199 3927 etiam-
3221 3870 3470 3927 omnium

1887 3968 2001 4021 tam
2035 3960 2285 4032 corporis
2331 3976 2497 4031 quam
2532 3959 2767 4020 fortuna;
2797 3962 3069 4022 honorum
3089 3963 3324 4033 largitor
3349 3972 3497 4031 est,_

1888 4055 1965 4109 ita
1997 4054 2150 4110 solus
2195 4054 2246 4110 ei
2280 4054 2348 4111 ad
2378 4054 2536 4110 beate
2566 4054 2857 4111 vivendum
2903 4058 3040 4112 satis
3079 4057 3307 4112 omnino
3362 4053 3474 4111 fue-

197 4132 524 4203 ἀρχόμενος,
554 4134 663 4188 ἀπὸ
692 4134 800 4188 τῶν
832 4136 1062 4191 καθόλου
1096 4138 1195 4211 τὴν
1221 4138 1570 4195 διδασκαλίαν
1597 4143 1784 4215 ἐποιή-

1890 4145 1978 4213 rit,
2005 4145 2249 4217 quiejus
2275 4146 2331 4201 in
2360 4146 2656 4203 amicitiam
2687 4162 2819 4208 vera
2848 4148 2920 4204 sit
2962 4162 3029 4203 ac
3074 4147 3246 4204 solida
3272 4148 3474 4219 pietate

197 4239 352 4291 σατο,
424 4224 556 4279 Θεὸν
612 4226 720 4280 τῶν
772 4228 909 4283 ὅλων
953 4230 1127 4284 αἴτιον
1178 4232 1643 4305 ὑποστησάμενος,
1695 4252 1786 4288 κο-

1890 4246 2197 4308 susceptus.
2226 4237 2349 4305 Quo
2372 4237 2577 4295 factum
2603 4239 2768 4295 etiam
2794 4248 2899 4305 est,
2922 4240 3005 4295 uti
3030 4239 3474 4311 sapientissimus

197 4318 493 4390 σμογονίαν
523 4322 616 4374 καὶ
638 4322 1082 4395 ἀνθρωπογονίαν
1111 4323 1582 4398 ὑπογράψας.Εἷθ’
1614 4328 1785 4393 οὕτως

1890 4327 1980 4382 ille
2003 4326 2203 4393 Moses,
2234 4343 2360 4384 cum
2417 4329 2631 4400 primus
2685 4330 2956 4399 omnium,
2976 4329 3330 4387 Hebraeorum
3346 4331 3472 4386 illo-

192 4408 306 4461 ἀπὸ
340 4409 452 4463 τῶν
500 4410 726 4466 καθόλου
759 4414 853 4467 ἐπὶ
910 4414 980 4468 τὰ
1027 4415 1170 4470 κατὰ
1204 4417 1372 4489 μέρος
1400 4418 1676 4491 προελθὼν
1706 4420 1784 4492 τῷ

1890 4434 2012 4475 rum
2063 4421 2254 4485 vitam,
2284 4422 2378 4492 qui
2425 4431 2551 4477 ante
2598 4437 2721 4483 sese
2765 4423 2968 4480 divina:
3019 4424 3185 4496 hujus
3220 4424 3473 4480 amicitia:

194 4499 360 4571 λόγῳ,
403 4503 497 4557 καὶ
538 4504 627 4557 διά
658 4504 757 4576 τῆς
786 4506 896 4560 τῶν
923 4508 1171 4561 παλαιῶν
1196 4508 1405 4581 ἀνδρῶν
1445 4512 1667 4583 μνήμης
1702 4514 1784 4579 είς

1890 4514 2183 4587 participes
2214 4512 2465 4579 fuerant,
2519 4515 2741 4585 scriptis
2780 4516 3103 4585 mandaret,
3148 4533 3260 4574 non
3289 4518 3472 4590 reipu-

192 4592 287 4645 τὸν
315 4592 418 4662 τῆς
444 4594 667 4647 ἐκείνων
688 4596 889 4668 ἀρετῆς
917 4616 977 4652 τε
1003 4601 1096 4653 καὶ
1128 4600 1440 4666 θεοσεϐείας
1477 4602 1637 4675 ζῆλον
1658 4605 1783 4670 τοὺς

1890 4607 2043 4663 blicze
2100 4606 2288 4674 modo,
2319 4607 2413 4664 sed
2445 4608 2611 4666 etiam
2648 4608 3001 4666 instituenda:
3045 4611 3170 4666 vitae
3195 4610 3429 4666 formam
3450 4649 3466 4676 ,

195 4685 459 4775 φοιτητὰς
500 4692 881 4763 παρορμήσας,
910 4693 970 4745 οὐ
1018 4692 1124 4765 μὴν
1156 4684 1290 4747 ἀλλά
1331 4694 1427 4749 καὶ
1475 4696 1638 4761 αὐτὸς
1685 4699 1785 4751 αὐ-

1890 4699 2159 4756 historica.
2180 4702 2496 4758 narratione
2520 4703 2837 4774 complexus
2881 4704 2973 4761 sit.
3005 4702 3179 4775 Cujus
3205 4705 3470 4760 doctrina:

193 4774 397 4847 θέντης
432 4777 611 4849 νόμων
640 4782 879 4837 εὐσεϐῶν
910 4783 1018 4837 τῶν
1048 4786 1185 4858 πρὸς
1221 4787 1387 4842 αὐτοῦ
1418 4788 1785 4844 συντεθέντων

1890 4793 1956 4849 ab
2000 4793 2244 4849 universi
2277 4793 2585 4850 rationibus
2637 4795 2854 4850 initium
2895 4796 3085 4863 duxit,
3131 4810 3317 4851 rerum
3349 4809 3472 4850 om.

191 4871 550 4939 ἀποφανθεὶς,
600 4874 742 4928 κατά
792 4877 969 4931 πάντα
1007 4879 1165 4950 δῆλος
1197 4881 1266 4935 ἂν
1294 4880 1379 4955 εἴη
1405 4883 1500 4937 τοῦ
1532 4883 1780 4954 φιλοθέου

1890 4886 2037 4941 nium
2069 4895 2351 4943 auctorem
2380 4886 2552 4943 Deum
2590 4895 2874 4955 statuens,
2909 4889 3039 4944 dum
3074 4887 3264 4944 mundi
3304 4886 3470 4945 simul

188 4962 399 5034 τρόπου
433 4963 523 5019 διὰ
562 4965 664 5037 τῆς
700 4967 808 5022 τῶν
854 4969 1002 5040 ήθῶν
1040 4974 1360 5044 ἐπιμελείας
1396 4976 1653 5049 πρόνοιαν
1680 4993 1780 5030 πε-

1890 4989 1937 5034 et
1961 4979 2202 5035 hominis
2230 4990 2411 5036 ortum
2462 4979 2911 5052 molitionemque
2939 4982 3197 5039 delineat.
3228 4980 3367 5038 Tum
3396 4982 3468 5041 ab

192 5055 512 5126 ποιημένος,
542 5055 733 5132 ὥσπερ
757 5057 850 5114 οὖν
882 5062 976 5115 καὶ
1002 5062 1161 5118 τοῦτο
1188 5065 1472 5138 προλαϐὼν
1493 5068 1522 5121 ό
1547 5068 1703 5138 λόγος
1722 5069 1786 5123 ἐν

1890 5071 2156 5129 universis
2215 5072 2325 5129 illis
2379 5073 2449 5130 ad
2503 5074 2810 5144 singulares
2865 5076 3127 5135 oratione.
3172 5075 3484 5145 delapsus,

188 5150 305 5212 τοῖς
340 5149 576 5220 πρόσθεν
609 5152 841 5224 φανερὸν
860 5157 1250 5228 κατεστήσατο.
1276 5160 1503 5232 Μακρὸν
1532 5161 1578 5216 δ’
1604 5160 1671 5216 ἂν
1692 5160 1778 5233 είη

1890 5163 2013 5219 dum
2045 5165 2357 5221 renovanda
2386 5165 2694 5237 priscorum
2722 5165 2960 5221 illorum
2990 5167 3260 5224 memoria
3294 5165 3466 5222 lecto—

189 5239 288 5291 καὶ
319 5241 447 5301 τοὺς
487 5237 616 5310 ἑξῆς
649 5242 789 5312 μετά
827 5245 1032 5299 Μωσέα
1082 5250 1389 5321 προφήτας,
1406 5251 1531 5317 τούς
1562 5271 1619 5306 τε
1656 5252 1780 5306 τού-

1890 5272 1971 5313 res
1993 5257 2384 5328 auditoresque
2406 5271 2539 5313 suos
2568 5258 2634 5312 ad
2661 5259 2907 5328 ipsorum
2944 5256 3201 5316 virtutem
3228 5271 3294 5313 ac
3337 5255 3466 5311 reli-

187 5347 320 5423 c:va
355 5335 791 5404 προτρεπτικοὺς
831 5337 930 5408 μὲν
961 5339 1183 5412 ἀρετῆς,
1219 5344 1658 5415 ἀποτρεπτικοὺς
1718 5348 1777 5403 δὲ

1890 5351 2095 5422 gionem
2134 5351 2454 5410 imitandam
2496 5352 2855 5420 exstimulat;
2907 5352 3017 5407 imo
3062 5352 3192 5407 dum
3238 5352 3468 5423 ipsemet

186 5421 391 5516 κακίας
430 5424 649 5516 ἀπάσης
692 5425 905 5495 λόγους.
942 5432 999 5484 ἐν
1030 5433 1165 5505 τῷδε
1210 5437 1662 5493 καταϐάλλεσθαι.
1712 5441 1777 5494 Τί

1890 5444 2057 5514 legum
2108 5445 2579 5501 sanctissimarum
2612 5455 2891 5502 auctorem
2927 5445 3087 5500 simul
3130 5445 3468 5516 latoremque

183 5514 230 5565 δ⁶
256 5511 315 5565 εἴ
343 5528 427 5566 σοι
442 5513 534 5609 τοῦ
554 5518 865 5586 σοφωτάτου
893 5521 1237 5594 Σολομῶντος
1249 5526 1349 5591 τὰς
1374 5527 1568 5599 ἠθικὰς
1599 5548 1786 5603 παρα-ν

1890 5511 2196 5606 proﬁtetur,
2240 5551 2405 5608 quam
2436 5537 2683 5593 studiose
2713 5537 2862 5595 illam
2909 5537 3147 5594 hominis
3178 5553 3303 5595 cum

186 5601 414 5706 φέροιμι
444 5600 821 5670 διδασκαλίαςς
842 5604 921 5672 οἷς
938 5610 968 5650 b
997 5612 1088 5665 ml
1108 5612 1321 5668 οἰκείων
1348 5614 1521 5685 λόγων
1542 5600 1774 5690 ἀνέθηκε

1890 5628 2350 5695 :onsuetudinem,
2379 5635 2628 5699 suscepta
2661 5644 2876 5685 morum
2903 5646 3135 5686 censura
3169 5645 3432 5705 ptjomove
3451 5659 3463 5673 ι

186 5698 549 5763 σύγγραμμα,
578 5698 901 5766 Παροιμιάς
930 5702 1292 5775 ἐπονομάσας,
1325 5707 1618 5780 ἐπιτόμους
1639 5710 1776 5785 γνώ-

1890 5721 1972 5787 ιὶι,
1995 5730 2181 5791 aperte
2201 5721 2458 5777 omnibus
2486 5722 2777 5796 palamque
2807 5730 3062 5789 testatur,
3094 5698 3189 5780 uti—
3208 5700 3325 5797 jam
3365 5738 3463 5781 su-

297 5818 328 5849 ι
361 5807 451 5865 ισ.
477 5809 578 5867 διό.
683 5813 712 5856 δ
739 5815 824 5871 ῗσ.
864 5810 972 5883 αἷς.
