3826 6232
407 347 510 406 851

1076 347 1352 406 EUSEBll
1383 347 1867 406 CASSARIENSIS
1900 346 2051 404 OPP.
2093 347 2275 406 PARS
2310 347 2374 405 ll.
2411 380 2483 392 —
2520 349 3021 415 APOLOGETICA.

3576 353 3679 409 85?.

401 467 713 538 perloribus
741 467 899 524 libris
929 467 1289 525 ostendimus.
1315 469 1388 524 At
1408 468 1630 541 longum
1668 484 1800 525 sane
1822 467 1977 536 foret,

2095 487 2199 542 μας
2229 468 2646 542 ἀποφθέγμασιν
2680 472 2920 537 ἐοικυίας
2940 471 3194 526 ὑποθέσει
3220 472 3532 544 περιλαϐὼν
3558 478 3674 547 μιᾷ.

398 574 526 633 cum
556 560 694 616 alios
721 561 977 631 deinceps
1024 561 1317 632 prophetas
1341 604 1357 629 ,
1403 562 1496 632 qui
1536 561 1744 618 Mosem
1807 562 1981 618 secuti

399 661 548 718 sunt,
581 659 694 706 tum
730 652 975 723 singulos
1003 650 1283 723 ipsorum,
1336 655 1538 725 quibus
1586 655 1671 709 vel
1702 655 1771 710 ad
1807 661 1982 711 virtu-

400 750 509 798 tem
548 743 931 809 adhortantur,
966 747 1051 800 vel
1110 747 1469 802 dehortantur
1506 764 1538 803 a
1577 748 1747 815 vitiis,
1777 747 1979 804 oratio-

398 849 498 891 nes
538 836 643 893 hoc
671 837 725 892 in
750 839 1008 894 volumen
1036 839 1335 896 includere.
1369 839 1511 909 Quid
1546 857 1709 912 porro
1733 885 1749 910 ,
1795 842 1841 897 si
1884 841 1983 896 tibi

2087 561 2198 614 Kal.
2216 561 2308 615 τὸν
2335 564 2433 633 μὲν
2455 561 2646 633 ἠθικὸν
2672 564 2872 637 τρόπον
2896 563 3067 637 ταύτῃ
3097 583 3171 637 πη
3198 566 3387 630 παῖδες
3413 567 3678 639 Ἐϐραίων

2089 654 2154 706 ἐκ
2186 653 2452 718 παλαιῶν,
2488 655 2616 727 πρὶν
2662 655 2695 728 ἢ
2749 656 2842 709 καὶ
2878 656 2947 709 τὰ
2980 656 3173 729 πρῶτα
3208 660 3448 729 στοιχεῖα
3490 659 3680 730 μαθεῖν

2093 745 2378 818 Ἕλληνας,
2412 748 2566 802 αὐτοί
2607 765 2667 801 τε
2710 749 3074 814 ἐπαιδεύοντο,
3103 750 3197 804 καὶ
3241 753 3353 815 τοῖς
3395 752 3679 824 προσιοῦσι

2088 839 2192 910 τῆς
2224 841 2393 912 αὐτῆς
2421 841 2668 910 ἀφθόνως
2696 840 3012 896 ἐκοινώνουν
3042 842 3309 907 παιδείας.

398 934 627 990 moralia
658 935 1048 1006 sapientissimi
1095 936 1404 995 Salomonis
1434 949 1701 1009 praecepta
1732 952 2178 1001 commemorem,
2220 938 2420 1008 quibus
2445 939 2715 1008 peculiare
2730 937 3005 1008 quoddam
3034 937 3383 993 familiarium
3407 939 3676 994 dictorum

395 1046 536 1100 opus
563 1031 841 1087 addictum
864 1033 1056 1101 voluit,
1084 1050 1207 1105 quae
1233 1034 1526 1091 Proverbia
1565 1037 1919 1106 nuncupavit,
1960 1033 2210 1090 concisas
2236 1034 2539 1105 brevesque
2566 1034 2867 1090 sententias
2892 1033 3410 1105 apophthegmatum
3443 1035 3676 1100 similes,

397 1143 509 1183 uno
531 1128 767 1198 quodam
795 1131 1100 1201 argumenti
1138 1147 1335 1200 genere
1364 1133 1732 1202 complexus?
1771 1133 1950 1203 Atque
1982 1131 2056 1185 ita
2091 1129 2305 1186 Hebraei
2359 1130 2472 1202 jam
2517 1131 2670 1199 olim,
2722 1129 2883 1201 513
2916 1130 3237 1200 priusquam
3281 1129 3456 1185 (ἔκ-τεεί
3500 1131 3676 1201 prima

393 1221 658 1279 elementa
689 1222 1026 1293 didicissent,
1061 1242 1186 1282 cum
1216 1228 1435 1297 optimis
1465 1229 1567 1299 ipsi
1597 1229 1841 1284 moribus
1868 1227 2096 1283 instituti
2132 1236 2280 1292 sunt,
2316 1237 2428 1282 tum
2452 1227 2506 1281 in
2536 1226 2779 1298 ejusdem
2810 1227 2974 1282 etiam
2996 1226 3296 1297 disciplina:
3327 1227 3679 1283 communio-

395 1329 545 1380 nem,
575 1324 840 1388 quotquot
876 1334 996 1375 sese
1025 1320 1400 1387 convenirent,
1441 1320 1652 1391 prolixe
1692 1321 1984 1376 admodum
2012 1335 2077 1374 ac
2096 1319 2395 1377 liberaliter
2419 1327 2767 1389 acceperunt.

1052 1414 1261 1471 IAPUT
1296 1414 1362 1471 ν.

1052 1414 1160 1468 ‘AP
1219 1415 1261 1469 T
1296 1414 1362 1471 ν.

465 1498 546 1555 De
565 1499 910 1558 Hebrworum
937 1414 1270 1576 phifosoplljtia
1304 1508 1360 1561 in
1387 1508 1691 1563 disserendo
1724 1508 1918 1577 posita.

2627 1415 3025 1469 ΚΕΦΑΛΑΙΟΝ
3063 1414 3139 1469 Ε’.

2158 1506 2301 1576 Περί
2324 1507 2437 1577 τῆς
2452 1508 2587 1577 παρ’
2612 1508 2901 1576 Ἑϐραίοις
2915 1506 3167 1578 λογικῆς
3180 1508 3602 1578 πραγματείας.

474 1588 595 1646 Jam
620 1607 751 1649 vero
789 1604 999 1665 partem
1038 1596 1187 1652 illam
1220 1598 1598 1670 philosomtiaa,
1627 1617 1748 1672 quae
1783 1603 1837 1658 in
1873 1602 1977 1659 dis-

2157 1600 2269 1653 Kal.
2298 1600 2389 1654 τὸν
2417 1599 2631 1669 λογικὸν
2664 1600 2721 1653 δὲ
2759 1600 2959 1672 τρόπον
3002 1601 3102 1671 τῆς
3147 1600 3418 1672 Ἐϐραίων
3458 1601 3678 1671 φιλοσο-

405 1685 620 1739 serendi
665 1686 878 1742 ratione
915 1700 1190 1754 versatur,
1232 1707 1340 1746 non
1380 1693 1642 1748 contortis
1675 1695 1982 1764 sophisma—

399 1775 492 1841 tis,
529 1786 583 1831 et
617 1776 905 1834 fallacibus
939 1780 1429 1847 conclusiunculis,
1464 1792 1526 1839 ut
1565 1783 1737 1839 Graeci
1772 1787 1979 1851 solent,

399 1867 758 1923 excolendam
826 1870 929 1940 ipsi
980 1873 1429 1944 tractandamque
1480 1886 1844 1944 putaverunt,
1886 1878 1981 1933 sed

399 1960 764 2029 percipiendae
806 1961 989 2017 studio
1020 1962 1298 2019 veritatis:
1335 1964 1404 2019 ad
1438 1980 1604 2035 quam
1638 1966 1674 2020 ii
1707 1981 1860 2031 sane,
1885 1966 1980 2037 qui

401 2049 644 2105 divinam
681 2051 825 2121 apud
851 2051 975 2107 illos
1004 2053 1328 2122 sapientiam
1363 2055 1779 2124 prolitebantur,
1815 2056 1978 2111 intel-

400 2139 625 2210 ligentia
661 2140 921 2195 diviniori
966 2141 1088 2197 luce
1117 2143 1457 2212 collustrata,
1502 2145 1731 2201 feliciter
1769 2145 1984 2215 aspirav

398 2237 550 2284 runt.
602 2230 797 2299 Iidem,
835 2234 912 2288 uti
940 2248 1133 2289 eorum
1165 2235 1330 2289 etiam
1377 2236 1617 2303 animos,
1645 2252 1786 2307 quos
1812 2237 1979 2293 disci-

398 2323 563 2394 plinis
585 2323 703 2380 suis
732 2325 1057 2383 imbuend‘os
1084 2328 1476 2399 suscipiebant,
1505 2330 1572 2385 ad
1608 2331 1756 2385 illam
1788 2346 1978 2401 capes-

400 2415 627 2470 sendam
672 2426 951 2484 acuerent,
990 2433 1177 2476 sacras
1213 2420 1282 2475 iis
1313 2421 1634 2489 sententias,
1678 2422 1979 2493 plenasque

400 2507 685 2579 gravitatis
728 2516 787 2563 et
828 2508 1132 2589 honestatis
1182 2510 1461 2580 historias,
1516 2528 1641 2567 cum
1679 2513 1977 2569 modulatis

397 2602 733 2675 alternisque
804 2606 1180 2673 carminibus,
1246 2617 1394 2662 certa
1445 2622 1799 2663 numerorum
1858 2609 1977 2680 lege

398 2697 833 2767 comprehensis,
861 2698 1198 2769 problemata
1228 2699 1453 2770 insuper
1473 2708 1636 2777 atque
1662 2702 1986 2777 aanigmata,

398 2789 805 2860 nonnullasque
832 2791 1100 2857 eruditas,
1128 2800 1183 2846 et
1210 2791 1488 2862 allegoriis
1520 2775 1794 2848 involutas
1828 2810 1975 2863 quae-

397 2883 632 2948 stiones,
672 2898 799 2938 cum
829 2883 1123 2938 verborum
1157 2883 1451 2954 elegantia,
1476 2894 1533 2939 et
1558 2885 1711 2941 suavi
1744 2900 1843 2956 pro
1871 2885 1976 2939 lin-

2086 1689 2215 1759 φίας
2241 1690 2303 1742 οὐ
2330 1689 2583 1763 καθάπερ
2614 1690 2841 1761 Ἕλλησι
2891 1690 3064 1761 φίλον,
3093 1689 3355 1761 δεινότητι
3405 1692 3676 1763 σοφισμάο

2080 1797 2189 1834 των
2221 1781 2317 1834 καὶ
2343 1780 2624 1852 λογισμοῖς
2654 1782 2791 1853 πρός
2822 1782 3038 1852 ἀπάτην
3070 1782 3541 1854 τετεχνασμένοις,
3564 1783 3675 1837 δεῖν

2081 1871 2249 1943 ᾤοντο
2306 1873 2569 1944 μετιέναι,
2621 1873 2922 1945 καταλήψει
2976 1874 3033 1927 δὲ
3086 1875 3256 1945 αὐτῆς
3285 1875 3567 1947 ἀληθείας,
3604 1877 3675 1946 ἢν

2081 1964 2188 2018 ὑπὸ
2215 1964 2357 2018 θείου
2385 1964 2561 2035 φωτὸς
2590 1965 2688 2028 τὰς
2714 1965 2893 2036 ψυχὰς
2936 1966 3409 2036 καταυγασθέντες
3441 1969 3493 2022 οἱ
3540 1969 3675 2042 παρ’

2080 2056 2263 2121 αὐτοῖς
2296 2057 2565 2125 θεόσοφοι,
2601 2051 2761 2130 εὗρον
2807 2076 2865 2113 τε
2898 2060 2992 2113 καὶ
3025 2059 3424 2132 ἐφωτίσθησαν.
3464 2061 3583 2131 Ἐφ’
3606 2062 3676 2133 ἦν

2078 2150 2385 2215 ἀκονῶντες
2423 2152 2550 2215 τοὺς
2583 2150 2653 2204 τὰ
2678 2154 2852 2205 οἰκεῖα
2888 2153 3187 2224 μαθήματα
3222 2153 3670 2225 παιδευομένους,

2078 2243 2251 2311 λόγων
2295 2260 2354 2296 τε
2409 2244 2591 2307 αὐτοῖς
2622 2243 2780 2315 ἰερῶν
2821 2244 3180 2313 ἀπαγγελίας,
3209 2246 3459 2318 ἱστοριῶν
3485 2265 3548 2301 τε
3582 2265 3673 2302 σε·

2082 2335 2229 2408 μνῶν
2261 2336 2596 2409 διηγήματα,
2631 2336 2783 2408 ᾠδῶν
2833 2353 2892 2389 τε
2943 2336 3038 2389 καὶ
3092 2337 3317 2410 ἐπῳδῶν
3358 2339 3675 2412 ἐμμέτρους

2080 2429 2378 2496 συνθέσεις,
2428 2431 2523 2484 καὶ
2567 2429 2650 2483 ἔτι
2693 2430 3057 2502 προϐλήματα
3091 2432 3185 2485 καὶ
3224 2433 3548 2503 αἰνίγματα,
3576 2434 3674 2487 καί

2075 2538 2227 2586 τινας
2272 2520 2443 2591 σοφὰς
2478 2522 2573 2576 καὶ
2606 2521 2972 2595 ἀλληγορικάς
3005 2522 3235 2595 θεωρίας
3270 2523 3407 2596 μετά
3436 2524 3673 2589 κάλλους

2076 2614 2352 2678 εὐεπείας,
2385 2613 2482 2667 καὶ
2508 2613 2607 2685 τῆς
2636 2613 2777 2667 κατὰ
2799 2614 2899 2686 τὴν
2937 2614 3145 2669 οἰκείαν
3174 2614 3420 2684 γλῶτταν
3461 2616 3672 2688 εὐφραο

2076 2704 2203 2769 δοῦς
2248 2705 2614 2774 ἀπαγγελίας,
2650 2703 2709 2772 ἐξ
2753 2704 2833 2759 ἔτι
2872 2705 3073 2776 νηπίας
3101 2706 3284 2771 αὐτοῖς
3310 2707 3672 2779 παρεδίδοσαν

2075 2799 2312 2871 ἡλικίας.
2365 2799 2474 2854 Ναὶ
2504 2800 2612 2871 μὴν
2643 2799 2737 2853 καὶ
2764 2800 2874 2854 τῶν
2901 2798 3132 2870 πρώτων
3168 2801 3507 2875 μαθημάτων
3551 2799 3674 2854 δευ-

2076 2891 2311 2963 τερωταί
2355 2907 2499 2954 τινες
2525 2886 2667 2962 ἦσαν
2700 2888 2883 2953 αὐτοῖς
2904 2903 2917 2917 °
2949 2887 3094 2942 οὕτω
3127 2888 3184 2941 δέ
3208 2888 3361 2958 φίλον
3386 2889 3515 2952 τοὺς
3540 2888 3671 2959 ἐξη-

396 2992 518 3048 guae
557 2977 772 3032 ratione
800 2976 1058 3034 dictionis
1098 2978 1285 3048 lepore
1313 2979 1659 3050 conjunctas,
1703 2994 1734 3034 a
1770 2979 1975 3035 teneris

2095 2983 2251 3055 ινητάς
2296 2982 2402 3037 τῶν
2461 2983 2589 3052 παρ’
2636 2984 2818 3045 αυτοῖς
2868 2980 3102 3053 Γραφῶν
3140 2978 3460 3050 ὀνομάζειν·
3498 2981 3550 3033 οἳ
3599 2980 3671 3034 τὰ

399 3068 713 3139 unguiculis
747 3068 1091 3138 ingerebant.
1120 3068 1236 3125 Imo
1269 3070 1659 3140 primariarum
1688 3071 1852 3125 etiam
1886 3071 1974 3125 di-

2095 3075 2141 3127 it’
2170 3073 2512 3144 αἰνιγμάτων
2554 3072 2988 3143 ἐπεσκιασμένα,
3027 3073 3076 3125 εἰ
3111 3071 3206 3124 καὶ
3241 3070 3315 3142 μὴ
3347 3072 3462 3135 τοῖς
3506 3071 3667 3134 πᾶσι,

393 3158 751 3229 sciplinarum
780 3158 1097 3214 deuterotas
1118 3160 1389 3228 quosdam
1418 3160 1659 3215 habuere
1698 3161 1800 3231 (sic
1827 3160 1974 3216 enim

2095 3167 2187 3229 τοῖς
2222 3163 2353 3235 γοῦν
2399 3163 2536 3235 πρὸς
2583 3163 2682 3234 τὴν
2730 3163 2934 3217 τούτων
2991 3162 3162 3233 ἀκοὴν
3203 3161 3555 3232 ἐπιτηδείοις,
3602 3161 3670 3215 δι’

393 3248 702 3306 litterarum
745 3266 970 3306 suarum
1003 3252 1331 3320 interpretes
1361 3265 1560 3305 vocare
1592 3250 1738 3306 soliti
1770 3249 1973 3322 erant),

2095 3256 2366 3329 ἑρμηνείας
2392 3257 2485 3310 καὶ
2519 3255 2821 3326 σαφηνείας
2850 3254 3151 3325 ἐξέφαινον.
3180 3253 3368 3328 Ταύτῃ
3389 3271 3473 3307 τοι
3507 3254 3670 3309 πάλιν

396 3343 494 3412 qui
526 3356 617 3399 res
649 3341 958 3414 aani‘gmatis
996 3342 1372 3408 adumbratas,
1418 3357 1530 3395 non
1562 3342 1727 3413 vulgo
1755 3342 1975 3413 quidem

2095 3349 2104 3399 ὁ
2128 3346 2437 3416 σοφώτατος
2464 3345 2614 3418 παρά
2641 3345 2814 3399 τοῖσδε
2838 3345 3109 3417 Σολομὼν,
3133 3344 3343 3398 ἐνθένδε
3381 3344 3548 3400 ποθὲν
3571 3345 3671 3417 τὴν

396 3445 462 3486 ac
490 3432 804 3502 promiscue
838 3430 1118 3494 omnibus,
1162 3430 1257 3486 sed
1297 3430 1365 3485 iis
1397 3438 1599 3494 tamen,
1643 3430 1736 3500 qui
1780 3429 1849 3484 ad
1880 3445 1977 3486 eo-

2095 3440 2355 3513 ιαταρχὴν
2382 3439 2476 3493 τοῦ
2502 3439 2609 3493 τῶν
2637 3437 2972 3509 Παροιμιῶν
2994 3439 3284 3510 ἐποιήσατο
3306 3438 3672 3510 συγγράμμα-

394 3539 519 3579 rum
570 3523 986 3594 intelligentiam
1035 3518 1236 3578 idonei'
1267 3530 1645 3588 censerentur,
1696 3521 1977 3577 illustriori

2095 3551 2188 3598 τος,
2214 3531 2495 3604 μονονουχὶ
2523 3531 2622 3601 τὴν
2674 3531 2854 3584 αἰτίαν
2897 3529 3047 3601 αὐτῷ
3083 3530 3182 3601 τῆς
3216 3530 3433 3601 γραφῆς
3464 3531 3669 3601 ταύτην

399 3616 769 3687 explicatione
800 3616 1098 3686 aperirent.
1146 3612 1206 3670 ld
1239 3614 1402 3685 plane
1435 3623 1660 3671 secutus
1688 3614 1977 3685 sapientis-

2095 3620 2216 3679 ιῖναι
2261 3623 2499 3691 διδάξας,
2535 3623 2600 3676 δι’
2634 3616 2710 3677 ὧν
2756 3623 2940 3686 αὐτοῖς
2967 3623 3195 3694 ῥήμασι,
3235 3642 3254 3674 ι
3288 3622 3399 3675 δεῖν
3441 3642 3460 3673 ι
3499 3623 3670 3694 ἔφησε

397 3710 573 3765 “imus
618 3708 761 3778 al“1d
800 3722 896 3763 903
935 3705 1218 3770 δθιοῐῐιοιιν
1261 3705 1388 3761 inde
1425 3720 1646 3777 (ἰυοίῖυθ
1696 3705 1782 3760 ευί
1840 3703 1987 3759 Ρνοσ
2085 3736 2104 3769 ι
2137 3717 2314 3771 πάντα
2347 3715 2514 3788 ἄνδρα
2542 3715 2745 3784 γνῶναι
2775 3715 2968 3785 σοφίαν
3000 3716 3095 3768 καὶ
3122 3715 3395 3779 παιδείαν,
3425 3717 3523 3770 καὶ
3551 3717 3671 3789 νοῆ-

397 3802 696 3856 nerbiorum
728 3800 909 3871 operis
951 3801 1168 3855 initium
1206 3798 1353 3868 fecit,
1396 3801 1501 3854 hac
1545 3798 1659 3855 fere
1697 3799 1765 3855 de
1810 3815 1977 3856 causa

2095 3827 2170 3864 rat
2204 3808 2395 3878 λόγους
2440 3809 2775 3881 φρονήσεως,
2804 3805 3059 3871 δέξασθαί
3099 3823 3161 3860 τε
3192 3806 3435 3879 στροφὰς
3472 3808 3668 3878 λόγων,

400 3894 469 3948 ad
505 3894 609 3949 hoc
639 3893 910 3949 scribendi
939 3908 1113 3963 genus
1144 3892 1440 3948 adductum
1482 3907 1543 3947 se
1576 3906 1698 3948 esse
1726 3900 1976 3957 testatus,

2095 3902 2266 3975 νοῆσαί
2294 3918 2352 3955 τε
2385 3900 2730 3972 δικαιοσύνην
2761 3900 2957 3972 ἀληθῆ,
2984 3900 3078 3954 καὶ
3110 3902 3286 3972 κρῖμα
3300 3899 3676 3953 κατευθύνειν.

398 4001 523 4044 cum
572 3985 795 4041 disertis
847 3984 1242 4055 conceptisque
1296 3984 1480 4038 verbis
1525 3995 1778 4053 oportere
1809 3983 1977 4049 ait",

2095 3996 2169 4048 ἴνα
2216 3993 2314 4065 δῷ,
2370 3993 2556 4064 φησὶν,
2592 3994 2821 4057 ἀκάκοις
2873 3991 3231 4064 πανουργίαν,
3273 3990 3429 4044 παιδί
3477 4007 3539 4043 τε
3568 3990 3671 4060 νέῳ

403 4096 422 4128 ς
459 4076 759 4146 quemlibet
808 4076 1088 4130 hominem
1143 4076 1286 4131 scire
1326 4074 1678 4145 sapientiam,
1719 4083 1775 4130 et
1812 4074 1975 4130 disci-

2095 4087 2332 4157 ιίσθησιν
2379 4087 2474 4139 καὶ
2521 4084 2746 4139 ἔννοιαν.
2805 4083 2985 4137 Τῶνδε
3040 4082 3147 4154 γὰρ
3197 4080 3440 4143 ἀκούσας
3486 4080 3668 4148 σοφὸς,

398 4168 631 4239 plinam,
668 4175 723 4221 et
756 4166 1059 4236 intelligere
1098 4165 1261 4221 verba
1310 4166 1648 4237 prudentiae:
1698 4166 1977 4236 suscipere

2095 4177 2386 4249 τοφὼτερος
2408 4177 2595 4231 ἔσται’
2629 4178 2658 4231 ὁ
2685 4176 2742 4230 δὲ
2767 4177 2862 4247 νοή
2872 4193 2988 4247 μων
3024 4174 3353 4247 κυϐέρνησιν
3384 4174 3667 4245 κτήσεται,

397 4258 777 4316 cavillationes
804 4275 1145 4327 sermonum,
1179 4270 1231 4316 et
1246 4260 1562 4331 ‘intelligere
1588 4260 1859 4331 justitiam
1885 4275 1977 4316 ve-

2095 4270 2265 4340 νοήσει
2286 4286 2347 4323 τε
2377 4266 2714 4341 παραϐολὴν,
2746 4267 2839 4320 καὶ
2868 4265 3143 4319 σκοτεινὸν
3170 4264 3349 4333 λόγον,
3386 4265 3580 4334 ῥήσεις
3608 4279 3673 4314 τε

396 4365 538 4415 ram,
573 4358 628 4406 et
654 4350 923 4420 judicium
953 4350 1209 4422 dirigere.
1241 4349 1313 4406 Ut
1336 4352 1449 4416 det,
1483 4351 1681 4421 inquit,
1717 4352 1977 4407 innocen-

2095 4363 2286 4435 σοφῶν,
2323 4365 2421 4419 καὶ
2465 4364 2783 4435 αἰνίγματα.
2816 4381 2834 4414 ι
2875 4361 2986 4416 Καὶ
3016 4361 3086 4417 τά
3117 4360 3216 4433 μὲν
3242 4360 3345 4430 τῆς
3369 4359 3468 4414 τοῦ
3500 4360 3674 4432 δηλω-

395 4442 547 4497 tibus
582 4443 864 4508 astUtiam,
920 4452 977 4499 et
1019 4442 1351 4499 adolescenti
1392 4459 1641 4512 sensum,
1686 4454 1743 4501 et
1780 4446 1977 4501 intelli-

2095 4453 2267 4519 ἱέντος
2296 4453 2730 4527 συγγράμματος
2789 4452 3122 4521 ἐπαγγελίας
3150 4448 3381 4504 τοιαῦτά
3410 4468 3537 4505 τινα
3566 4448 3669 4522 ἦν’

396 4537 655 4607 gentiam.
684 4535 813 4592 Haec
837 4536 984 4591 enim
1013 4537 1241 4593 audiens
1266 4537 1504 4607 sapiens,
1533 4538 1831 4608 sapientior
1852 4538 1977 4605 erit,

2095 4544 2180 4609 τὰς
2204 4545 2250 4598 δ’
2279 4545 2336 4597 ἐν
2363 4544 2518 4618 μέρει
2544 4542 2653 4596 τῶν
2680 4542 2978 4613 λεχθέντων
3005 4542 3315 4615 προτάσεις,
3340 4540 3438 4595 καὶ
3465 4541 3673 4595 τούτων

396 4641 453 4687 et
495 4632 806 4703 intelligens
843 4630 1211 4701 gubernacula
1249 4630 1571 4700 possidebit.
1622 4628 1687 4684 Et
1730 4630 1980 4686 animad-

399 4733 576 4780 vertet
602 4723 940 4794 parabolam,
971 4732 1025 4777 et
1054 4717 1404 4776 tenebrosum
1446 4736 1776 4788 sermonem,
1812 4723 1979 4777 verba

401 4817 736 4888 sapientum,
766 4825 823 4870 et
852 4814 1164 4886 aenigmata.
1200 4833 1220 4865 ι
1253 4811 1387 4878 Quae
1409 4812 1630 4883 quidem
1665 4815 1848 4884 operis
1879 4814 1976 4867 bu-

393 4908 488 4979 jus
514 4906 788 4979 promissa
818 4905 1087 4976 ejusmodi
1133 4921 1258 4961 cum
1305 4909 1447 4960 sint:
1486 4915 1601 4960 tum
1633 4920 1763 4959 vero
1790 4905 1979 4978 singu-

399 5000 483 5056 las
529 5015 743 5067 eorum,
778 5013 901 5070 quae
929 4996 1076 5052 dicta
1124 4998 1253 5063 sint,
1288 4997 1719 5068 propositiones,
1759 5012 1980 5053 earum-

402 5109 512 5170 que
569 5091 735 5166 514
796 5093 1131 5158 solutiones,
1190 5091 1340 5146 illam
1388 5089 1628 5162 denique
1675 5091 1978 5147 disserendi

401 5198 600 5254 artem,
639 5201 765 5242 cum
800 5185 1088 5241 hominum
1114 5185 1336 5240 illorum
1382 5184 1652 5254 sapientia
1679 5183 1981 5254 linguaque

400 5286 821 5349 congruentem,
860 5293 982 5349 quae
1021 5276 1227 5347 passim
1261 5277 1315 5331 in
1350 5275 1686 5348 propheticis
1725 5274 1981 5330 omnibus

402 5370 650 5442 ipsorum
682 5372 880 5427 litteris
909 5371 1144 5434 exsistit,
1174 5370 1466 5426 observare
1485 5369 1713 5440 quilibet
1743 5368 1943 5440 poterit
1962 5410 1977 5435 ,

404 5464 500 5536 qui
532 5465 696 5520 modo
725 5465 897 5521 libros
925 5463 1190 5519 orationis
1222 5478 1336 5518 suae
1368 5462 1703 5517 monimenta
1737 5462 1979 5531 comple-

405 5569 507 5610 xos
534 5556 709 5610 otiose
736 5557 981 5611 volutare
1008 5571 1072 5611 ac
1100 5554 1378 5624 perlegere
1400 5552 1652 5607 voluerit.
1682 5550 1975 5616 Praeterea,

406 5645 451 5700 si
487 5646 577 5700 cui
607 5644 744 5700 forte
772 5645 1000 5701 honesta
1033 5646 1300 5716 cupiditas
1325 5644 1499 5716 ipsius
1532 5657 1753 5714 quoque
1776 5643 1978 5715 lingure

477 5760 524 5790 "
557 5757 713 5814 Prov.
758 5775 799 5822 ι,
838 5759 886 5814 l.

2080 4636 2180 4701 τὰς
2212 4635 2507 4701 ἐπιλύσεις,
2542 4636 2642 4707 τήν
2668 4652 2728 4688 τε
2760 4634 2984 4706 λογικὴν
3010 4633 3418 4707 πραγματείαν,
3456 4632 3673 4697 οἰκείως

2084 4730 2151 4800 τῇ
2202 4727 2310 4781 τῶν
2351 4726 2561 4801 ἀνδρῶν
2599 4726 2761 4799 σοφίᾳ
2804 4743 2864 4779 τε
2898 4726 2992 4781 καὶ
3033 4728 3184 4796 φωνῇ
3213 4724 3302 4778 διὰ
3346 4724 3543 4779 πασῶν
3564 4724 3673 4778 τῶν

2086 4822 2218 4891 παρ’
2263 4820 2444 4883 αὐτοῖς
2486 4818 2844 4891 προφητικῶν
2893 4818 3125 4892 Γραφῶν
3183 4816 3519 4889 φερομένην,
3564 4818 3674 4888 ὅτῳ

2088 4911 2258 4982 φίλον,
2284 4912 2383 4982 τῆς
2410 4910 2614 4964 τούτων
2648 4910 2938 4977 ἐντεύξεως
2956 4909 3056 4973 τὰς
3088 4908 3302 4980 βίϐλους
3339 4909 3435 4962 ἐπὶ
3477 4908 3673 4981 σχολῆς

2091 5000 2230 5073 μετά
2259 5005 2447 5074 χεῖρας
2483 5002 2664 5056 λαϐὼν
2697 5004 2921 5056 εἴσεται.
2956 5003 3020 5055 Εἰ
3051 5001 3109 5054 δέ
3135 5018 3220 5063 τις
3247 5003 3343 5055 καὶ
3370 5000 3474 5071 τῆς
3503 4999 3676 5072 γλώτ-

2088 5113 2187 5166 της
2243 5096 2414 5166 αὐτῆς
2456 5095 2759 5165 φιλοκάλως
2800 5096 3009 5165 γένοιτο
3048 5096 3105 5147 ἐν
3138 5095 3322 5165 πείρᾳ,
3357 5092 3459 5146 ἴδοι
3486 5092 3555 5148 ἂν
3585 5087 3674 5147 οἷα

2091 5186 2241 5259 παρὰ
2292 5186 2842 5263 βαρϐάροις-,μάνδρας
2895 5184 3488 5255 λογικωτάτους,οὐδὲν
3521 5202 3672 5256 σοφι-

2091 5279 2234 5332 στῶν
2284 5279 2404 5332 οὐδὲ
2452 5280 2696 5351 ρητόρων
2738 5278 3067 5341 ἀποδέοντας
3116 5279 3182 5349 τῇ
3226 5275 3405 5347 οἰκείᾳ
3434 5277 3670 5349 γλώττῃ.

2092 5366 2213 5423 Εἶεν
2254 5369 2298 5423 δ’
2347 5368 2412 5423 ἂν
2455 5371 2639 5432 αὐτοῖς
2691 5369 2785 5422 καὶ
2821 5368 3085 5441 ἔμμετροι
3113 5367 3380 5438 ποιήσεις,
3411 5366 3491 5432 ὡς
3521 5370 3555 5439 ἡ
3579 5385 3674 5439 με-

2086 5462 2225 5533 γάλη
2287 5462 2529 5525 Μωσέως
2562 5460 2675 5532 ᾠδὴ
2715 5461 2811 5514 καὶ
2863 5459 2956 5513 τοῦ
3006 5459 3170 5513 Δαϐὶδ
3218 5460 3247 5511 ό
3294 5457 3402 5528 ριη⁹
3436 5458 3668 5529 ψαλμδς,

2086 5552 2162 5623 τῷ
2208 5553 2526 5623 καλουμένῳ
2565 5553 2694 5625 παρ’
2726 5552 2980 5623 Ἕλλησιν
3000 5551 3161 5624 ήρὼῳ
3197 5551 3382 5622 μέτρῳ
3416 5569 3668 5609 συντετα-

2090 5645 2295 5717 γμένοι.
2325 5647 2459 5700 Φασὶ
2492 5645 2621 5715 γοῦν
2667 5645 2939 5718 ἑξάμετρα
2983 5641 3118 5700 εἶναι
3156 5642 3350 5711 ταῦτα,
3375 5643 3446 5697 δι’
3487 5643 3669 5701 hu"
