3826 6232
211 306 321 362 835

1387 306 1709 363 PREPAR.
1759 303 2011 360 EVANG.
2055 304 2183 361 LIB.
2225 305 2316 362 ιι.

3367 309 3473 366 854

206 426 342 480 δέκα
383 424 665 479 συλλαϐῶν
708 427 1072 498 πεποιημένα.
1129 430 1242 483 Καὶ
1303 428 1370 483 τά
1423 428 1584 483 λοιπὰ
1633 428 1691 482 δὲ
1733 427 1791 480 τὰ

1905 427 2270 497 cognitionem
2300 428 2587 498 pepererit,
2620 437 2881 501 agnoscet
2912 426 3003 484 ille
3033 425 3278 498 profecto
3299 427 3467 493 viros,

208 517 340 591 παρ’
387 518 570 583 αὐτοῖς
615 520 846 591 στιχήρη
895 519 962 572 δι’
1011 519 1161 573 ἐπῶν
1221 519 1440 589 λέγεται
1486 521 1794 593 τριμέτρων

203 627 268 664 τε
302 609 396 663 καὶ
419 611 824 683 τετραμέτρων,
855 611 999 666 κατὰ
1023 612 1122 684 τὴν
1151 612 1556 667 οἰκείαναύτῶν
1578 617 1794 682 συγκεῖ-

207 701 332 755 σθαι
386 704 588 774 φωνήν.
621 703 732 756 Καὶ
776 704 845 757 τά
890 703 989 775 μὲν
1019 705 1118 775 τῆς
1149 704 1345 771 λέξεως
1372 706 1555 768 αὐτοῖς
1580 697 1682 758 ὧδέ
1712 723 1790 775 πη

202 792 433 864 λογικῆς
484 794 746 857 συνέσεως
792 794 939 866 ἔχει’
988 795 1059 849 τὰ
1083 797 1141 850 δὲ
1173 797 1238 867 δή
1277 797 1375 868 τῆς
1400 796 1638 860 διανοίας
1681 798 1791 852 οὐδ’

206 885 326 939 ἐστι
371 886 707 957 παρακαλεῖν
736 898 761 927 α
788 886 1119 959 ἀνθρώποις.
1163 889 1297 942 Θεοῦ
1344 894 1452 961 γὰρ
1489 891 1583 944 καῖ¹
1623 890 1793 960 αὐτῆς

206 977 469 1048 ἀληθείας
516 977 694 1047 λόγια,
755 978 823 1032 δι’
860 979 1041 1033 αὐτῶν
1092 982 1549 1053 ὲκπεφωνημένα,
1601 980 1793 1035 θεσπί-

209 1087 412 1141 σματα,
442 1071 535 1124 καί
560 1072 926 1143 προρρήσεις,⁵
942 1072 1244 1143 μαθήματά
1266 1090 1326 1126 τε
1350 1074 1407 1127 εὖ
1418 1073 1572 1145 σεϐῆ,
1598 1076 1693 1128 καὶ
1722 1073 1793 1127 τά

204 1162 319 1216 τῶν
367 1163 535 1217 ὄντων
587 1163 934 1233 ἐπιγνώσεως
962 1164 1208 1236 δόγματα
1259 1166 1659 1238 περιειλήφασι.
1694 1165 1794 1220 Τε-

206 1256 421 1326 κμήρια
460 1255 505 1309 δ’
543 1254 609 1309 ἂν
654 1255 841 1320 λάϐοις
868 1256 969 1326 τῆς
998 1256 1151 1329 παρὰ
1176 1260 1290 1322 τοῖς
1314 1257 1540 1328 ἀνδράσι
1570 1257 1791 1329 λογικῆς

204 1346 513 1418 ἀκριϐείας,
546 1348 655 1401 ἀπὸ
681 1348 780 1419 τῆς
814 1346 1103 1419 ὀρθότητος
1128 1348 1227 1420 τῆς
1254 1348 1364 1401 τῶν
1390 1349 1669 1420 ὀνομάτων
1702 1348 1795 1404 θέ-

204 1454 369 1504 σεως,
396 1432 465 1508 ἧς
492 1438 620 1510 πέρι
648 1440 742 1492 καὶ
772 1441 800 1493 6
837 1439 1062 1492 Πλάτων
1090 1442 1156 1511 τῇ
1194 1439 1462 1511 Ἐϐραίων
1498 1440 1793 1513 μαρτυρῶν

202 1526 341 1600 δόξῃ.
361 1528 518 1598 δῆλος
549 1528 616 1583 ἂν
639 1530 746 1602 εἴη,
774 1530 870 1583 καὶ
903 1531 1022 1583 κατ’
1052 1529 1184 1582 αὐτό
1212 1547 1275 1599 γε
1310 1529 1468 1584 τοῦτο
1504 1531 1792 1602 σύμφωνος

1902 527 1963 573 ut
2005 517 2060 572 in
2109 518 2341 574 barbara
2384 529 2562 589 gente,
2614 520 2919 576 disserendi
2960 518 3345 591 peritissimos,
3375 519 3471 591 qui

1900 609 2037 663 nihil
2072 619 2167 665 aut
2202 610 2485 681 sophiStis,
2523 621 2617 668 aut
2645 611 2976 677 amtoribus,
3011 625 3110 682 pro
3137 610 3337 682 linguae
3358 626 3472 667 sua:

1900 703 1949 756 vi
1988 716 2053 757 ac
2090 703 2302 758 ratione
2333 703 2655 759 concedant.
2690 702 2904 759 Habent
2943 704 3021 759 illi
3052 719 3272 775 quoque
3305 719 3470 775 opera

1901 810 2000 850 sua
2031 810 2284 849 versuum
2305 795 2550 852 numeris
2584 796 2997 867 comprehensa,
3022 784 3355 867 cuiusmodi
3388 803 3475 852 est

1902 902 2158 957 magnum
2186 886 2320 940 illud
2369 884 2537 942 Musis
2568 902 2813 953 carmen,
2854 887 3211 957 psalmusque
3254 885 3474 942 Davidis

1902 979 2236 1033 centesimus
2281 978 2530 1034 decimus
2584 988 2833 1043 octavus,
2885 980 3028 1043 quod
3066 988 3361 1048 utrumque
3406 994 3474 1034 eo

1902 1085 2182 1136 versuum,
2239 1070 2386 1139 quod
2441 1069 2722 1124 heroicum
2774 1069 2949 1125 Graeci
2993 1079 3224 1134 vocant,
3279 1085 3475 1141 genere

1901 1163 2230 1216 continetur.
2268 1159 2480 1231 Quippe
2510 1162 2841 1216 hexametris
2876 1161 3211 1232 syllabarum
3235 1160 3473 1216 sedecim

1901 1252 2067 1307 ambo
2126 1260 2383 1307 constare
2439 1251 2649 1306 dicunt.
2706 1250 2935 1321 Reliqua
2989 1266 3116 1307 vero
3167 1249 3474 1305 carminum

1900 1344 2043 1414 apud
2075 1358 2173 1399 eos
2204 1357 2426 1413 genera,
2459 1357 2528 1397 ex
2571 1343 2834 1399 trimetris
2873 1359 2938 1398 ac
2976 1342 3308 1398 tetrametris
3350 1356 3475 1396 ver-

1899 1436 2075 1501 sibus,
2105 1450 2206 1505 pro
2240 1435 2439 1505 linguae
2479 1450 2591 1490 sua:
2626 1435 2978 1505 proprietate,
3021 1434 3254 1491 conﬂata
3290 1433 3474 1505 perhi-

1899 1529 2116 1585 bentur.
2157 1527 2559 1583 Etdictionem
2574 1527 2656 1583 illi
2690 1528 2910 1599 quidem
2938 1527 3160 1594 habent,
3194 1541 3317 1581 eam
3358 1525 3473 1580 dis-

201 1617 282 1673 ὣν
307 1623 372 1692 τῇ
409 1621 550 1675 κατὰ
578 1622 704 1684 τοὺς
750 1621 950 1693 ἄνδρας
979 1621 1286 1692 φιλοσοφίᾳ,
1318 1621 1393 1685 ὼς
1423 1620 1552 1691 γοῦν
1583 1623 1646 1675 ἐκ
1672 1621 1791 1675 τού-

1901 1619 2276 1676 serendivim
2326 1634 2390 1674 ac
2435 1619 2711 1674 solertiam
2751 1619 3137 1674 includentem.
3189 1616 3327 1672 Nam
3352 1631 3476 1687 qua:

199 1728 315 1765 των
340 1712 633 1781 διαγνῶναι
670 1713 870 1784 ῥᾴδιον.

1900 1713 1966 1769 ad
1988 1727 2210 1768 sensum
2245 1711 2375 1781 ejus
2413 1712 2852 1782 sententiamque
2896 1713 3189 1783 pertinent,
3239 1726 3301 1766 ea
3344 1723 3473 1766 cum

201 1805 528 1860 hominibus
552 1804 804 1860 conferre
844 1805 917 1861 sit
946 1802 1100 1860 nefas
1154 1822 1168 1858 :
1203 1820 1326 1859 cum
1362 1803 1457 1860 Dei
1513 1820 1577 1861 ac
1631 1805 1879 1861 veritatis
1917 1805 2091 1876 ipsius
2121 1804 2341 1858 oracula
2372 1804 2553 1859 verbis
2584 1803 2692 1859 illis
2733 1788 3023 1874 expressa,
3051 1818 3313 1874 responsa
3343 1803 3474 1858 item

200 1897 573 1968 praedictaque
622 1896 843 1963 divina,
900 1912 1026 1953 cum
1072 1898 1376 1969 disciplinis
1419 1899 1485 1953 ad
1532 1898 1786 1969 pietatem
1828 1897 2289 1961 informantibus,
2326 1904 2381 1952 et
2428 1896 2716 1967 praeceptis
2772 1897 2838 1949 ad
2882 1895 3321 1966 cognoscendam
3386 1911 3474 1950 re-

198 2010 329 2049 rum
382 2000 634 2048 naturam
683 1994 1059 2064 spectantibus
1104 1994 1556 2065 complectantur.
1594 1994 1862 2049 Czeterum
1902 2009 2068 2065 quam
2103 1993 2183 2048 iiii
2217 2001 2432 2048 matura
2466 1990 2770 2047 disserendi
2807 1988 3066 2044 facultate
3093 1996 3372 2059 praestent,
3400 2003 3472 2043 ex

198 2098 354 2145 recta
404 2090 689 2144 nominum
738 2090 878 2160 apud
919 2090 1043 2145 illos
1096 2090 1443 2160 impositione
1483 2090 1766 2160 coniicias,
1805 2105 1916 2160 quo
1946 2090 2109 2146 etiam
2141 2089 2195 2143 in
2223 2102 2420 2158 genere
2473 2087 2540 2140 ad
2592 2083 2961 2141 Hebraeorum-
2990 2084 3303 2154 opinionem
3361 2081 3472 2137 suf-

198 2183 438 2256 fragium
475 2200 696 2255 quoque
736 2201 897 2240 suum
947 2186 1197 2256 adjungit
1224 2184 1403 2253 Plato,
1437 2195 1492 2241 et
1534 2201 1659 2241 cum
1710 2201 1901 2242 eorum
1972 2183 2324 2256 philosophia
2357 2165 2562 2254 palam
2618 2187 2915 2251 aperteque
2977 2176 3273 2243 consentit,
3312 2184 3372 2230 ut
3398 2191 3467 2230 ex

199 2277 561 2349 sequentibus
594 2278 819 2349 intelligi
854 2278 1014 2333 facile
1045 2280 1266 2349 poterit.

726 2371 1123 2424 ΚΕΦΑΛΑΙΟΝ
1182 2371 1272 2439 q'.
1348 2386 1367 2406 -

197 2459 344 2528 Περὶ
366 2458 477 2528 τῆς
506 2461 641 2529 παρ’
674 2460 962 2529 Ἑϐραίοις
990 2459 1110 2514 τῶν
1131 2460 1436 2531 ὀνομάτων
1455 2462 1789 2531 ὀρθότητος.

285 2569 306 2602 ι
333 2548 561 2622 Πρώτου
590 2551 833 2615 Μωσέως
864 2551 1062 2623 μακρῷ
1092 2551 1396 2624 πρόσθεν,ἣ
1419 2553 1606 2624 τὸτῆς
1639 2554 1789 2623 φιλο-

204 2640 408 2710 σοφίας
458 2640 629 2713 δνομα
678 2642 757 2704 εἰς
789 2640 1059 2713 Ἕλληνας
1086 2641 1279 2707 ἐλθεῖν,
1307 2641 1395 2695 διὰ
1423 2642 1605 2714 πάσης
1625 2644 1789 2698 αὑτοῦ

200 2730 307 2802 τῆς
348 2731 566 2803 γραφῆς
622 2733 789 2803 μυρία
833 2734 962 2804 περὶ⁹
1000 2734 1100 2804 τῆς
1130 2732 1241 2786 τῶν
1270 2733 1549 2805 ὀνομάτων
1589 2734 1791 2799 θέσεως

202 2817 804 2888 πεπραγματευμένον·
846 2818 941 2871 καὶ
980 2817 1104 2871 τοτὲ
1155 2818 1254 2889 μὲν
1289 2817 1640 2886 φυσικώτατα
1678 2818 1787 2872 τῶν

202 2908 339 2977 παρ’
394 2905 544 2977 αὐτῷ
595 2907 811 2961 πάντων
853 2907 952 2971 τὰς
993 2907 1312 2978 ἐπωνυμίας
1341 2907 1784 2979 διατεταγμένου,

201 2999 329 3051 τοτὲ
353 2998 412 3051 δὲ
435 2997 514 3069 τῷ
541 2997 660 3069 Θεῷ
700 2997 799 3069 τήν
832 2997 1015 3070 κρίσιν
1039 2998 1140 3069 τῆς
1164 2997 1271 3051 τῶν
1302 2996 1541 3052 εὐσεϐῶν
1576 2998 1786 3071 ἀνδρῶν
1814 2985 1856 3043 (ἶ

206 3094 556 3168 μετωνυμίας
577 3094 882 3158 ἀναθέντος·
902 3093 1063 3164 φύσει
1084 3110 1165 3158 τε,
1181 3093 1295 3147 ἀλλ’
1310 3094 1371 3148 οὐ
1393 3093 1559 3157 θέσει,
1577 3093 1647 3147 τά
1674 3093 1789 3148 ὀνόο

206 3206 356 3260 ματα
398 3187 541 3242 κατὰ
570 3186 679 3240 τῶν
713 3186 1056 3259 πραγμάτων
1100 3184 1312 3239 κεῖσθαι
1346 3185 1787 3251 πεπαιδευκότος,

203 3280 471 3352 ἑπόμενος
492 3282 521 3333 6
546 3278 771 3333 Πλάτων
803 3279 1143 3351 συμφέρεται
1171 3281 1285 3342 τοῖς
1314 3280 1529 3346 αὐτοῖς,
1561 3280 1662 3333 οὐκ
1690 3279 1787 3335 άλ-

202 3373 313 3437 λως
345 3374 373 3414 δ
401 3373 434 3444 ἢ
464 3371 756 3444 βαρϐάρων
786 3370 1195 3443 μνησθεὶς,,καὶ
1226 3371 1380 3444 παρὰ
1410 3372 1586 3425 τοῖσδε
1609 3373 1789 3444 φήσας

202 3465 355 3519 τόνδε
387 3462 652 3528 σώζεσθαι
682 3462 772 3517 τὸν
794 3464 1016 3534 τρόπον,
1039 3464 1183 3535 τάχα
1203 3482 1305 3518 που
1327 3465 1454 3529 τοὺς
1509 3463 1789 3536 Ἐϐραίους

206 3557 598 3629 αἰνιττόμενος,
628 3556 751 3610 ἐπεὶ
786 3555 927 3628 μηδὲ
951 3557 1081 3626 παρ’
1110 3557 1317 3630 ἑτέροις
1362 3557 1659 3630 βαρϐάροις
1688 3558 1787 3629 ρᾴ-

204 3647 317 3702 διον
346 3648 446 3718 τὴν
479 3646 689 3700 τοιάνδε
719 3645 1107 3715 παραφυλάξαι
1140 3645 1393 3720 θεωρίαν.
1439 3648 1675 3717 Λέγειδ
1695 3644 1790 3701 οὖν

206 3741 264 3793 ὲν
292 3740 599 3809 Κρατύλῳ,
631 3738 725 3792 καὶ
769 3737 831 3791 οὐ
876 3735 1034 3790 τοῦτο
1077 3734 1215 3792 εἶναι
1262 3738 1432 3811 ὄνομα
1474 3740 1504 3793 ὂ
1530 3740 1595 3794 ἄν
1645 3757 1790 3805 τινες

209 3832 528 3903 συνθέμενοι
550 3831 757 3895 καλεῖν,
790 3829 1018 3893 καλῶσι,
1043 3829 1145 3900 τῆς
1176 3831 1354 3885 αὐτῶν
1377 3833 1559 3903 φωνῆς
1600 3830 1790 3903 μόριον

208 3924 692 3996 ἐπιφθεγγόμενοι,
732 3922 845 3976 ἀλλ’
876 3922 1148 3994 ὀρθότητά
1185 3940 1306 3977 τινα
1357 3922 1465 3977 τῶν
1512 3923 1790 3995 ὀνομάτων

208 4015 533 4084 πεφυκέναι,
589 4016 683 4068 καὶ
713 4014 939 4086 Ἕλλησι
991 4014 1084 4068 καὶ
1127 4012 1423 4084 βαρϐάροις
1474 4013 1571 4086 τὴν
1621 4014 1792 4087 αὐτὴν

209 4105 403 4159 ἅπασι.
432 4123 451 4156 ι
475 4105 587 4158 Καὶ
599 4102 802 4173 προῖὼν
820 4103 947 4172 ἑξῆς
961 4120 1143 4175 φησιν·
1171 4122 1189 4154 ι
1216 4100 1425 4157 Οὐκοῦν
1441 4102 1790 4169 οὖτωςὰξιώ-

202 4188 326 4258 σεις
354 4193 466 4266 (22)
493 4194 584 4247 καὶ¹
605 4193 697 4247 τόν
721 4194 1071 4265 ὀνομαθέτην,
1113 4193 1201 4246 τόν
1224 4210 1283 4246 τε
1331 4192 1517 4247 ἐνθάδε
1569 4194 1666 4247 καὶ
1698 4193 1794 4249 τὸν
1822 4200 1827 4205 ’

209 4288 268 4339 ὲν
304 4286 618 4358 βαρϐάροις.
657 4286 762 4349 ἕως
779 4285 844 4340 ἂν
873 4286 967 4339 καὶ
998 4285 1060 4339 τὸ
1086 4286 1177 4339 τοῦ
1204 4285 1467 4357 ὀνόματος
1496 4280 1635 4349 εἶδος
1657 4287 1793 4339 ἁπο-

208 4377 336 4449 διδῷ
356 4377 418 4432 τό
442 4377 718 4450 προσῆκον
747 4378 963 4448 ἑκάστῳ
988 4417 1002 4441 ,
1053 4378 1110 4430 ὲν
1141 4376 1454 4432 ὁποιαισοῦν
1501 4376 1792 4440 συλλαϐαῖς

210 4472 366 4525 οὐδὲν
403 4471 571 4542 χείρω
603 4454 955 4543 ὀνομαθέτην
981 4466 1122 4523 εἶναι
1148 4469 1240 4524 τόν
1283 4469 1471 4523 ἐνθάδε
1503 4468 1536 4540 ἢ
1580 4467 1671 4522 τὸν
1698 4469 1795 4522 ἀπ’

209 4562 442 4632 οὐρανοῦ
466 4561 683 4616 ἄλλοθεν
700 4561 833 4633 (25).
858 4582 875 4613 ι
896 4558 1009 4616 Εἶθ’
1033 4562 1159 4634 ἑξῆς
1181 4561 1340 4616 πάλιν
1356 4560 1651 4633 τὸνὲπιστή
1661 4566 1799 4631 μονα

212 4656 313 4726 τῆς
332 4653 624 4727 ὀρθότητος
663 4655 771 4708 τῶν
797 4655 1073 4726 ὀνομάτων
1102 4654 1439 4708 διαλεκτικὸν
1473 4654 1567 4707 καὶ
1589 4653 1761 4725 ὀνομα
1780 4685 1794 4696 -

212 4746 376 4818 θέτην
405 4742 543 4800 εἶναι
579 4748 778 4817 φήσας,
807 4747 947 4801 οὕτω
983 4747 1159 4815 λέγει’
1202 4764 1221 4798 ‹
1252 4746 1515 4809 Τέκτονος
1555 4747 1652 4818 μὲν
1685 4747 1795 4818 ἄρα

211 4840 375 4912 ἔργον
405 4841 552 4893 ἐστὶν
583 4838 644 4893 τὸ
678 4840 901 4910 ποιῆσαι
932 4839 1191 4910 πηδάλιον
1231 4836 1648 4901 ἐπιστατοῦντος
1692 4856 1793 4892 κυ-

215 4932 502 5004 ϐερνήτου,
536 4932 583 4984 εί
615 4931 797 5002 μέλλοι
820 4930 984 4985 καλὸν
1012 4926 1157 4984 εἶναι
1180 4930 1241 4983 τὸ
1290 4929 1568 5001 πηδάλιον.
1614 4931 1796 4984 Φαίνε-

213 5037 328 5077 ται.
364 5019 718 5091 Ὀνομαθέτου
747 5019 861 5092 (24)
884 5019 947 5073 δέ
970 5037 1059 5089 γε,
1082 5019 1158 5083 ὡς
1181 5019 1386 5086 ἔοικεν,
1429 5019 1631 5091 ὄνομα,
1676 5022 1796 5075 ἐπι-

286 5143 318 5176 ι
345 5132 432 5187 ισ.
466 5130 821 5203 παραϐαλεῖν,
847 5129 880 5203 ἢ
907 5131 1260 5203 παραλαϐεῖν.
1330 5131 1360 5171 b
1382 5129 1545 5184 Forte
1575 5129 1769 5186 ἄλλων.

289 5242 405 5314 (22)
438 5241 675 5314 Οὐκοῦν
690 5241 877 5314 οὕτως
891 5240 1190 5314 ἀξιώσεις.
1221 5238 1414 5314 Exstat
1440 5240 1529 5314 hic
1556 5238 1800 5314 Platonis

214 5309 394 5440 Ingens;
436 5313 491 5366 in
556 5310 801 5382 Cratylo,
845 5327 968 5383 pag.
1031 5312 1159 5379 260,
1199 5312 1424 5367 edition.
1463 5309 1793 5366 Graeco-Lat.

262 5400 416 5439 remi.

262 5400 416 5439 IClnl.

288 5455 406 5587 (25g
438 5452 610 5516 Plato,
634 5452 862 5506 ὁπουοῦν
886 5451 1087 5507 ἄλλοθι.

291 5523 383 5587 (24
447 5522 851 5587 Ὀνομαθέτου.
884 5523 1037 5578 Plato
1065 5524 1087 5575 1‘

291 5521 425 5596 (24)-
447 5522 851 5596 Ὀνομαθέτου.
884 5523 1037 5596 Plato
1065 5521 1377 5594 Νομοθέτου
1401 5564 1416 5589 ,
1443 5522 1798 5596 quemadmo-

218 5596 349 5650 dum
381 5593 476 5649 alt.
506 5594 863 5663 manuscﬁpt.
890 5593 1115 5648 Ficinus
1149 5604 1328 5647 tamen
1361 5594 1541 5660 vertit,
1568 5594 1794 5646 nominis

218 5667 519 5734 impositor.
566 5668 635 5717 At
686 5664 973 5734 νομοθέτου
1029 5679 1154 5718 vera
1208 5665 1367 5718 lectio
1407 5673 1532 5734 est,
1581 5663 1795 5717 tamet~i

223 5732 403 5807 primo
452 5744 697 5806 aspectu,
743 5732 1070 5806 ὀνομαθέτου
1111 5750 1201 5790 arr
1222 5735 1365 5791 deat.
1405 5732 1605 5805 Pagina
1648 5734 1793 5789 enim

2490 2356 2722 2415 CAPUT
2765 2356 2855 2411 vr.
3224 2422 3225 2425 γ

1920 2512 1925 2517 .
1988 2458 2065 2513 De
2093 2465 2234 2511 recta
2271 2455 2540 2508 nominum
2572 2450 2714 2520 apud
2751 2447 3001 2502 Hebraeos
3028 2445 3381 2515 impositione.

1969 2569 1987 2603 ι
2014 2550 2215 2605 Mosem
2273 2547 2424 2600 illum
2447 2585 2463 2610 ,
2502 2543 2596 2613 qui
2646 2541 2807 2612 longe
2852 2550 3142 2609 antequam
3177 2539 3262 2594 vel
3292 2539 3472 2609 ipsum

1892 2640 2258 2715 philosophia:
2306 2653 2507 2693 nomen
2560 2636 2806 2689 auditum
2866 2642 3013 2689 esset
3046 2633 3102 2686 in
3149 2632 3381 2701 Graecia,
3407 2633 3476 2689 de

1890 2733 2175 2790 nominum
2208 2728 2563 2800 impositione
2594 2738 2704 2782 tam
2742 2740 2889 2796 saepe
2954 2733 3180 2796 tamque
3237 2725 3493 2796 diligens.

1889 2835 1971 2882 ter
1996 2839 2095 2881 sua
2117 2822 2321 2895 passim
2344 2819 2574 2876 historia
2596 2818 2912 2889 disputavit,
2930 2819 3135 2889 quique
3158 2818 3354 2888 partim
3377 2832 3474 2872 eo:

1888 2933 2034 2983 rum,
2060 2914 2155 2986 qui
2186 2913 2329 2985 apud
2369 2926 2493 2968 sese
2513 2919 2690 2977 erant,
2709 2911 2977 2976 omnium,
3004 2910 3084 2964 uti
3129 2908 3471 2979 singulorum

1890 3010 2130 3065 maxime
2157 3015 2353 3061 natura
2383 3003 3095 3074 postulabat,cognomenta
3122 3000 3332 3065 statuit,
3356 3015 3475 3070 par-

1892 3101 1987 3156 tim
2016 3113 2229 3164 corum,
2259 3095 2352 3152 ubi
2377 3094 2445 3150 de
2472 3094 2605 3148 viris
2620 3093 2989 3150 sanctioribus
3004 3101 3274 3165 ageretur,
3297 3100 3476 3146 muta-

1890 3195 2117 3257 tionem,
2138 3191 2325 3246 divino
2346 3195 2514 3243 totam
2543 3186 2771 3241 arbitrio
2813 3185 3129 3259 iudicioque
3152 3183 3475 3259 reservavit,

1890 3300 2015 3341 cum
2053 3283 2150 3339 abs
2191 3290 2387 3337 natura
2431 3278 2634 3351 potius,
2666 3273 2830 3350 quam
2863 3293 2929 3333 ex
2951 3277 3303 3348 impositione
3334 3291 3476 3347 qua-

1889 3377 2016 3433 dam
2038 3392 2137 3433 sua
2163 3375 2328 3431 rebus
2351 3373 2580 3446 singulis
2592 3380 2848 3429 constare
2865 3371 3087 3426 nomina
3110 3370 3468 3442 intelligeret:

1892 3465 2416 3557 515prinqhieq
2434 3468 2535 3531 hoc
2569 3465 2625 3543 in
2668 3478 2866 3557 genere
2904 3463 3208 3534 ducemque
3253 3470 3475 3518 secutus

1890 3542 2342 3631 Platofeamd'em
2368 3542 2617 3627 p'rorsus
2634 3548 2839 3610 insistit
2866 3554 3059 3619 vitam,
3087 3569 3188 3609 nec
3216 3552 3473 3619 aliorum,

1891 3665 2056 3721 quam
2107 3649 2490 3713 barbarorum,
2541 3647 2874 3704 mentionem
2936 3646 3112 3715 facit,“
3141 3644 3285 3716 apud
3337 3660 3477 3716 quos

1892 3756 2012 3795 eam
2040 3738 2281 3795 nominis
2312 3737 2629 3809 imponendi
2658 3732 2935 3816 rationem
2962 3736 3168 3793 servari
3206 3745 3476 3802 testatur;

1894 3829 2177 3898 Hebraeos,
2209 3829 2428 3900 opinor,
2461 3828 2801 3900 signitlcans,
2832 3816 2957 3883 cum
3004 3827 3147 3899 apud
3174 3827 3313 3882 alios
3343 3841 3480 3881 sane

1893 3923 2160 3978 barbaros
2199 3921 2306 3978 hoc
2337 3921 2507 3977 studii
2536 3921 2886 3992 solertiaeque
2915 3935 3088 3992 genus
3134 3919 3279 3975 haud
3314 3917 3474 3974 facile

1894 4012 2158 4084 reperias.
2207 4010 2502 4067 Enimvero
2535 4012 2713 4069 docet.
2747 4007 3079 4093 in’Cralylo,
3127 4026 3474 4084 nequaquam

1894 4106 1957 4161 id
1976 4120 2177 4161 nomen
2206 4103 2519 4161 habendum
2546 4095 2860 4178 esse,'quOd
2887 4098 2954 4161 ex
2983 4108 3233 4163 condicto
3254 4115 3499 4162 mutuo-v

1894 4216 2001 4272 que
2030 4214 2326 4266 consensu,
2357 4198 2607 4253 nonnulli
2640 4215 2805 4254 unam
2852 4200 3091 4269 aliquam
3118 4199 3317 4270 linguae
3362 4215 3502 4256 suae

1895 4293 2221 4364 particulam
2294 4291 2639 4348 eﬂundentes
2704 4292 3057 4348 indiderint:
3126 4293 3220 4349 sed
3292 4292 3495 4364 potius,

1901 4385 2201 4455 quamdam
2225 4385 2510 4440 nominum
2538 4384 2925 4455 proprietatem
2964 4385 3131 4442 rebus
3158 4387 3290 4457 ipsis
3318 4388 3477 4445 inna-

1900 4485 2012 4532 tam
2057 4490 2199 4543 esse,
2249 4475 2494 4546 ejusdem
2547 4475 2771 4530 omnino
2815 4484 2924 4531 tam
2976 4478 3120 4546 apud
3169 4477 3474 4544 barbaros,

1901 4584 2065 4639 quam
2091 4567 2235 4637 apud
2261 4566 2482 4624 Graecos
2509 4566 2789 4623 rationis.)
2812 4567 2891 4624 Ac
2912 4570 3169 4641 deinceps
3190 4571 3262 4625 ita
3278 4571 3482 4643 pergit:

1911 4676 1931 4709 ι
1991 4656 2210 4712 Statuas
2264 4656 2451 4727 igitur,
2478 4714 2479 4717 η
2507 4656 2709 4726 inquit,
2745 4673 2975 4714 necesse
3023 4669 3128 4724 est,
3160 4661 3476 4731 quicunque

1898 4751 1984 4806 vel
2027 4751 2119 4807 hic
2161 4750 2248 4806 vel
2288 4751 2431 4805 inter
2458 4749 2723 4804 barbaros
2762 4751 2985 4805 nomina
3014 4751 3177 4806 rebus
3210 4750 3473 4821 imponat,

1901 4858 2050 4910 eum,
2095 4841 2347 4913 quandiu
2384 4856 2546 4896 suum
2594 4841 2793 4911 cuique
2834 4857 2900 4897 ac
2946 4844 3227 4912 proprium
3275 4856 3472 4896 nomen

1902 4935 2181 5004 imponet",
2244 4933 2665 5003 quibuscunque
2717 4934 2935 4988 demum
2981 4932 3204 5003 syllabis
3253 4940 3472 5000 utatur,

1902 5027 2075 5083 nihilo
2113 5027 2437 5092 deteriorem
2479 5027 2711 5083 alterum
2745 5025 2917 5082 altero
2962 5024 3247 5080 nominum
3282 5033 3477 5081 aucto-

1906 5250 2278 5321 prazcedente,
2327 5251 2381 5306 in
2416 5266 2483 5307 eo
2514 5249 2765 5321 maxime
2795 5246 2950 5321 Plato
2994 5246 3127 5321 fuit,
3158 5259 3219 5303 ut
3253 5247 3478 5321 nomina

1908 5317 2073 5378 rebus
2119 5317 2434 5392 imponere,
2465 5319 2723 5392 sapientis
2751 5318 3100 5392 legislatoris
3120 5333 3243 5392 esse
3273 5317 3474 5392 contir:

1907 5400 2102 5455 maret,
2138 5385 2214 5447 ab
2239 5407 2305 5446 eo
2328 5385 2448 5447 loco
2468 5385 2659 5461 litterae
2741 5385 2900 5461 :‘Ap’
2923 5389 3046 5461 ουχὶ
3080 5389 3109 5440 6
3136 5388 3298 5461 νόμος
3329 5386 3482 5461 δοκεῖ

1906 5479 1989 5536 σοι
2011 5465 2040 5517 6
2060 5461 2389 5536 παραδιδοὺς
2415 5456 2893 5536 αὑτά-(ὀνόλματαξς
2927 5456 3132 5536 "Some.
3166 5456 3480 5536 Νομοθέτου

1903 5532 2012 5604 ἄρα
2057 5527 2203 5604 ἔργῳ
2243 5530 2581 5604 χρήσεται-ὀ
2628 5527 3043 5604 διδασκαλικὸςζ
3083 5529 3211 5604 ὅταν
3255 5527 3481 5604 ὀνόματι

1903 5594 2313 5673 χρῆταὶ.’Ᾰοκεῗ
2339 5594 2450 5671 μοι.
2485 5597 2874 5669 Νομοθέτηςδὲ
2905 5616 2986 5652 σοι
3019 5599 3167 5651 δοκεῖ
3205 5600 3314 5663 πᾶς
3341 5594 3482 5655 εῖναι

1903 5673 2063 5744 ἀνὴρ,
2092 5674 2122 5725 6
2151 5673 2248 5745 τὴν
2282 5671 2476 5744 τέχνην
2512 5668 2683 5740 ἕχων;
2726 5669 2784 5722 Ὀ
2816 5668 2929 5745 τὴν,
2942 5667 3168 5743 τέχνην,
3197 5679 3301 5726 etc.
3332 5669 3479 5725 Idem

2050 5712 2063 5737 ν
2092 5709 2122 5725 ν
2161 5709 2246 5737 *τιν
2293 5709 2474 5737 “⁹Λ’⁶ί’
2512 5709 2683 5737 'Lw'!
2745 5709 2782 5722 ν
2826 5709 3168 5737 "l""'L"l"
3198 5709 3301 5726 V‘V'
