3826 6232
134 321 238 378 857

1276 312 1597 369 ΡΒᾹΞΡΑΒ.
1640 312 1897 370 EVANG.
1939 311 2068 369 LIB.
2110 308 2205 365 XI.

3295 304 3413 361 858'

135 396 348 509 λογικὸν
386 437 488 510 τῆς
518 438 656 512 πρὸς
680 438 744 493 τὸ
788 437 982 511 θνητὸν
1026 439 1120 493 καὶ
1157 434 1353 508 ἄλογον
1396 438 1712 509 συμπλοκῆς

1818 437 1865 494 is
1887 454 1916 493 a
1944 436 2093 494 Mose
2116 436 2358 492 Adamus
2383 448 2512 490 vere
2550 448 2616 489 ac
2649 431 2870 504 proprie
2893 430 3187 488 diceretur.
3215 430 3402 499 Quen-

132 528 317 582 ἒνεκα.
360 526 434 580 Τὸ
485 525 589 598 μὲν
617 526 726 599 γὰρ
769 527 949 598 πάντη
984 526 1247 599 καθαρὸν,
1272 527 1368 581 καὶ
1403 526 1714 598 ἀσώματον,

132 620 230 675 καὶ
260 619 425 685 θεῖον,
458 619 554 673 καὶ
573 617 810 686 λογικὸν,
840 619 901 672 οὐ
940 619 1098 688 μόνον
1125 617 1236 674 τῶν
1276 618 1513 691 πρόσθεν
1558 635 1714 687 γενο-

134 708 315 777 μένων
340 707 446 780 τὴν
474 708 718 779 μνήμην,
742 707 879 763 ἀλλὰ
912 709 1008 762 καὶ
1035 706 1145 762 τῶν
1168 707 1470 780 μελλόντων
1495 706 1715 762 ἔσεσθαι

130 800 230 871 τὴν
259 800 462 870 γνῶσιν
490 797 557 853 δι’
583 798 761 870 ἄκραν
783 799 988 870 ἀρετὴν
1016 799 1251 872 θεωρίας
1274 799 1594 872 περιείληφε
1615 816 1630 830 ·
1654 798 1717 853 τδ

131 893 172 947 δ’
213 895 271 948 ὲν
313 891 475 965 σαρξὶ
502 891 892 964 πεπ.λημὲνον,
925 891 1133 956 ὀστέοις
1160 909 1221 945 τε
1248 892 1343 946 καὶ
1371 891 1587 964 νεύροις
1617 908 1719 946 κα-

129 984 590 1056 ταπεπαραμένον
609 996 661 1049 ι,
713 983 877 1053 ὄγκον
915 1001 977 1037 τε
1023 984 1194 1055 μέγαν
1255 984 1354 1038 καὶ
1392 983 1563 1057 βαρὺν
1612 985 1715 1037 ἐπ-

131 1074 470 1147 ηχθισμένον
522 1072 583 1127 τὸ
628 1072 809 1144 σῶμα,
870 1073 1040 1145 λήθης
1078 1073 1280 1144 πολλῆς
1304 1073 1401 1128 καὶ
1445 1071 1716 1144 ἀμαθείας

128 1165 356 1221 συνιδὼν
399 1167 430 1218 6
476 1166 604 1236 παρ’
646 1165 919 1238 Ἑϐραίοις
950 1165 1140 1235 λόγος,
1171 1166 1446 1236 εὐθυϐόλῳ
1472 1166 1712 1238 κέκληκε

135 1255 505 1326 προσρήματι,
549 1253 714 1319 Ἐνὼς
744 1256 1106 1325 ἐπονομάσας,
1139 1257 1278 1328 ὅπερ
1291 1256 1442 1328 δηλοῖ
1461 1256 1551 1309 τὸν
1592 1257 1714 1309 ὲπι-

126 1342 397 1417 λήσμονα.
425 1348 617 1401 Κεῖται
647 1344 778 1415 γοῦν
804 1348 955 1419 παρά
988 1365 1095 1401 τινι
1122 1350 1375 1421 προφήτῃ
1397 1367 1410 1380 ·
1446 1369 1464 1401 ι
1507 1349 1572 1402 Τί
1596 1351 1713 1403 ἐστι

126 1434 442 1507 ἄνθρωπος,
489 1438 569 1491 ὅτι
608 1440 892 1512 μιμνήσκῃ
932 1438 1136 1506 αύτοῦ;
1172 1440 1205 1510 ἢ
1254 1441 1369 1504 υἱὸς
1398 1439 1709 1512 ἀνθρώπου,

124 1529 210 1582 ὅτι
238 1529 548 1603 ἐπισκέπτῃ
578 1529 780 1597 αὑτόν;
812 1550 830 1583 ι
874 1531 1013 1585 Ἀνθ’
1058 1526 1120 1586 οὗ
1174 1533 1234 1585 τὸ
1284 1531 1570 1604 Ἐὅραῖκὺν
1619 1532 1713 1585 ἐπὶ

128 1621 229 1691 μὲν
262 1621 363 1693 τῆς
414 1620 635 1694 πρώτης
683 1620 778 1675 τοῦ
828 1620 1116 1694 ἀνθρώπου
1147 1622 1393 1694 κλήσεως
1431 1623 1492 1676 τὸ
1548 1621 1711 1686 Ἐνὼς

126 1713 479 1784 περιείληφεν
498 1730 512 1745 ο
540 1713 671 1767 ὡσεὶ
693 1712 845 1782 ἔλεγε
868 1714 1202 1785 σαφέστερον
1227 1732 1241 1745 ·
1281 1716 1345 1769 Τί
1378 1708 1531 1780 οὗτός
1561 1716 1712 1768 ἐστιν

1823 545 1989 600 quam
2020 537 2076 585 et
2102 528 2209 582 alia
2250 540 2471 597 quoque
2493 525 2870 595 appellationis
2899 524 3064 595 hujus
3096 524 3239 580 ratio
3278 540 3405 583 esse

1824 625 2024 689 potest,
2054 617 2214 687 quasi
2250 631 2319 670 ex
2347 614 2518 669 rubro
2550 614 2733 669 colore
2775 615 3032 681 ducatur,
3073 623 3127 669 et
3154 615 3403 685 corporis

1824 716 2078 762 naturam
2122 712 2496 775 repraesentet.
2542 704 2815 759 Caeterum
2856 704 3134 759 hominem
3181 704 3400 773 quidem

1822 798 2056 867 Hebraei,
2091 799 2185 855 sed
2215 806 2516 861 terrenum,
2563 806 2727 865 atque
2771 811 2836 851 ex
2878 806 3021 851 terra
3067 795 3253 851 ﬁctum
3297 811 3400 850 na-

1822 899 2068 961 tumque,
2092 890 2178 945 vel
2211 905 2279 945 ex
2309 902 2540 959 corpore
2574 902 2850 957 caraeque
2881 886 3173 942 conﬂatum
3205 886 3401 941 Adami

1821 981 2046 1036 nomine
2074 979 2389 1050 signiﬁcant
2421 996 2436 1034 :
2469 987 2526 1034 at
2568 977 2847 1033 hominem
2885 978 3016 1033 dum
3048 979 3270 1048 proprie
3305 994 3404 1051 ap-

1819 1076 2025 1146 pellare
2069 1073 2282 1136 volunt,
2312 1086 2505 1128 vocem
2554 1070 2703 1125 Euos
2730 1085 2998 1139 usurpare
3043 1071 3237 1135 solent,
3290 1087 3399 1142 qua

1822 1166 1988 1221 homo
2014 1165 2107 1220 ille
2134 1172 2320 1219 noster
2349 1163 2564 1218 ratione
2592 1160 2873 1233 praeditus,
2904 1170 3065 1232 atque
3091 1162 3159 1217 ab
3186 1170 3402 1218 terreno

1818 1257 2031 1311 Adamo
2076 1265 2273 1310 natura
2331 1256 2617 1324 sejunctus
2663 1255 3024 1322 exprimatur.
3076 1251 3191 1308 Hoc
3235 1254 3401 1310 etiam

1819 1344 1967 1402 Enos
1999 1345 2277 1415 singulare
2307 1346 2491 1407 habet,
2526 1352 2585 1399 ut
2610 1328 2969 1397 immemorem
2999 1342 3187 1399 Graeca
3215 1343 3401 1414 lingua

1820 1437 2111 1508 signiﬁcet.
2148 1436 2440 1492 Enimvero
2489 1436 2541 1491 id
2576 1437 2627 1489 ei
2662 1435 2799 1505 parti
2855 1446 3096 1501 nostrae,
3138 1450 3262 1505 quae
3305 1435 3401 1489 ad—

1812 1537 2060 1606 junctam
2103 1535 2371 1590 rationem
2409 1532 2593 1594 habet,
2626 1542 2846 1602 propter
2874 1532 2993 1600 ejus
3021 1547 3145 1587 cum
3179 1531 3400 1586 mortali

1817 1635 1874 1684 et
1908 1627 2140 1683 rationis
2171 1636 2394 1695 experte
2424 1626 2850 1691 commercium,
2886 1641 2988 1681 usu
3043 1625 3212 1680 venit.
3259 1623 3399 1681 Nam

1820 1718 1874 1772 id
1912 1734 2067 1782 sane,
2107 1718 2251 1787 quod
2281 1732 2479 1787 purum
2529 1716 2791 1779 omnino,
2824 1716 2967 1784 quod
3002 1716 3121 1770 sine
3148 1729 3397 1784 corpore,

123 1806 152 1857 6
173 1803 516 1876 ἐπιλήσμων,
541 1806 623 1859 ὃτι
653 1805 740 1869 σὺ,
767 1799 812 1858 ὧ
832 1805 955 1868 Θεὲ,
986 1806 1268 1877 μιμνήσκῃ
1294 1806 1480 1872 αὑτοῦ,
1510 1807 1712 1879 καίπερ

1818 1810 1960 1880 quod
1986 1810 2233 1864 divinum
2265 1823 2330 1862 ac
2354 1808 2567 1863 ratione
2599 1807 2882 1877 praeditum
2911 1817 3014 1871 est,
3033 1822 3140 1862 non
3173 1816 3398 1877 praeter-

125 1896 281 1961 ὄντος
307 1895 705 1967 ὲπιλήσμονος;
734 1896 808 1950 Τὸ
837 1897 915 1962 δὲ,
947 1917 966 1950 t
999 1898 1070 1951 Ἦ
1101 1898 1216 1962 υίὸς
1249 1897 1535 1969 ἀνθρώπου
1556 1938 1573 1964 ,
1631 1900 1712 1953 ὃτι

124 1990 436 2062 ἐπισκέπτῃ
466 1990 660 2055 αὑτόνς
685 2010 705 2042 ι
740 2008 760 2043 ι
795 1991 865 2044 Ἦ
909 1991 1025 2056 υίὸς
1075 1992 1247 2075 Ἀδὰμ
1282 2010 1300 2045 ι
1331 1994 1513 2046 κεῖται
1561 1992 1712 2063 παρὰ

123 2086 240 2146 τοῖς
263 2083 612 2155 δηλουμένοις
630 2099 646 2115 ⁸
687 2085 764 2148 ὡς
787 2079 924 2139 εἶναι
959 2086 1053 2140 τὸν
1082 2086 1244 2139 αὐτὸν
1282 2087 1378 2140 καὶ
1425 2085 1596 2157 Ἀδὰμ
1617 2086 1714 2141 καὶ

137 2171 308 2239 Ἐνώς
327 2190 342 2203 ’
372 2174 467 2228 τοῦ
503 2175 603 2246 μὲν
636 2175 902 2247 σαρκικοῦ
933 2177 1021 2230 διὰ
1040 2176 1139 2231 τοῦ
1179 2178 1371 2250 Ἀδάμ,
1402 2178 1497 2234 τοῦ
1534 2178 1592 2233 δὲ
1626 2179 1715 2233 λο-

121 2266 284 2337 γικοῦ
337 2266 426 2321 διὰ
474 2266 568 2321 τοῦ
637 2268 803 2332 Ἐνὼς
851 2270 1282 2342 παρισταμένου.
1338 2270 1450 2326 Kal.
1480 2271 1551 2326 τὰ
1614 2273 1713 2344 μὲν

136 2361 407 2432 Ἑϐραίων
447 2360 603 2429 λόγια
636 2361 780 2415 οὕτω
804 2380 921 2427 πως
946 2363 1145 2435 διαιρεῖ
1185 2364 1286 2437 τὴν
1336 2365 1711 2436 ὲτυμολογίαν.

132 2452 196 2506 Ὀ
220 2453 279 2507 δὲ
317 2453 544 2507 Πλάτων
570 2441 664 2508 τόν
684 2454 968 2525 ἄνθρωπον
990 2458 1055 2527 τῇ
1094 2455 1360 2528 Ἑλλήνων
1380 2460 1530 2530 φωνῇ
1560 2458 1713 2529 παρὰ

120 2545 185 2599 τὸ
214 2545 471 2618 ἀναθρεῖν
507 2563 638 2619 φησι
666 2546 986 2619 κεκλῆσθαι,
1021 2547 1192 2617 λέγων
1215 2565 1226 2576 ·
1259 2567 1279 2600 ι
1327 2549 1386 2602 Ὁ
1411 2550 1470 2603 δὲ
1503 2550 1713 2624 ἄνθρω-

121 2655 227 2701 πος
254 2637 374 2708 ἅμα
406 2636 637 2709 ἑώρακε,
670 2637 828 2691 τοῦτο
848 2638 905 2692 δέ
961 2640 1078 2693 ἐστι
1113 2638 1324 2706 ὄπωπε,
1361 2641 1457 2696 καὶ
1489 2642 1715 2714 ἀναθρεῖ

121 2731 219 2784 καὶ
278 2729 550 2799 λογίζεται
601 2730 758 2783 τοῦτο
809 2730 838 2783 ὃ
883 2730 1130 2795 ὄπωπεν,
1187 2732 1275 2786 ἵνα
1405 2733 1657 2806 ἀναθρῶν
1678 2732 1715 2788 ἃ

118 2822 332 2876 ὄπωπε.
360 2841 379 2873 ι
412 2822 581 2876 Πάλιν
623 2823 860 2895 Ἑϐραῖοι
886 2823 977 2876 τὸν
1006 2823 1173 2895 ἄνδρα
1203 2824 1257 2889 ῖς
1279 2824 1523 2880 καλοῦσι.
1567 2827 1718 2899 Παρ-

118 2916 288 2988 ῆκται
319 2915 379 2969 δὲ
430 2916 615 2980 αὐτοῖς
652 2915 890 2985 τοῦνομα
941 2914 1167 2969 ἀπὸτοῦ
1206 2915 1286 2982 ἒς,
1314 2918 1380 2972 δι’
1419 2912 1480 2971 οὗ
1512 2920 1713 2991 σημαί-

118 3024 272 3061 νουσι
300 3007 364 3060 τὸ
394 3006 508 3078 πῦρ
532 3048 545 3069 ,
575 3007 662 3061 ἵνα
773 3018 927 3079 παρα
962 3007 1023 3060 τὸ
1074 3005 1276 3079 θερμὸν
1329 3010 1424 3063 καὶ¹
1450 3010 1712 3085 διάπυρον

116 3096 223 3168 τῆς
254 3096 350 3150 τοῦ
377 3098 569 3170 ἀνδρὸς
596 3097 810 3182 φύσεως
840 3100 868 3151 6
893 3097 1031 3170 ἀνὴρ
1075 3099 1482 3171 ὠνομασμένος.
1534 3103 1597 3156 Ἠ
1652 3102 1710 3156 δὲ

1811 1903 2013 1958 itorum
2050 1900 2215 1955 modo
2262 1899 2582 1954 memoriam
2602 1939 2619 1965 ,
2661 1899 2757 1953 sed
2779 1900 2944 1953 etiam
2972 1899 3278 1954 futurorum
3308 1914 3402 1956 co-

1811 1994 2130 2065 gnitionem,
2180 1992 2251 2047 ob
2302 1991 2414 2045 vim
2457 1991 2867 2061 contemplandi
2918 2007 3191 2047 summam
3242 2007 3401 2048 com-

1812 2086 2094 2157 plectitur.
2132 2084 2290 2150 Quod
2321 2093 2501 2139 autem
2531 2084 2685 2138 carni
2720 2092 2979 2153 tanquam
3030 2084 3146 2139 luto
3178 2085 3402 2140 immer-

1812 2192 1936 2232 sum
1968 2184 2078 2240 est,
2116 2175 2266 2248 quod
2314 2189 2383 2231 ex
2426 2176 2648 2230 ossibus
2692 2175 2986 2246 nervisque
3034 2185 3399 2246 compactum,

1813 2265 1960 2335 quod
1991 2264 2251 2334 imposito
2284 2279 2542 2334 corpore,
2571 2263 2720 2319 velut
2749 2263 2955 2333 ingenti
2991 2266 3226 2334 quadam
3259 2265 3403 2321 mole

1814 2371 2164 2427 oppressum,
2196 2354 2248 2409 id
2278 2370 2406 2411 cum
2453 2353 2716 2410 Hebraeus
2744 2357 2917 2410 multa
2946 2372 3069 2411 cum
3104 2358 3399 2427 oblivione,

1814 2458 1929 2503 tum
1975 2448 2252 2519 imperitia
2305 2447 2560 2502 laborare
2607 2447 2953 2516 intelligeret,
3004 2447 3152 2503 Enos
3195 2464 3400 2504 conve-

1813 2540 1987 2596 nienti
2019 2539 2339 2607 admodum,
2367 2547 2422 2593 et
2447 2536 2779 2592 oblivionem
2812 2538 3155 2609 signiﬁcante
3179 2541 3402 2596 nomine

1813 2632 2124 2702 appellavit.
2188 2629 2255 2685 Et
2303 2630 2525 2702 quidem
2586 2629 2727 2698 apud
2781 2630 3020 2700 aliquem
3074 2631 3402 2702 prophetam

1814 2724 2046 2795 legimus
2068 2725 2148 2779 ’διε
2193 2743 2211 2775 ι
2248 2720 2392 2789 Quid
2421 2732 2505 2777 est
2529 2722 2716 2789 homo,
2741 2725 2886 2792 quod
2918 2736 3128 2777 memor
3150 2738 3209 2779 es
3235 2723 3401 2793 ejus?

1814 2828 1910 2873 aut
1957 2818 2102 2873 ﬁlius
2136 2815 2379 2871 hominis
2403 2854 2419 2880 ,
2465 2813 2730 2883 quoniam
2781 2815 2972 2871 visitas
3001 2817 3175 2870 eum?
3211 2835 3229 2867 ι
3281 2816 3402 2883 Quo

1814 2912 1936 2966 loco
1961 2908 2228 2965 Hebraica
2258 2909 2446 2980 lingua
2475 2924 2576 2979 pro
2609 2909 2701 2963 illa
2734 2908 2902 2978 priori
2938 2907 3177 2963 hominis
3217 2908 3403 2977 appel-

1813 3001 2039 3066 latione,
2071 3014 2263 3054 vocem
2307 2998 2473 3069 Enos.
2500 2999 2786 3067 adhibuit;
2823 2999 2981 3070 quasi
3010 2998 3213 3053 clarius
3249 2999 3400 3053 dice-

1814 3100 1936 3148 ret:
1986 3091 2130 3158 Quid
2180 3090 2483 3146 obliviosus
2538 3091 2640 3147 iste
2686 3099 2792 3155 est,
2843 3099 2902 3145 ut
2954 3091 3095 3160 ejus,
3147 3105 3182 3145 ο
3230 3088 3398 3154 Deus,
3489 3128 3497 3138 .

117 3160 280 3261 γύνὴ,
305 3160 535 3261 ἐπείπερ
550 3160 772 3263 εἴρηται
793 3160 860 3245 εκ
882 3160 1480 3267 τοῦάνδρὸςέίλήφθαί,
1496 3196 1588 3249 καὶ
1611 3195 1708 3267 τὴν

1818 3186 2134 3241 meminisse
2177 3184 2333 3250 velis,
2384 3199 2510 3239 cum
2556 3199 2734 3255 usque
2778 3184 2915 3239 adeo
2964 3184 3036 3239 sit
3066 3182 3404 3239 immemor?

118 3281 494 3352 προσηγορίαν
518 3284 860 3336 ἐπικοινωνεῖ
889 3282 967 3353 τῷ
989 3284 1166 3355 ἀνδρί.
1207 3284 1357 3338 Ἰσσά
1383 3286 1494 3359 γὰρ
1517 3289 1550 3358 ή
1573 3286 1710 3359 γυνὴ

117 3370 337 3440 λέγεται
369 3371 500 3444 παρ’
523 3373 727 3436 αὐτοῖς,
752 3371 942 3445 ῶσπερ
976 3372 1029 3437 ἲς
1055 3375 1084 3427 6
1107 3374 1269 3446 ἁνήρ.
1309 3375 1366 3429 Ὀ
1398 3374 1456 3429 δὲ
1484 3376 1711 3431 Πλάτων

116 3462 210 3517 τὸν
226 3463 398 3535 ἄνδρα
426 3481 444 3514 ι
484 3464 634 3536 παρὰ
665 3465 764 3536 τὴν
794 3464 907 3520 ἄνω
941 3467 1070 3539 ῥοὴν
1103 3486 1122 3519 ι
1146 3466 1509 3538 ὀνομάζεσθαι
1540 3468 1709 3537 λέγει.

119 3556 233 3611 Καὶ
256 3555 500 3622 ἐπιλέγει
518 3573 533 3587 ’
571 3575 591 3607 ‹
640 3557 704 3610 Ἠ
733 3557 791 3611 δὲ
812 3559 953 3632 γυνὴ
976 3560 1109 3632 γονή
1142 3576 1233 3631 μοι
1255 3560 1503 3630 φαίνεται
1528 3559 1713 3628 βούλε-

121 3648 249 3703 σθαι
294 3643 458 3704 εἶναι.
501 3667 520 3701 ι
552 3647 723 3702 Πάλιν
763 3651 969 3722 Μωσῆς
1007 3650 1100 3705 τὸν
1137 3651 1365 3724 οὐρανὸν
1402 3651 1614 3724 ἐτύμως
1641 3655 1708 3725 τῇ

132 3742 404 3814 Ἑϐραίων
430 3739 652 3813 γλώσσῃ
682 3741 970 3813 στερέωμα
997 3743 1431 3815 προσαγορεύει,
1468 3743 1622 3816 παρὰ
1649 3744 1711 3797 τὸ

120 3835 337 3906 πρῶτον
364 3828 525 3899 εἶναι,
552 3834 691 3905 μετὰ
718 3834 819 3906 τὴν
841 3832 1133 3906 ἀσώματον
1152 3836 1247 3889 καὶ¹
1275 3836 1471 3907 νοεράν
1498 3837 1709 3904 οὐσίαν,

119 3926 273 3980 τοῦδε
301 3924 399 3980 τοῦ
438 3926 646 3997 κόσμου
669 3926 885 3996 στερεὸν
919 3927 1015 3980 καὶ
1040 3926 1298 3997 αἰσθητὸν
1327 3927 1510 3998 σῶμα.
1556 3928 1616 3982 '0
1652 3928 1711 3982 δὲ

122 4017 348 4070 Πλάτων
359 4016 439 4087 τῷ
465 4015 680 4090 οὐρανῷ
695 4033 860 4088 φησιν
888 4016 1066 4089 ὀρθῶς
1087 4018 1259 4090 ὄνομα
1281 4020 1516 4087 κεῖσθαι,
1533 4019 1621 4074 διὰ
1649 4021 1710 4074 τὸ

120 4107 233 4160 άνω
245 4109 379 4179 ὁρᾷν
392 4110 586 4162 ποιεῖν.
608 4108 780 4163 Πάλιν
805 4108 899 4162 Ἐἦ
907 4111 1049 4180 ραῖοι
1072 4108 1151 4181 τῷ
1170 4110 1269 4181 μὲν
1297 4111 1556 4183 ἀνωτάτω
1574 4111 1710 4185 (29')

120 4198 214 4251 τοῦ
241 4198 379 4252 Θεοῦ
414 4198 602 4271 κύριον
626 4200 796 4271 ὄνομα
829 4200 1072 4272 ἄρρητον
1101 4197 1239 4254 εἶναι
1267 4203 1362 4255 καὶ
1385 4201 1709 4272 ἄφθεγκτον,

120 4287 243 4341 οὐδὲ
277 4288 550 4359 φαντασίᾳ
572 4289 810 4353 διανοίας
843 4288 1047 4360 ληπτόν
1066 4307 1081 4322 ο
1109 4291 1242 4345 αὐτὸ
1267 4291 1324 4345 δὲ
1353 4293 1513 4346 τοῦτο
1534 4293 1655 4347 καθ’
1683 4294 1712 4347 ὃ

122 4378 254 4433 Θεὸν
273 4376 634 4450 ὀνομάζομεν,
674 4378 875 4451 Ἐλωῒμ
903 4379 1160 4447 καλοῦσι,
1210 4381 1362 4453 παρὰ
1392 4383 1454 4436 τὸ
1483 4382 1550 4454 ήλ
1575 4383 1709 4455 (50),

121 4470 199 4564 ῶς
227 4470 373 4564 ἔοικε
391 4487 405 4500 ·
440 4470 599 4564 τοῦτο
624 4470 681 4564 δέ
710 4470 1072 4564 ἑρμηνεύουσι
1111 4474 1287 4544 ἰσχὺν,
1315 4475 1411 4527 καὶ
1444 4474 1673 4546 δύναμιν
1692 4493 1706 4507 ·
1745 4508 1788 4564 D

124 4560 251 4615 ὥστ’
302 4557 444 4617 εἶναι
484 4562 577 4616 τοῦ
638 4563 774 4617 Θεοῦ
817 4563 1057 4636 τοῦνομα
1095 4565 1226 4639 παρ’
1248 4566 1454 4631 αὐτοῖς,
1481 4567 1588 4621 ἀπὸ
1611 4568 1712 4638 τῆς

124 4654 269 4723 ἀμφὶ
294 4654 459 4708 αὐτὸν
485 4654 767 4726 δυνάμεώς
790 4673 850 4709 τε
876 4658 973 4711 καὶ
1000 4658 1183 4729 ἰσχύος
1216 4659 1711 4732 ὲπιλελογισμένον,

122 4746 189 4799 δι’
215 4741 286 4817 ἧς
308 4749 511 4799 νοεῖται
533 4746 965 4828 παντοδύναμος,
998 4751 1093 4803 καὶ
1141 4750 1320 4804 πάντα
1370 4750 1569 4822 ἰσχύων
1592 4792 1607 4818 ,
1635 4752 1712 4817 ὡς

124 4835 190 4890 ἂν
220 4836 290 4890 τά
321 4837 503 4892 πάντα
532 4837 959 4910 συστησάμενος.
1000 4842 1062 4895 '0
1080 4841 1138 4894 δὲ
1176 4842 1403 4897 Πλάτων
1443 4844 1575 4898 θεὸν
1614 4844 1709 4897 καὶ

126 4927 305 4992 θεοὺς,
342 4927 497 4999 παρὰ
532 4928 595 4981 τὸ
622 4929 800 4995 θέειν,
853 4932 992 5003 ὅπερ
1045 4932 1164 4985 ἐστὶ
1218 4933 1452 5005 τρέχειν,
1484 4935 1613 4998 τοὺς
1656 4935 1715 4988 ὲν

124 5016 339 5091 οὐρανῷ
361 5018 656 5090 φωστῆρας
683 5019 979 5091 κεκλῆσθαί
1007 5038 1161 5093 φησι.
1199 5021 1436 5075 Τοιαῦτα
1475 5022 1538 5094 δή
1570 5040 1713 5090 τινα,

126 5108 203 5173 ὡς
236 5112 297 5164 ὲν
320 5109 480 5181 τύπῳ
500 5111 687 5179 φάναι,
709 5111 778 5165 τὰ
801 5112 932 5184 παρ’
973 5113 1248 5186 Ἑϐραίοις
1277 5116 1371 5167 καὶ
1402 5114 1552 5187 παρὰ
1571 5116 1717 5170 Πλά-

126 5216 257 5255 τωνι
284 5203 413 5273 περί¹
445 5201 733 5274 ὀρθώσεως
762 5204 1040 5274 ὀνομάτων
1062 5206 1437 5278 διηκρίϐωται.
1477 5208 1588 5261 Καὶ
1615 5209 1714 5274 τὰς

128 5293 186 5344 ἐν
236 5291 547 5365 ἀνθρώποις
588 5293 646 5347 δὲ
682 5296 1057 5369 προσηγορίας
1109 5298 1250 5369 μετά
1286 5315 1432 5362 τινος
1475 5299 1714 5366 διανοίας

129 5386 295 5455 φησὶν
320 5388 351 5440 6
374 5386 599 5442 Πλάτων
626 5387 900 5443 τεθεῖσθαι
918 5407 933 5420 ο
967 5391 1063 5445 καὶ
1090 5392 1182 5445 τόν
1224 5409 1288 5461 γε
1327 5391 1484 5461 λόγον
1529 5393 1717 5448 ἀποδι-

198 5476 248 5509 “
277 5476 426 5534 Psal.
465 5493 589 5544 vm,
629 5478 684 5533 5.

198 5580 226 5610 ι
268 5567 400 5635 918.,
425 5569 941 5641 καταπεπαρμένον.

1812 3276 1970 3344 Quod
2002 3285 2187 3331 autem
2218 3275 2575 3347 subjungitur
2601 3317 2616 3342 ,
2652 3276 2814 3347 517
2850 3295 2870 3328 ‹
2904 3284 3000 3331 aut
3025 3276 3171 3332 ﬁlius
3224 3276 3403 3330 horni-

1811 3371 1919 3435 nis,
1946 3370 2210 3441 quoniam
2243 3370 2438 3426 visitas
2464 3370 2637 3425 eum?
2668 3388 2688 3421 ι
2740 3367 2949 3424 Hebraei
2999 3369 3208 3439 legunt,
3247 3386 3267 3420 ι
3307 3376 3404 3422 aut

1810 3463 1958 3519 ﬁlius
1982 3462 2178 3517 Adam.
2218 3481 2238 3515 ›
2273 3461 2349 3517 Ita
2380 3477 2505 3517 cum
2537 3476 2708 3515 unum
2735 3468 2791 3516 et
2832 3460 3085 3515 eumdem
3113 3474 3220 3514 vox
3248 3469 3401 3514 utra-

1810 3571 1918 3631 que
1948 3555 2242 3626 signiﬁcet,
2277 3569 2582 3626 corporeus
2609 3563 2794 3609 tamen
2827 3553 3043 3621 Adami,
3087 3554 3233 3609 Enos
3268 3568 3400 3608 vero

1810 3650 2053 3714 nomine,
2087 3650 2302 3706 ratione
2348 3650 2611 3719 praeditus
2660 3648 3002 3718 designatur.
3044 3646 3225 3717 Atque
3252 3647 3400 3701 hunc

1813 3742 1870 3798 in
1907 3744 2131 3798 modum
2164 3741 2448 3798 Hebraicm
2484 3743 2678 3797 litterae
2712 3742 3001 3796 ambarum
3045 3756 3239 3796 vocum
3283 3749 3401 3812 ety-

1813 3835 2111 3905 mologiam
2161 3834 2529 3904 distinguunt.
2582 3835 2654 3887 At
2697 3848 2828 3888 vero
2858 3831 3036 3897 Plato,
3070 3831 3397 3904 ἄνθρωπον,

1811 3926 2097 3991 hominem,
2133 3924 2321 3981 Graeca
2365 3925 2548 3996 lingua
2584 3924 2737 3997 παρὰ
2788 3924 2849 3978 τὸ
2882 3924 3172 3994 άναθρείν,
3209 3940 3240 3978 a
3269 3939 3402 3979 con-

1810 4022 2123 4093 templando
2148 4023 2489 4077 nominatum
2515 4035 2639 4076 esse
2655 4018 2965 4075 contendit:
2990 4036 3009 4070 ι
3035 4017 3209 4074 llomo
3229 4018 3398 4085 enim,

1811 4113 2010 4183 inquit,
2037 4114 2199 4169 simul
2238 4123 2402 4184 atque
2432 4112 2567 4167 vidit
2592 4112 2799 4184 aliquid
2829 4111 2847 4183 (
2873 4111 3063 4165 ὄπωπε
3115 4110 3290 4166 Graeci
3318 4111 3403 4165 di-

1811 4216 1945 4260 cunt
1968 4206 2011 4276 ),
2042 4205 2094 4261 id
2125 4205 2306 4276 ipsum
2342 4205 2490 4275 quod
2521 4205 2740 4272 viderit,
2770 4203 3173 4273 contemplatur
3216 4217 3280 4257 ac
3314 4218 3403 4257 se-

1811 4313 1936 4353 cum
1991 4298 2109 4369 ipse
2170 4306 2410 4369 reputat,
2468 4305 2530 4353 ut
2581 4297 2870 4371 ἄνθρωπος
2926 4296 3185 4361 dicatur,
3239 4297 3402 4367 quasi

1811 4389 2056 4463 ἀναθρῶν
2077 4389 2114 4445 δι
2134 4390 2343 4456 ὄπωπε,
2367 4391 2726 4460 contemplans
2755 4407 2819 4445 ea
2851 4405 2971 4461 qua:
3009 4389 3219 4444 viderit.
3251 4409 3271 4442 ι
3308 4386 3402 4443 Vi-

1811 4497 1933 4536 rum
1963 4491 2222 4552 praeterea
2254 4481 2465 4537 Hebraei
2510 4490 2709 4536 vocant
2746 4481 2792 4535 is
2825 4498 2840 4548 ;
2909 4480 3055 4550 quod
3102 4494 3301 4535 nomen
3333 4479 3403 4533 ab

1815 4593 1892 4640 es,
1923 4576 2073 4647 quod
2105 4578 2279 4646 ignem
2305 4574 2600 4646 signiﬁcat,
2632 4572 2932 4640 derivatur,
2976 4581 3035 4628 ut
3067 4572 3167 4626 viri
3201 4586 3403 4626 nomen

1816 4669 1886 4724 ab
1915 4669 2090 4725 calida
2118 4678 2173 4724 et
2194 4669 2356 4740 ignea,
2382 4667 2483 4721 viri
2516 4676 2712 4720 natura
2739 4666 2970 4720 inditum
3001 4664 3182 4720 fuerit.
3211 4664 3406 4719 Mulier

1814 4775 1966 4826 vero,
1998 4761 2074 4815 uti
2107 4776 2175 4816 ex
2215 4760 2334 4815 viro
2386 4764 2605 4826 sumpta
2654 4756 2996 4825 perhibetur,
3058 4756 3133 4810 ita
3190 4755 3247 4808 in
3281 4755 3403 4823 ejus

1813 4853 2056 4908 nominis
2075 4853 2515 4907 communionem
2540 4858 2731 4905 vocata
2753 4859 2857 4914 est;
2888 4848 3001 4901 ἕδεα
3023 4847 3169 4902 enim
3197 4847 3265 4901 ab
3293 4846 3404 4901 illis

1813 4955 2181 5015 nuncupatur,
2211 4954 2272 4999 ut
2298 4945 2380 4997 vir
2416 4944 2483 4997 is.
2511 4942 2582 4996 At
2612 4941 2785 5005 Plato,
2816 4955 2942 4996 cum
2977 4939 3170 5011 ἄνδρα,
3206 4939 3400 5004 virum,

1814 5038 1968 5108 παρὰ
2012 5037 2112 5109 τὴν
2153 5036 2266 5091 ἄνω
2311 5037 2460 5108 ῥοήν,
2493 5035 2598 5089 hoc
2632 5043 2716 5089 est
2764 5033 2829 5086 ab
2876 5033 3144 5102 superiore
3188 5030 3405 5101 deﬂuxu

1814 5128 2016 5183 dictum
2034 5143 2155 5184 esse
2175 5127 2429 5192 defendit,
2447 5137 2559 5181 tum
2577 5127 2650 5180 ita
2664 5125 2975 5195 subjungit:
3000 5141 3017 5173 ι
3037 5124 3179 5195 Γυνή
3198 5131 3402 5186 autem,

1815 5219 2012 5272 mulier
2046 5260 2061 5286 ,
2096 5218 2254 5288 quasi
2279 5219 2435 5289 γονή,
2479 5218 2639 5287 fetus,
2667 5225 2759 5271 aut
2781 5231 2955 5269 semen
2979 5214 3245 5285 appellata
3270 5213 3406 5268 mihi

1819 5314 2054 5368 videtur.
2078 5333 2096 5364 ›
2137 5314 2349 5367 Rursus
2376 5310 2554 5365 Moses
2581 5309 2779 5364 caelum
2814 5322 2942 5362 vere
2973 5321 3037 5361 ac
3070 5306 3287 5376 proprie
3314 5304 3408 5359 ﬁr-

1821 5413 2165 5460 mamentum
2202 5401 2469 5457 Hebraica
2519 5416 2652 5456 voce
2681 5407 2983 5469 nuncupat,
3014 5397 3162 5467 quod
3210 5410 3407 5452 secun-

201 5661 336 5731 (29')
377 5660 463 5735 Τῷ
490 5661 788 5735 ἀνωτάτω,
850 5661 941 5717 Sic
996 5662 1147 5735 editi.
1210 5663 1375 5735 Forte
1434 5664 1712 5735 legendum

1835 5668 1977 5722 unde
2021 5665 2262 5721 nascitur
2301 5647 2374 5723 ’τιν
2418 5665 2563 5733 quod
2607 5671 2800 5733 praeter
2827 5660 3217 5731 fortitudinem,
3244 5660 3406 5717 etiam

134 5730 190 5783 ιδ
214 5730 499 5804 ἀνωτάτω,
530 5732 683 5804 quod
704 5731 968 5804 refgratur
995 5738 1061 5789 ad
1086 5733 1470 5804 ὄνομα.,Ει)ιϊ.

202 5802 315 5870 (σο)
343 5789 513 5871 Παρὰ
533 5789 599 5856 ἑὸ
648 5800 748 5871 at.
776 5801 958 5860 Recte.
987 5805 1083 5860 Est
1109 5820 1154 5860 e.
1178 5789 1255 5861 im
1286 5789 1382 5867 δικ
1410 5804 1706 5863 fortitudo-

1823 5738 2038 5806 fortem,
2072 5736 2349 5806 Deumque
2381 5735 2668 5807 signiﬁcat.
