3826 6232
429 298 536 356 859
1099 293 1371 352 EUSEBII
1408 290 1886 348 CESARIENSIS
1922 290 2073 346 OPP.
2116 290 2298 345 PARS
2329 289 2391 346 11.
2429 321 2498 333 —-
2534 287 3030 347 APOLOGETICA.
3567 286 3692 342 869

431 422 562 477 dum
592 420 739 476 illam
770 418 1014 489 corporis
1047 425 1321 487 expertem
1375 415 1870 485 intelligentemque
1895 430 1995 468 na-
2025 466 2028 474 ,

2130 414 2241 466 έναι
2292 414 2575 483 πειρᾶταισ
2607 413 2719 465 ούκ-
2741 407 2838 465 οἷδ’
2875 412 3022 474 ὅπως
3055 408 3145 462 τὸν
3177 409 3275 479 μὲν
3311 408 3555 477 Ἕκτορα
3588 424 3695 461 κει

433 524 638 577 turam,
683 513 919 583 primum
965 510 1128 579 hujus
1174 509 1363 564 mundi
1412 507 1626 561 ﬁrmum
1681 507 1751 561 sit
1801 521 2000 575 corpus

2130 503 2329 575 ιλῆσθαι
2359 503 2526 556 εἰπὼν
2572 503 2689 556 ἀπὸ
2730 503 2822 555 τοῦ
2855 501 3001 571 ἔχειν
3030 501 3124 554 καὶ
3163 503 3425 571 κρατεῖν,
3481 499 3575 552 διὰ
3621 499 3691 551 τὸ

435 616 711 672 sensuque
744 608 1077 670 perceptum.
1113 599 1182 652 At
1231 597 1382 651 Plato
1416 598 1519 651 rite
1563 595 1797 667 οὐρανῷ,
1832 596 1959 649 caelo
1983 639 1997 661 ,

2130 596 2329 650 ιασιλέα
2354 592 2491 648 εἶναι
2518 594 2627 649 τῶν
2655 594 2857 665 Τρώων
2877 612 2891 625 ’
2910 595 3032 646 τὸν·
3049 594 3106 646 δὲ
3149 591 3529 664 Ἀγαμέμνονα
3547 633 3563 657 ,
3589 591 3691 646 διὰ

437 694 491 748 id
519 693 754 747 nominis
784 691 1012 746 inditum
1039 704 1160 745 esse
1191 689 1287 751 ait,
1322 688 1466 757 quod
1496 687 1557 741 τὸ
1582 689 1693 742 ἄνω
1716 689 1867 758 ὁρᾷν,
1898 688 2003 742 hoc

2132 687 2161 739 ὸ
2187 686 2325 755 ἄγαν
2352 687 2550 758 μένειν,
2590 685 2823 749 καὶτοῖς
2850 684 3222 755 δόξασι,παρὰ
3254 696 3281 724 ι
3308 683 3418 737 τῶν
3465 682 3691 755 Τρώων

435 793 519 839 est
555 786 633 838 uti
658 783 1011 852 suspiciamus
1044 782 1257 836 eﬁiciat.
1297 779 1502 834 Hebraei
1548 794 1744 833 nomen
1777 794 2004 833 summae

2133 779 2330 843 ύτὸνως
2360 780 2453 832 καὶ
2476 778 2756 849 καρτερῶς
2787 777 3151 849 παραμένειν·
3184 777 3274 829 τὸν
3299 777 3357 831 δὲ
3385 777 3687 849 Ὀρέστην,

435 875 587 930 illius
638 873 730 929 Dei
767 883 976 928 natura!
1004 875 1308 942 proprium,
1332 886 1449 925 nec
1479 871 1589 924 ulla
1638 886 1772 925 voce
1800 885 2003 939 reprae-

2134 872 2189 924 ιὰ
2214 871 2273 925 τὸ
2304 871 2527 942 ὀρεινὸν,
2555 870 2649 923 καὶ
2675 870 2882 941 ἄγριον,
2910 869 3004 922 καὶ¹
3030 868 3290 940 θηριῶδες
3317 867 3411 921 τοῦ
3441 868 3685 940 τρόπου*

435 967 664 1030 sentari,
718 980 818 1020 nec
851 964 1018 1018 animi
1052 964 1380 1034 cogitatione
1409 961 1795 1031 comprehendi
1845 975 2004 1029 posse

2130 961 2197 1013 :at‘t
2230 960 2322 1013 τὸν
2356 959 2454 1030 μὲν
2494 958 2705 1030 Ἀτρέα,
2740 956 2828 1011 διὰ
2853 958 2913 1011 τὸ
2938 959 3138 1029 ἀτηρόν
3161 976 3282 1012 τινα
3311 957 3600 1026 γεγονέναι
3623 955 3693 1010 τδ

437 1075 564 1113 cum
593 1065 861 1123 statuant,
893 1059 1037 1128 quod
1066 1074 1092 1110 a
1120 1058 1281 1112 nobis
1306 1056 1642 1111 Dei'uomine
1665 1057 2002 1125 exprimitur,

2130 1053 2232 1123 ιθος
2252 1070 2264 1080 ·
2288 1051 2379 1103 τὸν
2410 1050 2465 1103 δὲ
2500 1049 2738 1111 Πέλοπα,
2764 1043 2875 1101 οἷόν
2906 1049 3116 1101 τιναιού
3160 1048 3229 1100 τὰ
3271 1049 3458 1119 πόρρω
3479 1086 3495 1104 .
3536 1047 3691 1102 ἀλλὰ

439 1150 495 1204 id
526 1152 706 1220 ipsum
752 1150 924 1205 Eloim
958 1151 1140 1204 dicere
1172 1156 1592 1212 consueverunt,
1641 1148 1709 1202 ab
1742 1148 1811 1213 el,
1840 1156 1900 1202 ut
1925 1147 2008 1201 vi-

2130 1144 2243 1196 ιόνα
2272 1142 2341 1196 τὰ
2369 1141 2537 1205 πέλας
2566 1141 2660 1195 καὶ
2689 1142 2854 1210 ἐγγὺς
2884 1139 3092 1211 ὁρῶντα
3110 1156 3124 1171 ’
3162 1140 3254 1192 τὸν
3297 1140 3354 1192 δὲ
3399 1138 3691 1193 Τάνταλον

439 1239 617 1305 detur,
647 1239 791 1308 quod
842 1239 983 1308 apud
1040 1238 1161 1292 illos
1208 1239 1368 1291 robur
1396 1247 1802 1306 potestatemque
1836 1237 2003 1306 signi-

2130 1234 2435 1289 ταλάντατὸν
2465 1251 2583 1286 τινα
2611 1250 2777 1303 φησι,
2810 1232 2900 1285 διὰ
2939 1233 3007 1286 τὰ
3048 1233 3172 1303 περὶ
3208 1232 3367 1285 αὑτὸν
3404 1231 3693 1300 δυστυχή-

439 1327 587 1393 ticat,
619 1336 679 1382 ut
711 1327 804 1380 Dei
840 1344 1036 1383 nomen
1063 1329 1202 1398 apud
1233 1329 1377 1398 ipsos
1407 1330 1475 1382 ab
1500 1329 1618 1398 ejus
1650 1336 1917 1397 potestate
1944 1342 2009 1382 ac

2130 1345 2273 1390 ιατα,
2298 1327 2600 1398 σημαίνειν.
2626 1325 2827 1401 Ταῦτα
2859 1326 2951 1378 καὶ
2982 1324 3049 1377 τὰ
3074 1324 3298 1378 τοιαῦτα
3329 1324 3499 1395 μυρία
3541 1323 3692 1378 ἄλλα

439 1419 639 1473 robore
664 1418 958 1485 derivetur,
995 1422 1137 1475 unde
1178 1420 1327 1473 illum
1361 1421 1543 1474 omnia
1573 1420 1799 1474 omnino
1825 1434 2004 1489 posse,

2130 1419 2287 1490 ι’ύροις
2316 1419 2380 1472 ἂν
2422 1418 2687 1490 εἰρημένα
2736 1417 2811 1488 τῷ
2840 1419 3119 1477 Πλάτωνι,
3173 1416 3329 1486 φύσει
3380 1415 3688 1479 τεθεῖσθαι,

442 1517 632 1579 utpote
679 1510 774 1580 qui
812 1511 1035 1565 molitus
1083 1512 1265 1565 omnia
1301 1510 1483 1577 fuerit,
1516 1511 1885 1579 intelligimus.
1941 1512 2010 1565 At

2130 1510 2221 1563 ιλλ’
2245 1512 2306 1563 οὐ
2336 1510 2480 1563 θέσει
2508 1513 2619 1573 τοῖς
2644 1510 2878 1582 πρώτοις
2898 1509 2964 1563 τὰ
2988 1510 3234 1579 ὀνόματα
3261 1508 3533 1561 διδάσκειν
3558 1524 3698 1559 πει-Δ

441 1599 597 1656 Plato
639 1601 809 1656 Deum
844 1612 1006 1673 atque
1032 1602 1184 1669 deos,
1217 1603 1348 1655 Θεὸν
1383 1604 1476 1655 καὶ
1496 1603 1673 1667 θεούς,
1700 1605 2011 1659 nominatos

2130 1602 2357 1673 >ωμένῳ.
2408 1601 2544 1654 Ἀλλ’
2583 1602 2641 1654 οὐ
2685 1602 2778 1655 καὶ
2810 1601 2877 1654 τὰ
2916 1600 3065 1671 παρὰ
3102 1602 3290 1654 Μωσεῖ
3343 1599 3697 1670 βεϐιασμένας

441 1705 565 1745 esse
613 1692 857 1758 mavult,
887 1694 1034 1762 quod
1078 1693 1167 1746 illa
1214 1694 1337 1747 coeli
1385 1693 1561 1748 sidera
1614 1695 1775 1761 θέειν,
1818 1696 1870 1749 id
1905 1704 2006 1757 est,

2130 1693 2175 1745 ὶν
2206 1692 2406 1755 εἴποις,
2439 1693 2559 1745 οὐδέ
2592 1708 2654 1761 γε
2706 1692 2849 1746 κατά
2882 1710 3004 1745 τινα
3046 1691 3360 1761 σοφιστικὴν
3405 1690 3721 1762 εὑρεσιλοο-

440 1798 674 1847 currere,
696 1784 1002 1840 videamus.
1036 1784 1214 1854 Atque
1261 1784 1334 1838 ita
1383 1784 1591 1838 Hebraei
1638 1786 1799 1838 simul
1847 1796 2009 1855 atque

2130 1784 2235 1852 (ίαν
2268 1755 2639 1854 πεποιημένα·
2678 1783 2885 1855 μαθὼν,
2912 1784 2987 1848 ὡς
3014 1786 3042 1838 6
3090 1755 3188 1855 μὲν
3232 1755 3361 1855 παρ’
3408 1755 3694 1855 Ἑϐραίοις

442 1874 638 1941 Plato;
692 1891 803 1930 rem
846 1877 990 1931 enim
1038 1877 1391 1931 adumbrasse
1437 1877 1572 1931 satis
1602 1886 1704 1941 est,
1759 1878 1825 1932 de
1863 1887 2007 1933 recta

2130 1878 2248 1930 (div
2290 1876 2450 1945 ζῆλος
2494 1876 2620 1946 παρ’
2669 1875 2894 1946 Ἕλλησι
2949 1874 3453 1947 μεταλαμϐάνεται·
3486 1872 3690 1926 τούτου

446 1966 731 2019 nominum
762 1968 1109 2034 impositione
1138 1975 1460 2022 Statuerunt.
1490 1968 1631 2033 Quin
1668 1968 1830 2023 etiam
1863 1969 2009 2038 ipsas

2130 1971 2153 2021 Γ
2190 1968 2394 2040 ἠξιώθη
2437 1968 2529 2021 τοῦ
2582 1971 2967 2039 προσρήματος
2995 1970 3022 2021 6
3076 1967 3402 2038 δηλούμενος
3427 2007 3441 2029 ,
3474 1965 3565 2019 διὰ
3628 1966 3711 2018 τὸΓ

442 2070 665 2125 quoque
710 2057 991 2111 hominum
1038 2059 1424 2127 appellationes
1468 2068 1614 2113 certo
1662 2060 1892 2115 consilio
1936 2062 2014 2113 in-

2130 2060 2350 2131 ζηλῶσαι
2380 2060 2469 2112 τὸν
2500 2059 2724 2128 ἀδελφὸν
2757 2060 2847 2111 τὸν
2878 2058 3062 2111 Ἅϐελ.
3089 2059 3199 2111 Ka‘t
3226 2059 3255 2110 6
3295 2056 3461 2109 Ἀϐελ
3508 2056 3566 2110 δὲ
3594 2057 3693 2126 ἑρ-

444 2147 588 2202 ditas
619 2146 787 2202 fuisse
834 2144 987 2203 Plato
1041 2150 1347 2213 conﬁrmat,
1398 2157 1457 2205 et
1500 2153 1768 2206 rationem
1822 2166 2009 2206 earum

2130 2151 2404 2223 ιηνεύεται
2447 2151 2639 2214 πένθος
2662 2191 2676 2214 ,
2701 2150 2795 2204 τοῦ
2830 2150 3031 2204 τοιοῦδε
3074 2151 3278 2213 πάθους
3298 2147 3539 2218 γεγονὼς
3590 2149 3692 2200 καὶ

444 2238 686 2306 aliquam
736 2236 929 2293 aﬁerre
986 2247 1231 2294 conatur.
1281 2241 1464 2310 Itaque
1500 2240 1779 2297 Hectorem
1830 2243 2014 2297 nescio

2130 2244 2273 2307 ιύτὸς
2303 2245 2414 2306 τοῖς
2445 2242 2692 2312 γονεῦσιν
2719 2241 2922 2306 αἴτιος,
2962 2241 3012 2294 οἳ
3051 2243 3194 2296 κατά
3242 2258 3365 2295 τινα
3403 2239 3691 2309 θειοτέραν

447 2341 559 2396 quo
591 2335 777 2394 pacto,
813 2327 957 2394 quod
1006 2344 1100 2381 rex
1151 2327 1511 2397 Trojanorum
1563 2337 1727 2393 esset,
1781 2328 1889 2382 ἀπὸ
1920 2328 2013 2382 τοῦ

2130 2334 2453 2405 προμήθειαν
2473 2334 2780 2404 γενομένοις
2818 2337 2930 2397 τοῖς
2974 2334 3132 2387 παισὶ
3167 2332 3368 2397 ταύτας
3417 2331 3691 2385 τέθεινται

448 2418 592 2489 ἔχειν
633 2420 726 2473 καὶ
767 2423 1007 2491 κρατεῖν,
1041 2436 1162 2490 ηοω
1192 2421 1379 2476 habere
1409 2438 1471 2475 ac
1510 2423 1773 2491 imperare
1812 2420 2016 2491 signiﬁ-

2130 2426 2213 2490 ιάς
2245 2427 2575 2497 ἐπωνυμίας.
2610 2427 2674 2478 Τί
2703 2426 2746 2478 δ’
2773 2428 2827 2480 εἴ
2844 2444 2925 2480 σοι
2947 2427 3036 2480 τὸν
3077 2425 3327 2498 ’Ἀϐραὰμ
3362 2424 3475 2495 (51)
3508 2441 3692 2496 παρα-

448 2522 596 2577 cant,
656 2514 986 2582 appellatum
1048 2529 1170 2568 esse
1220 2513 1501 2584 coniicit;
1553 2515 2015 2584 Agamemnonem

2130 2520 2371 2590 ρέροιμις
2425 2517 2840 2590 Μετεωρολόγος
2903 2535 2987 2581 τις
3037 2508 3227 2581 οὗτος,
3281 2516 3375 2570 καὶ
3433 2515 3532 2586 τῆς
3574 2515 3692 2569 τῶν

448 2604 616 2675 518
644 2621 792 2671 vero,
820 2604 909 2659 διὰ
940 2605 1002 2659 τὸ
1038 2606 1175 2674 ἄγαν
1217 2605 1418 2676 μένειν,
1462 2609 1605 2676 quod
1637 2607 1861 2660 nimium
1892 2621 2017 2676 per-
2117 2612 2331 2682 ἄστρων
2379 2610 2633 2682 θεωρίας,
2686 2609 2794 2663 τῶν
2838 2627 2897 2663 τε
2945 2608 3064 2662 κατ’
3091 2607 3316 2680 οὐρανὸν
3346 2605 3695 2679 μαθημάτων

451 2699 687 2762 sisteret,
718 2708 880 2768 atque
914 2700 965 2753 in
1002 2700 1088 2766 iis,
1116 2715 1237 2768 qua:
1263 2700 1524 2755 adversus
1543 2699 1810 2769 Trojanos
1834 2715 2020 2755 susce-

2130 2703 2353 2775 εἰδήμων
2390 2703 2449 2756 τὸ
2501 2704 2650 2774 πρὶν,
2689 2703 2779 2756 ὅτε
2832 2704 2932 2773 τῆς
2978 2701 3289 2771 Χαλδαῖκῆς
3346 2702 3701 2770 μετεποιεῖτο

450 2799 625 2860 perat,
681 2792 926 2847 consiliis
976 2793 1206 2847 ﬁrmiter
1259 2793 1551 2848 admodum
1602 2801 1658 2848 et
1706 2800 2021 2847 constanter

2130 2794 2331 2863 σοφίας,
2362 2792 2619 2863 γεγονὼς,
2661 2792 2873 2864 Ἀϐρὰμ
2897 2793 3174 2846 ὲκαλεῖτο’
3216 2790 3374 2845 τοῦτο
3415 2791 3460 2844 δ’
3497 2790 3689 2860 Ἐλλή-

451 2885 700 2940 haereret.
729 2886 819 2940 Sic
838 2884 1105 2949 Orestem,
1124 2885 1211 2938 διὰ
1225 2886 1286 2938 τὸ
1308 2886 1536 2957 ὀρεινόν,
1556 2886 1701 2955 quod
1724 2885 2017 2948 montanis,

2130 2902 2225 2938 νων
2268 2888 2416 2956 φωνῇ
2458 2884 2668 2956 πατέρα
2704 2883 2972 2954 μετέωρον
3017 2882 3291 2954 σημαίνει.
3336 2880 3477 2934 Ἀλλ’
3501 2883 3530 2933 6
3556 2879 3692 2943 Θεός

452 2974 558 3029 hoc
603 2983 686 3029 est
734 2976 1038 3045 agrestibus
1095 2992 1160 3030 ac
1207 2975 1441 3041 ferinis;
1502 2977 1724 3029 Atreum
1756 2972 1907 3040 ,διὰ
1962 2974 2021 3026 τὸ

2130 2993 2183 3045 γε
2210 2977 2392 3037 αὐτὸν,
2424 2974 2532 3028 τῶν
2562 2976 2689 3046 τῇδε
2719 2975 2903 3028 ὲπὶτὰ
2929 2973 3165 3043 ἐπιφανῆ
3206 2974 3300 3026 καὶ
3334 2972 3443 3026 τῶν
3475 2972 3691 3045 ὁρωμέ-

453 3069 698 3140 ἁτηρόν,
756 3069 901 3138 quod
953 3069 1275 3138 perniciosis
1326 3085 1389 3124 ac
1438 3068 1713 3138 pestiferis
1776 3067 2020 3122 moribus

2130 3088 2228 3126 νων
2255 3070 2512 3125 ἐπέκεινα
2531 3069 2805 3140 προάγων,
2836 3067 3105 3139 εὐθυὸόλῳ
3135 3066 3399 3137 κέχρηται
3452 3082 3696 3136 μετωνυο

454 3169 602 3215 esset
633 3178 647 3223 ;
672 3159 944 3230 Pelopem,
969 3162 1115 3230 quod
1143 3177 1251 3214 non
1282 3176 1366 3224 ea,
1396 3176 1515 3230 quae
1545 3169 1749 3215 semota
1782 3160 2016 3231 longius,

2130 3164 2286 3236 μίᾳ,ι
2310 3162 2541 3227 Οὐκέτι,
2599 3163 2812 3232 φήσας.
2866 3159 3192 3231 κληθήσεται
3248 3158 3311 3210 τὸ
3360 3156 3534 3227 ὄνομά
3600 3172 3695 3208 σου

455 3250 552 3304 sed
579 3265 642 3305 ea
673 3250 953 3314 duntaxat,
1001 3266 1122 3320 quae
1168 3251 1356 3314 πέλας,
1409 3252 1511 3305 hoc
1539 3261 1619 3305 est
1648 3251 2023 3321 propinquiora

454 3351 661 3407 essent,
693 3343 900 3397 videret
925 3361 939 3410 ;
968 3341 1253 3397 Tantalum
1281 3343 1437 3412 quasi
1462 3343 1809 3405 ταλάντατον,
1839 3344 2025 3396 miser-

457 3447 674 3499 rimum,
707 3432 776 3487 ob
805 3448 1014 3499 earum,
1043 3434 1242 3504 quibus
1292 3445 1722 3503 Oppressus-est,
1777 3435 2025 3489 miseria-

459 3539 579 3578 rum
631 3523 1082 3592 magnitudinem.
1121 3526 1230 3578 lsta
1265 3525 1482 3592 quidem
1515 3524 1729 3593 aliaque
1771 3534 2023 3579 sexcenta

460 3634 491 3671 a
523 3616 748 3672 Platone
778 3616 921 3672 dicta
946 3617 1206 3684 reperias,
1231 3616 1428 3685 quibus
1455 3616 1689 3668 nomina
1707 3614 1896 3683 primis
1921 3613 2025 3669 illis

458 3710 774 3765 hominibus
804 3724 911 3762 non
945 3725 1042 3779 pro
1086 3706 1333 3775 arbitrio,
1385 3707 1479 3762 sed
1531 3722 1630 3776 pro
1657 3715 1866 3761 natura:
1892 3722 2025 3761 con-

459 3802 665 3857 ditione.
694 3802 948 3871 imposita
985 3801 1179 3855 docere
1208 3808 1457 3855 conatur.
1490 3799 1559 3853 At
1588 3799 1864 3853 enimvero
1906 3814 2026 3867 quae

459 3893 603 3962 apud
630 3891 814 3947 Mosen
849 3892 1119 3961 leguntur,
1144 3906 1207 3945 ea
1234 3905 1512 3960 nunquam
1546 3897 1637 3943 aut
1669 3898 1856 3944 coacta
1884 3889 2029 3943 dixe-

460 3985 561 4047 ris,
586 3992 679 4037 aut
709 3992 898 4052 arguta
922 3983 1013 4037 illa
1042 3982 1408 4050 sophistarum
1440 3981 1495 4034 in
1528 3980 1789 4035 cudendis
1817 3980 2028 4034 voculis

460 4086 580 4130 arte
631 4074 881 4129 conﬁcta.
937 4073 1215 4143 Agnosces
1268 4073 1555 4134 videlicet,
1608 4087 1771 4141 quem
1819 4069 2026 4125 Hebraei

462 4168 690 4221 Cainum
717 4171 934 4227 vocant,
982 4162 1371 4216 wmulationem
1404 4163 1543 4230 apud
1572 4160 1788 4217 Gnaeos
1821 4162 2027 4231 signiﬁ-

462 4272 610 4321 care,
652 4271 761 4324 quo
791 4254 1011 4308 nomine
1043 4253 1345 4322 appellatus
1376 4252 1619 4307 nefarius
1651 4254 1816 4307 homo
1843 4252 2025 4319 fuerit,

463 4346 611 4416 quod
647 4346 907 4400 adversus
936 4343 1156 4397 fratrem
1188 4342 1533 4396 aemulatione
1575 4341 1889 4411 invidiaque
1931 4341 2029 4396 ﬂa-

2133 3255 2366 3327 Ἀϐρὰμ,
2393 3253 2527 3307 ἀλλὰ
2573 3250 2819 3324 Ἀϐραὰμ
2852 3250 3002 3303 ἔσται
3026 3248 3280 3319 τὸὸνομά
3309 3265 3402 3301 σου
3427 3290 3442 3312 ,
3473 3248 3556 3301 ὅτι
3588 3265 3695 3300 πα-

2121 3349 2255 3420 τέρα
2283 3347 2488 3401 πολλῶν
2541 3346 2734 3400 ἐθνῶν]
2753 3343 2972 3399 τέθεικά
2999 3359 3078 3398 σε.
3119 3361 3138 3394 ι
3201 3342 3372 3395 Τοῦτο
3427 3341 3472 3395 δ’
3506 3341 3703 3405 ὁποίας

2123 3440 2304 3511 ἔχεται
2327 3438 2584 3502 διανοίας,
2623 3435 2829 3509 μακρὸς
2884 3437 2949 3490 ἂν
2977 3434 3061 3505 εἴη
3096 3434 3271 3502 λόγος.
3327 3433 3597 3504 Ἀπαρκεῖ
3637 3431 3693 3484 δὲ

2124 3532 2227 3585 κὰν
2253 3531 2428 3601 τούτῳ
2455 3531 2545 3583 τὸν
2570 3529 2832 3583 Πλάτωνα
2863 3528 3114 3599 μάρτυρα
3142 3526 3237 3580 τοῦ
3264 3524 3426 3594 λόγου
3462 3522 3707 3596 παραθέσ-

2127 3622 2268 3687 σθαι,
2314 3623 2418 3675 ὑπὸ
2447 3621 2723 3692 θειοτέρας
2761 3620 3042 3691 δυνάμεως
3092 3618 3208 3672 ἔνια
3253 3615 3361 3669 τῶν
3416 3616 3692 3685 ὀνομάτων

2123 3714 2396 3767 τεθεῖσθαι
2441 3713 2697 3782 φάμενον.
2748 3711 2911 3779 Λέγει
2962 3709 3007 3762 6’
3062 3704 3153 3763 οὖν
3205 3708 3387 3770 αὐτοῖς
3434 3707 3689 3777 ῥήμασιν·

2133 3825 2151 3857 ι
2196 3804 2587 3858 Ἐσπουδὰσθαι
2634 3801 2743 3875 γὰρ
2796 3800 3027 3855 ἐνταῦθα
3087 3799 3319 3871 μάλιστα
3353 3798 3555 3870 πρέπει
3598 3797 3693 3868 τὴν

2127 3896 2273 3950 θέσιν
2295 3896 2401 3949 τῶν
2427 3896 2705 3965 ὀνομάτων
2723 3911 2735 3923 ’
2767 3895 2895 3957 ἴσως
2909 3893 2964 3945 δὲ
2987 3891 3104 3946 ἔνια
3129 3891 3308 3945 αὐτῶν
3324 3890 3419 3944 καὶ
3445 3889 3551 3943 ὑπὸ
3566 3888 3694 3941 θειο-

2127 3987 2291 4057 τέρας
2309 3986 2636 4056 δυνάμεωςῆ
2659 3987 2756 4055 τῆς
2774 3983 2882 4037 τῶν
2897 3982 2993 4036 ἀνθ
3001 3981 3198 4054 ρώπων
3219 3979 3473 4051 ἐγενήθη.
3490 4000 3508 4031 ι
3524 3978 3701 4032 -Τοῦτᾶ

2127 4079 2191 4148 γέ
2212 4097 2292 4132 τοι
2311 4078 2441 4131 αὐτὸ
2454 4077 2543 4131 διὰ
2560 4077 2816 4129 πλειόνων
2839 4076 2933 4128 καὶ
2962 4077 2995 4143 ἡ
3022 4076 3148 4143 παρ’
3173 4071 3442 4143 Ἑϐραίοις
3461 4071 3580 4142 ἱερὰ
3609 4087 3693 4122 πι-

2129 4171 2345 4225 στοῦται
2378 4171 2589 4243 Γραφή·
2616 4168 2830 4242 πρῶτός
2872 4183 2931 4218 τε
2967 4167 3171 4236 Μωσῆς
3209 4163 3484 4226 ἁπάντων,
3534 4162 3590 4225 ὃς
3633 4164 3701 4214 ἐκ·

2130 4263 2404 4335 θειοτέρας
2419 4262 2697 4332 δυνάμεως
2720 4259 2809 4312 τὸν
2833 4257 3102 4329 Ἀϐραὰμ,
3121 4258 3214 4310 καὶ
3228 4256 3318 4308 τὸν
3330 4255 3517 4307 τούτου
3537 4253 3691 4306 παῖδα

2128 4353 2219 4406 τὸν
2261 4352 2464 4417 Ἰσαὰκ,
2511 4351 2605 4405 καὶ
2636 4349 2715 4402 ἔτι
2754 4349 2846 4402 τὸν
2899 4347 3112 4419 Ἰσραὴλ
3170 4344 3554 4415 ἐπωνομάσθαι
3592 4345 3693 4397 ἐδί-

461 4448 644 4510 graret
674 4456 688 4505 ;
727 4437 943 4492 Abelern
973 4446 1161 4490 contra
1182 4434 1380 4487 luctum
1409 4448 1625 4499 sonare,
1657 4434 1801 4502 quod
1832 4450 2028 4503 paren-

2135 4441 2281 4508 δοιξε.
2326 4442 2502 4506 Γέλως
2523 4442 2580 4495 δὲ
2617 4443 2645 4493 6
2692 4440 2878 4493 Ἰσαὰκ
2933 4437 3317 4510 ἑρμηνεύεται,
3371 4436 3561 4504 τὸτῆς
3611 4437 3691 4488 ὲν-

463 4532 612 4586 tibus
642 4530 758 4585 suis
784 4530 986 4583 luctum
1025 4526 1298 4581 attulisset
1332 4544 1346 4580 :
1383 4526 1475 4596 qui
1509 4524 1774 4579 diviniore
1792 4525 2027 4594 quodam

463 4623 723 4677 instinctu
756 4620 1092 4689 consilioque
1125 4617 1355 4688 permoti
1390 4617 1657 4688 ejusmodi
1700 4617 1886 4673 liberis
1915 4618 2030 4672 suis

463 4716 686 4770 nomina
722 4713 1034 4768 indiderint.
1068 4710 1209 4778 Quid
1232 4711 1276 4766 si
1305 4709 1675 4765 Abrahamum
1708 4707 1981 4779 proferam
2008 4708 2032 4761 ‘1

462 4807 557 4863 Ille
604 4807 862 4861 nimirum
909 4814 1089 4867 antea,
1136 4803 1264 4857 dum
1312 4803 1631 4872 sapientiam
1680 4801 2031 4857 Chaldaicam

464 4899 832 4971 proﬁteretur,
863 4898 918 4952 in
954 4912 1136 4952 rerum
1167 4897 1510 4966 superiorum
1537 4895 1907 4966 disputatione
1933 4910 2030 4950 oc-

464 4999 717 5059 cupatus,
755 4998 919 5058 atque
946 4988 999 5043 in
1035 4988 1295 5055 siderum,
1323 5003 1552 5058 quaeque
1587 4988 1652 5041 ad
1679 4986 1875 5041 caelum
1908 5000 2033 5054 per-

465 5085 659 5151 tinent,
695 5083 941 5137 omnium
995 5082 1455 5151 contemplatione
1508 5080 1783 5142 assiduus,
1830 5077 2029 5131 Abram

465 5176 760 5229 vocabatur
786 5216 801 5239 ,
834 5189 973 5243 .quae
1010 5189 1115 5228 vox
1162 5172 1348 5228 Graece
1407 5172 1694 5227 sublimem
1752 5178 2031 5239 parentem

464 5266 756 5336 signiﬁcat.
791 5267 859 5320 At
894 5264 1056 5329 Deus,
1093 5280 1216 5320 cum
1246 5263 1495 5319 eumdem
1530 5278 1562 5316 a
1591 5278 1772 5317 rerum
1819 5271 2036 5316 nostra,-

465 5373 588 5412 rum
619 5357 1032 5422 consuetudine,
1055 5357 1120 5411 ad
1149 5356 1506 5411 illustriorum
1539 5355 1778 5419 illarum,
1806 5367 2033 5423 quaeque

467 5449 825 5518 aspcctabilcs
860 5463 1051 5503 omnes
1088 5454 1368 5517 superant,
1400 5444 1789 5501 commercium
1838 5443 2034 5498 evehe-

538 5594 566 5623 ι
606 5579 765 5635 Forte
785 5581 943 5634 κατά.

2134 4533 2326 4604 αρέτου
2358 4533 2529 4602 χαρᾶς
2545 4529 2879 4600 ἐπαγόμενος
2908 4527 3192 4598 σύμϐολον,
3219 4527 3287 4597 ἢν
3305 4528 3417 4589 τοῖς
3432 4525 3707 4593 θεοφιλέσι-

2133 4623 2301 4696 γέρας
2337 4622 2610 4692 ἐξαίρετον
2663 4619 2852 4674 δώσειν
2885 4622 2913 4673 6
2960 4619 3090 4682 Θεὸς
3132 4617 3483 4688 ἐπήγγελται.
3551 4617 3606 4668 Ὀ
3642 4616 3696 4668 δὲ

2126 4715 2314 4768 τούτου
2340 4718 2468 4778 παῖς
2513 4712 2746 4784 Ἰσραὴλ,
2769 4709 2837 4784 ἦν
2873 4713 2969 4782 μὲν
3000 4712 3060 4765 τὸ
3107 4711 3235 4783 πρὶν
3281 4709 3342 4763 τὸ
3365 4707 3459 4762 τοῦ
3511 4706 3705 4761 Ἰακὼϐ

2128 4809 2298 4879 δνομα
2318 4806 2767 4878 ἐπενηνεγμένος,
2789 4806 2908 4859 ἀντὶ
2927 4806 2984 4859 δὲ
3010 4804 3101 4859 τοῦ
3130 4802 3324 4858 Ἰακὼϐ
3349 4804 3378 4856 6
3401 4800 3533 4864 Θεὸς
3554 4800 3696 4870 αὐτῷ

2129 4900 2190 4953 τὸ
2217 4898 2309 4953 τοῦ
2344 4898 2560 4971 Ἰσραὴλ
2605 4897 2778 4968 ὄνομα
2827 4896 3100 4968 δωρεῖται,
3167 4895 3258 4949 τὸν
3318 4892 3560 4964 ἀσκητὴν
3607 4893 3707 4946 καὶτ

2133 4990 2434 5062 πρακτικὸν
2495 4991 2587 5043 ἐπὶ
2644 4989 2736 5041 τὸν
2811 4986 3142 5058 θεωρητικὸν
3204 4985 3697 5057 μεταστησάμενος

2138 5082 2468 5156 Πτερνιστὴς
2495 5081 2603 5153 γὰρ
2624 5083 2652 5134 6
2691 5079 2883 5133 Ἰακὼϐ
2939 5077 3319 5151 ἑρμηνεύεται,
3361 5077 3438 5140 ὡς
3463 5076 3552 5129 τὸν
3577 5076 3693 5148 dpe-

2136 5175 2235 5245 τῆς
2264 5172 2501 5227 ὲναθλῶν
2528 5170 2734 5240 ἀγῶνα·
2785 5169 3002 5240 Ἰσραὴλ
3031 5168 3087 5221 δὲ
3132 5166 3274 5241 ὀρῶν
3317 5167 3472 5231 Θεὸν,
3526 5167 3697 5229 ὁποῖος

2139 5264 2205 5318 ἂν
2232 5263 2317 5333 εἴη
2341 5265 2368 5315 6
2389 5261 2686 5331 γνωστικὸς
2706 5259 2800 5313 καὶ
2821 5258 3151 5329 θεωρητικὸς
3183 5258 3239 5311 ἐν
3270 5255 3540 5328 ἀνθρώπῳ
3558 5255 3692 5318 νοῦς.

2140 5353 2205 5405 Τί
2242 5369 2310 5422 με
2346 5351 2426 5404 δεῖ
2469 5350 2564 5403 νῦν
2601 5348 2694 5402 τοῦ
2730 5348 3004 5415 πανσόφου
3050 5344 3292 5407 Μωσέως
3313 5382 3328 5405 ,
3359 5342 3390 5412 ἣ
3422 5340 3530 5395 τῶν
3572 5340 3693 5411 παρ’

2151 5441 2420 5516 Ἑϐραίοις
2446 5439 2609 5510 ἱερῶν
2640 5439 2834 5507 λόγων,
2867 5435 2955 5489 διὰ
2992 5434 3197 5506 μυρίων
3223 5433 3396 5487 ἄλλων
3428 5430 3525 5504 τὴν
3553 5430 3696 5492 ὀρθό-

540 5698 651 5770 (5|)
683 5699 797 5752 Τὸν
837 5695 1081 5767 Ἀϐραάμ
1135 5695 1268 5754 Vide
1316 5711 1437 5766 qua:
1477 5695 1653 5753 obiter
1683 5709 1847 5765 supra
1879 5701 2028 5749 nota\

2130 5707 2208 5758 us,
2241 5704 2361 5760 pag.
2393 5685 2517 5754 420,
2549 5686 2615 5743 de
2645 5684 2919 5739 Abraham
2950 5661 3223 5737 nomine...
