3826 6232
148 311 242 367 86!

1304 314 1624 370 PRIEPAR.
1664 316 1919 371 EVANG.
1977 314 2104 369 LIB.
2136 311 2227 369 XI.

3284 314 3391 370 $62

146 437 286 494 τητα
316 423 417 493 τῆς
455 421 560 476 τῶν
606 423 820 477 οἰκείων
867 423 1148 495 ὀνομάτων
1193 425 1391 491 θέσεως
1440 426 1721 494 ὲξαπλοῦν,

1828 437 1928 495 ret,
1981 436 2438 499 peropportunam
2474 427 2597 497 ejus
2638 426 2877 483 nominis
2913 426 3266 482 mutationem
3306 427 3391 481 iu-

151 514 494 586 μακροτέρας
554 515 748 586 σχολῆς
784 515 1049 585 δεομένων
1080 515 1187 570 τῶν
1242 514 1381 570 κατὰ
1410 519 1500 572 τὸν
1521 519 1718 584 τόπον;

141 605 353 662 Αὐτίκα
374 605 437 676 δὴ
462 606 555 659 καὶ
585 607 692 661 τῶν
745 607 975 680 πρώτων
1008 607 1107 679 τῆς
1154 611 1546 681 γραμματικῆς
1580 628 1722 664 στοι-

140 698 305 770 χείων
330 697 587 770 ’Έλληνες
610 698 710 767 μὲν
736 700 836 752 οὐκ
888 698 954 753 ἂν
1000 699 1173 769 ἔχοιεν
1228 701 1327 763 τὰς
1369 701 1721 772 ἐτυμολογίας

140 792 338 851 εἰπεῖν,
362 788 471 842 οὐδ’
498 790 661 852 αὐτός
690 791 742 858 γ’
770 789 837 843 ἂν
865 790 997 862 φαίη
1022 790 1246 845 Πλάτων
1272 791 1362 845 τὸν
1384 791 1537 860 λόγον
1562 792 1594 863 ἢ
1626 792 1720 846 τὸν

139 879 400 951 λογισμὸν
424 880 533 933 τῶν
562 880 952 952 φωνηέντων,ἢ
974 881 1080 935 τῶν
1102 881 1423 952 συμφώνων·
1455 882 1720 953 Ἑϐραίων

138 973 186 1026 δ’
214 971 281 1027 ἂν
305 973 505 1027 εἴποιεν
536 972 723 1036 παῖδες
748 973 842 1027 τοῦ
866 992 925 1027 τε
960 973 1104 1044 ἄλφα
1132 975 1230 1045 τὴν
1276 976 1475 1038 αἰτίαν,
1504 976 1533 1029 ὂ
1586 978 1716 1049 παρ’

139 1065 327 1128 αὐτοῖς
351 1064 596 1118 καλεῖται
628 1063 756 1133 ἃλφ,
789 1064 947 1118 τοῦτο
965 1065 1022 1118 δὲ
1050 1067 1303 1136 σημαίνει
1343 1066 1597 1137 μάθησιν·
1626 1069 1719 1121 καὶ

137 1156 236 1210 τοῦ
267 1157 424 1228 βῆτα,
439 1157 576 1228 ὅπερ
598 1156 698 1228 pse
724 1155 878 1225 φίλον
906 1158 1090 1222 αὐτοῖς
1117 1160 1722 1231 προσαγορεύειν,οὖτω

138 1251 198 1304 δὲ
227 1251 320 1303 τὸν
345 1246 491 1303 οἷκον
515 1250 888 1320 ὀνομάζουσιν·
920 1249 1058 1304 ὥστε
1091 1251 1284 1322 δηλοῦν
1331 1252 1429 1323 τὴν
1460 1251 1714 1306 διάνοιαν·

139 1342 394 1412 Μάθησις
437 1340 606 1394 οἴκου·
661 1341 794 1394 ὡσεὶ
843 1342 1176 1414 σαφέστερον
1229 1343 1465 1413 ἐλέγετο·
1517 1344 1715 1415 Διδαχή

138 1448 226 1496 τις
249 1433 342 1484 καί¹
369 1431 604 1503 μάθησις
651 1433 977 1503 οἰκονομίας.
1027 1434 1139 1487 Καὶ
1177 1434 1239 1487 τὺ
1280 1436 1477 1506 γάμμα
1498 1436 1556 1488 δὲ
1587 1439 1717 1506 παρ’

138 1524 327 1586 αὐτοῖς
353 1525 534 1596 τρίτον
566 1523 827 1593 κέκληται
850 1525 1029 1595 γίμελ·
1053 1524 1194 1580 οὕτω
1223 1527 1280 1581 δὲ
1311 1528 1408 1599 τὴν
1440 1529 1719 1601 πλήρωσιν

136 1614 518 1685 ὀνομάζουσιν.
542 1610 656 1667 Εἶτ’
686 1614 874 1685 ἐπειδὴ
918 1615 1017 1679 τὰς
1046 1616 1262 1680 δέλτους
1311 1618 1430 1671 δὲλθ
1472 1616 1716 1682 καλοῦσι,

1822 519 2019 585 stituit,
2055 519 2142 573 his
2172 519 2390 573 verbis:
2430 536 2448 568 ι
2486 516 2604 571 Non
2627 520 2862 587 amylius
2891 518 3174 572 vocabitur
3189 531 3387 570 nomon

1821 617 1973 664 tuum
2004 608 2227 675 Abram,
2254 609 2348 665 sed
2374 609 2648 663 Abraham
2691 610 2789 663 erit
2822 624 3018 663 nomen
3057 616 3232 674 tuum,
3260 611 3389 677 quia

1820 708 2028 770 patrem
2060 700 2349 753 multarum
2385 699 2623 768 gentium
2659 698 2815 768 posui
2848 706 2898 751 te
2912 695 2977 752 θ’.
3011 716 3030 749 ι
3065 697 3235 767 Cujus
3259 713 3389 752 ora-

1821 789 1930 843 culi
1956 788 2064 843 vim
2097 798 2261 859 atque
2289 790 2612 844 sententiam
2652 788 2924 857 explicare
2966 790 3187 859 longum
3221 798 3388 845 esset.

1822 879 2023 935 Verum
2056 881 2190 934 satis
2216 881 2320 936 hoc
2356 880 2520 935 etiam
2553 881 2674 937 loco
2723 880 2887 935 fuerit
2920 882 3061 935 hanc
3091 880 3159 934 ad
3191 880 3393 934 verita-

1821 983 1932 1029 tem
1970 972 2218 1029 Platonis
2259 973 2576 1043 suffragium
2628 972 2944 1043 adjungere,
2996 971 3089 1042 qui
3126 970 3392 1025 diviniora

1819 1067 1999 1137 aliqua
2015 1067 2067 1121 vi
2088 1064 2308 1120 nomina
2326 1063 2570 1132 quaedam
2594 1063 2846 1132 imposita
2867 1061 3035 1116 fuisse
3053 1062 3389 1131 pronuntiat.

1822 1158 1912 1215 Sic
1963 1160 2107 1213 enim
2154 1158 2221 1212 ad
2279 1156 2503 1210 verbum
2553 1156 2690 1225 ipse,
2746 1173 2765 1206 ‹
2823 1154 2923 1209 Hic
2972 1154 3140 1219 enim,
3192 1154 3391 1219 inquit,

1820 1251 2081 1317 maxime,
2135 1249 2471 1318 praecipuum
2516 1245 2790 1315 quoddam
2839 1245 2894 1299 in
2943 1245 3255 1300 nominibus
3290 1246 3394 1299 rite

1819 1340 2173 1411 imponendis
2224 1339 2526 1393 adhibitum
2562 1337 2798 1391 studium
2834 1335 3001 1391 fuisse
3043 1336 3197 1391 decet
3230 1353 3245 1403 ;
3281 1336 3394 1391 imo

1820 1447 1889 1487 ex
1938 1432 2010 1485 iis
2043 1431 2207 1485 etiam
2245 1429 2508 1484 nonnulla
2548 1427 2802 1492 fortasse,
2842 1427 2894 1481 vi
2925 1427 3157 1497 quadam
3204 1435 3392 1482 nostra

1821 1521 1923 1577 hac
1954 1522 2115 1592 longe
2144 1521 2401 1575 diviniori
2429 1520 2720 1575 constituta
2746 1527 2891 1574 sunt.
2922 1538 2940 1571 ι
2970 1519 3038 1573 At
3059 1518 3188 1573 illud
3210 1518 3389 1588 ipsum

1819 1612 2016 1667 divinae
2058 1613 2253 1668 litterae
2303 1611 2464 1682 longe
2512 1626 2644 1667 sane
2689 1611 3017 1665 luculentius
3068 1611 3395 1680 uberiusque

136 1705 202 1758 τὸ
227 1706 483 1776 τέταρτον
514 1708 774 1776 στοιχεῖον
804 1705 946 1760 οὕτω
970 1712 1282 1778 προσεῖπον,
1322 1709 1458 1780 ὁμοῦ
1492 1711 1579 1765 διὰ
1610 1712 1719 1766 τῶν

1828 1706 2181 1770 conﬁrmant,
2219 1721 2283 1760 ac
2316 1704 2495 1759 Moses
2534 1705 2651 1773 ipse
2708 1719 2818 1773 prae
2850 1702 3079 1769 caeteris,
3128 1702 3218 1772 qui
3254 1701 3395 1755 divi-

138 1792 235 1846 δῦο
269 1795 546 1864 στοιχείων
577 1792 948 1863 σημαίνοντες,
979 1796 1059 1847 ὅτι
1091 1798 1123 1866 ἡ
1160 1795 1432 1868 ἔγγραφος
1484 1799 1719 1870 μάθησις

1828 1799 1975 1853 nitus
2005 1798 2380 1852 Abraltamum
2420 1796 2646 1864 ejusque
2694 1794 2863 1848 tilium
2900 1793 3062 1864 519
3108 1792 3350 1848 lsaacum
3377 1833 3395 1858 ,

142 1886 424 1957 πλήρωσις
456 1888 572 1939 ἐστι
594 1885 812 1939 δέλτων.
859 1886 1057 1940 Ἐπιὼν
1086 1887 1143 1940 δέ
1190 1906 1274 1953 τις
1323 1890 1417 1942 καὶ
1461 1890 1531 1944 τά
1557 1889 1719 1945 λοιπὰ

141 1976 245 2045 τῆς
270 1979 659 2049 γραμματικῆς
685 1982 943 2050 στοιχεῖα,
970 1978 1109 2049 μετά
1136 1996 1279 2043 τινος
1306 1981 1487 2045 αἰτίας
1509 1983 1603 2036 καὶ
1630 1983 1719 2037 λο-

141 2068 343 2137 γισμοῦ
370 2066 520 2139 εὖροι
575 2067 641 2122 ἂν
700 2070 905 2123 ἕκαστα
936 2071 1063 2141 παρ’
1097 2072 1280 2134 αὐτοῖς
1336 2072 1717 2144 ὼνομασμὲνα.

154 2160 311 2212 Ἐπεὶ
361 2160 456 2213 καὶ
506 2160 614 2214 τῶν
670 2162 810 2216 ἑπτὰ
851 2162 1174 2232 φωνηέντων
1232 2163 1330 2233 τὴν
1361 2164 1455 2216 ἐπὶ
1506 2164 1567 2217 τὸ
1592 2165 1721 2218 αὐτὸ

146 2250 402 2304 σύνθεσιν
443 2254 572 2322 μιᾶς
617 2269 763 2316 τινος
809 2254 1121 2325 ἀπορρήτου
1166 2255 1533 2326 προσηγορίας
1569 2273 1724 2327 περι-

141 2339 290 2410 έχειν
328 2341 491 2409 φασὶν
523 2341 849 2413 ὲκφώνησιν,
891 2344 956 2412 ἢν
992 2342 1079 2395 διὰ
1111 2342 1395 2414 τεσσάρων
1444 2344 1721 2414 στοιχείων

144 2432 333 2496 παῖδες
365 2433 634 2505 Ἐϐραίων
658 2433 1064 2505 σημειούμενοι,
1092 2434 1185 2486 ἐπὶ
1217 2437 1315 2505 τῆς
1345 2435 1605 2489 ἀνωτάτω
1626 2435 1718 2489 τοῦ

138 2525 279 2579 Θεοῦ
299 2526 583 2596 δυνάμεως
604 2528 1056 2590 κατατάττουσιν,
1086 2526 1311 2580 ἄλεκτον
1346 2544 1399 2580 τι
1446 2530 1558 2590 τοῖς
1598 2527 1722 2580 πολ-

144 2610 261 2675 λοῖς
287 2612 381 2665 καὶ
408 2613 715 2684 ἀπόρρητον
765 2614 910 2667 τοῦτ’
938 2610 1075 2667 εἶναι
1134 2616 1262 2677 παῖς
1325 2614 1475 2685 παρὰ
1522 2616 1728 2687 πατρὸς

143 2703 451 2773 εἰληφότες.
487 2707 596 2759 Καὶ
620 2706 727 2760 τῶν
759 2708 889 2778 παρ’
923 2706 1147 2777 Ἕλλησι
1185 2706 1241 2758 δὲ
1271 2706 1468 2775 σοφῶν,
1508 2709 1608 2760 οὐκ
1633 2704 1729 2761 οἷδ’

1826 1904 1928 1942 nec
1976 1903 2083 1941 non
2135 1896 2190 1941 et
2222 1884 2473 1942 lsraelem
2524 1885 2821 1954 appellatos
2853 1900 2975 1940 esse
3026 1893 3274 1939 testatur.
3331 1882 3398 1936 Et

1835 1980 2004 2032 risum
2070 1979 2288 2047 quidem
2337 1977 2554 2032 lsaacus
2602 1977 2892 2046 signiﬁcat,
2925 1987 2984 2044 ut
3034 1976 3137 2030 hoc
3168 1990 3268 2029 suo
3299 1989 3398 2028 no-

1837 2071 1985 2125 mine
2035 2080 2246 2126 castam
2314 2069 2462 2123 illam
2531 2077 2883 2138 sanctamque
2920 2068 3161 2121 laetitiam
3198 2081 3399 2135 reprae-

1831 2168 2094 2228 sentaret,
2121 2176 2284 2230 quam
2313 2159 2506 2214 amicis
2531 2159 2645 2214 suis
2668 2157 2810 2213 Deus
2836 2167 3094 2227 tanquam
3125 2157 3400 2224 singulare

1828 2266 2030 2306 munus
2093 2266 2157 2306 ac
2209 2251 2490 2322 praemium
2559 2250 2863 2320 pollicetur.
2931 2248 3184 2318 Ejusdem
3254 2247 3401 2303 ﬁlius

1831 2340 2019 2407 Israel,
2050 2359 2172 2397 cum
2206 2352 2362 2396 antea
2395 2341 2582 2396 Jacobi
2616 2356 2809 2394 nomen
2838 2340 3136 2402 habuisset,
3164 2338 3261 2392 abs
3290 2338 3399 2392 Deo

1829 2443 2017 2502 postea
2049 2433 2265 2488 lsraelis
2297 2448 2496 2487 nomen
2546 2433 2773 2501 accepit,
2809 2447 2873 2485 ex
2909 2442 3137 2485 actuoso
3171 2439 3225 2484 et
3248 2430 3404 2483 labo-

1824 2523 1976 2579 rioso
2014 2525 2236 2578 homine
2285 2523 2676 2592 contemplator
2704 2522 2946 2577 eﬁ‘ectus.
2982 2521 3116 2576 Nam
3167 2520 3404 2576 Iacobus

1825 2629 1958 2668 sane
1987 2614 2129 2668 calce
2163 2616 2489 2684 impetenlem
2528 2623 2707 2676 sonat,
2757 2614 2915 2682 quasi
2964 2613 3182 2667 virtutis
3226 2621 3405 2665 certa-

1828 2704 1977 2757 minc
2002 2703 2387 2775 defungentem
2418 2722 2432 2770 ;
2469 2713 2523 2758 at
2554 2704 2740 2768 lsrael,
2774 2720 2888 2756 eum
2915 2704 3004 2773 qui
3043 2702 3208 2757 Deum
3239 2701 3402 2768 videt,

140 2795 340 2849 ὁπόθεν
383 2814 468 2861 τις
521 2797 676 2851 τοῦτο
711 2796 898 2868 μαθὼν
945 2796 1181 2868 ᾐνίξατο,
1245 2789 1344 2850 ὧδέ
1379 2814 1454 2869 πη
1488 2797 1553 2850 δι’
1578 2798 1723 2852 ἐπῶν

1830 2796 2123 2866 signiﬁcat,
2175 2796 2491 2866 cujusmodi
2541 2810 2697 2850 mens
2747 2795 2986 2850 hominis
3013 2809 3135 2850 esse
3188 2792 3402 2861 debeat,

144 2886 348 2956 φήσας
1831 2904 1951 2959 quae
1978 2889 2033 2943 in
2061 2890 2375 2961 cognitione
2407 2899 2461 2945 et
2485 2889 2948 2960 contemplatione
2974 2896 3242 2944 versetur.
3296 2886 3404 2942 Sed

141 2976 291 3029 enim
320 2976 452 3047 quid
503 2978 694 3032 attinet
723 2978 827 3034 hoc
885 2978 1030 3045 loco,
1096 2978 1182 3033 vel
1230 2977 1397 3035 Mosis
1441 2979 1588 3035 illius
1630 2979 2040 3049 sapientissimi,
2105 2982 2190 3037 vel
2248 2996 2528 3037 sacrarum
2582 2981 2724 3052 apud
2767 2979 3023 3036 Hebratos
3073 2980 3403 3043 litterarum,

143 3083 421 3124 summam
490 3070 545 3123 in
584 3070 821 3139 propriis
864 3070 1178 3126 nominibus
1238 3072 1582 3140 imponendis
1647 3074 2019 3129 maturitatem
2073 3081 2236 3145 atque
2287 3076 2586 3141 solertiam,
2640 3074 2910 3132 sexcentis
2959 3073 3082 3129 aliis
3144 3071 3409 3140 exemplis

143 3165 441 3230 illustrare,
469 3181 592 3219 cum
617 3166 719 3221 hoc
742 3167 1126 3236 disputationis
1152 3183 1325 3237 genus
1349 3169 1510 3239 longe
1540 3169 1718 3238 majus
1755 3172 1926 3225 otium
1960 3171 2233 3227 desideret
2262 3173 2285 3225 ?
2322 3172 2613 3229 Enimvero
2646 3189 2715 3228 ne
2779 3173 3082 3243 primorum
3146 3169 3366 3241 quidem
3386 3212 3404 3236 ,

143 3278 271 3333 qua:
318 3262 439 3331 ipso
475 3263 657 3316 statim
709 3262 886 3327 initio,
918 3278 978 3317 se
1031 3262 1286 3327 oﬂ‘erunt,
1342 3265 1727 3335 grammatices
1761 3266 2156 3321 elementorum
2186 3308 2201 3333 ,
2258 3267 2433 3323 Graeci
2495 3268 2746 3322 homines
2809 3266 3148 3321 notationem
3206 3262 3403 3318 afferre

143 3352 400 3424 possint:
436 3356 566 3424 quin
599 3355 798 3409 haereat
827 3356 991 3409 etiam
1017 3355 1134 3425 ipse
1162 3354 1340 3420 Plato,
1407 3358 1455 3412 si
1517 3360 1789 3413 vocalium
1830 3369 1923 3415 aut
1951 3362 2373 3416 consonantium
2399 3362 2720 3431 explicanda
2751 3361 2890 3415 ratio
2920 3369 3084 3430 atque
3113 3356 3405 3427 appellatio

146 3449 239 3502 sit.
270 3449 340 3501 At
381 3464 508 3503 vero
551 3447 761 3504 Hebraei
805 3465 924 3504 eam
960 3448 1014 3502 in
1079 3459 1335 3519 promptu
1375 3451 1597 3506 habent.
1640 3450 1776 3506 Nam
1815 3453 1978 3522 alpha
2005 3453 2245 3523 quidem,
2294 3457 2439 3525 quod
2488 3456 2613 3525 alph
2658 3454 2762 3523 ipsi
2810 3460 3024 3517 vocant,
3058 3447 3400 3518 disciplinam

149 3541 467 3609 signiﬁcat;
503 3543 662 3596 betha
694 3558 855 3607 vero,
919 3543 1067 3613 quod
1121 3543 1249 3598 beth
1298 3545 1569 3615 appellare
1620 3547 1814 3613 solent,
1854 3552 2069 3604 domum
2102 3560 2298 3607 sonat:
2329 3560 2623 3619 utrumque
2666 3546 2987 3603 sententiam
3022 3544 3165 3597 hanc
3212 3540 3396 3603 elIicit,

151 3634 449 3705 Disciplina
472 3634 704 3689 domus:
747 3636 904 3704 quasi
946 3634 1189 3704 apertius
1248 3635 1539 3702 diceretur,
1564 3637 1809 3693 doctrina
1848 3643 2097 3710 quaedam
2150 3660 2245 3698 seu
2302 3642 2589 3711 disciplina
2647 3642 2726 3694 rei
2774 3637 3107 3694 domesticae.
3155 3632 3405 3707 Gamma.

151 3730 303 3799 quod
375 3729 510 3800 ipsis
577 3744 795 3799 quoque
836 3730 1053 3784 tertium
1104 3730 1433 3785 elementum
1482 3741 1587 3796 est,
1642 3735 1802 3803 gimel
1840 3736 2048 3800 dicunt,
2098 3751 2272 3807 eoque
2319 3735 2695 3806 plenitudinem
2732 3731 3025 3803 quamdam
3079 3726 3406 3797 signiﬁcant.

149 3823 294 3880 Tum
366 3824 627 3895 quoniam
696 3823 910 3889 δέλτους
955 3825 1063 3881 hoc
1090 3834 1173 3880 est
1205 3825 1438 3891 tabulas,
1484 3826 1633 3882 delth
1682 3830 1999 3898 nominant;
2049 3843 2247 3901 quarto
2311 3833 2581 3901 elemento
2627 3830 2769 3883 idem
2828 3827 2989 3882 etiam
3024 3838 3222 3879 nomen
3258 3821 3403 3876 indi-

151 3920 301 3986 dere,
332 3927 392 3973 ut
418 3919 704 3974 ambarum
732 3918 1035 3973 litterarum
1092 3917 1481 3987 conjunctione
1538 3919 1789 3987 doceant,
1831 3900 2279 3990 comprehensam
2312 3900 2519 3993 scripto
2550 3920 2916 3991 disciplinam,
2946 3916 3251 3971 tabularum
3293 3912 3404 3982 ple-

150 4012 459 4067 nitudinem
503 4025 645 4067 esse.
688 4011 863 4080 Atque
897 4011 971 4065 ita
1019 4011 1273 4081 deinceps
1314 4012 1581 4067 elementa
1635 4017 2001 4085 grammaticae
2050 4018 2281 4087 reliqua,
2337 4018 2574 4071 nominis
2605 4029 2822 4087 quoque
2869 4012 2953 4067 sui
2998 4009 3235 4081 reperies
3277 4020 3405 4077 pro-

149 4108 329 4178 priam
364 4107 505 4176 apud
541 4106 799 4161 Hebraeos
829 4121 893 4161 ac
930 4106 1262 4177 singularem
1302 4108 1504 4162 habere
1544 4110 1830 4165 rationem.
1870 4110 2005 4164 Nam
2036 4119 2090 4167 et
2140 4123 2341 4182 septem
2371 4128 2585 4182 quoque
2616 4111 2884 4165 vocalium
2929 4109 3071 4163 inter
3094 4120 3216 4162 sese
3257 4118 3409 4159 com-

151 4200 500 4262 missionem,
539 4197 806 4266 ejusmodi
850 4213 1047 4252 nomen
1118 4197 1328 4252 eﬁicere
1359 4199 1570 4264 volunt,
1601 4202 1746 4269 quod
1785 4202 2046 4270 explicari
2086 4217 2220 4256 voce
2260 4218 2364 4257 non
2413 4203 2606 4272 possit,
2640 4202 2894 4272 quodque
2926 4198 3136 4253 Hebrzei
3170 4206 3401 4267 quatuor

150 4291 440 4348 elementis
472 4289 744 4344 inclusum
792 4303 1020 4343 summa:
1067 4286 1163 4342 Dei
1207 4290 1462 4356 potestati
1502 4291 1870 4359 exprimenda:
1912 4294 2238 4361 attribuunt,
2270 4296 2349 4350 sic
2376 4304 2555 4349 tamen
2587 4305 2645 4349 ut
2669 4297 2809 4348 idem
2840 4293 3068 4364 proferri
3108 4292 3269 4362 vulgo
3300 4305 3407 4345 non

152 4398 319 4454 posse
364 4382 523 4451 longa
579 4379 722 4436 serie
769 4380 972 4449 posteri
1017 4394 1047 4434 a
1080 4379 1382 4449 majoribus
1420 4382 1748 4451 acceperint.
1797 4383 1864 4437 Et
1892 4400 2043 4449 vero,
2078 4401 2222 4442 unus
2252 4386 2413 4441 etiam
2444 4387 2640 4455 aliquis
2672 4402 2701 4440 e
2723 4386 2945 4441 Graeciae
2969 4383 3325 4455 sapientibus,
3356 4382 3408 4438 id

154 4480 360 4549 ipsum,
417 4474 562 4530 unde
610 4474 752 4530 unde
797 4473 1063 4539 hauserit,
1092 4474 1430 4530 subobscure
1458 4475 1544 4531 bis
1573 4478 1824 4533 versibus
1852 4480 2199 4536 adumbravit

167 4595 355 4653 Ἑπτά
380 4612 458 4664 με
501 4593 817 4664 φωνήεντα
857 4594 1007 4648 Θεὸν
1039 4593 1226 4664 μέγαν
1247 4592 1499 4664 ἄφθιτον
1521 4596 1679 4651 αἰνεῖ

225 4662 571 4735 Γράιὶμαέα,
597 4665 703 4719 τὸν⁴
741 4663 980 4735 πάντων
1002 4662 1310 4735 ἀκάματον
1340 4666 1583 4733 πατέρα.

158 4731 294 4809 Εἰμὶ
331 4731 407 4790 δ”
440 4736 554 4807 ἐγὼ
609 4735 849 4789 πάντων
900 4732 1089 4803 χέλυς
1121 4731 1404 4802 ἄφθιτος,
1441 4731 1496 4809 ἢ
1529 4738 1600 4809 τὰ
1627 4741 1739 4792 λυ-

241 4874 631 4948 ἰιρμοσάμην
655 4874 826 4942 δίνης
851 4876 1150 4944 οὐρανίοιο
1173 4877 1352 4946 μέλη.
1458 4804 1636 4878 Law"

158 4990 359 5064 Εὖροις
390 4991 434 5043 δ’
469 4989 535 5043 ἂν
566 4988 660 5042 καὶ
688 4988 797 5041 τῶν
848 4989 1049 5043 λοιπῶν
1111 4988 1242 5060 παρ’
1284 4988 1556 5059 Ἑϐραίοις
1590 5004 1737 5041 στοι-

158 5083 343 5152 χείων,
374 5082 675 5152 ἐπιστήσας
706 5082 940 5152 ἑκάστῳ,
968 5082 1035 5136 τὰ
1066 5081 1463 5153 σημαινόμενα.
1495 5079 1664 5133 Τοῦτο
1683 5080 1739 5133 δὲ

164 5171 264 5242 ήδη
321 5170 416 5223 καὶ
459 5169 548 5223 διὰ
582 5170 691 5224 τῶν
743 5171 977 5244 πρόσθεν
1017 5175 1148 5244 ἡμῖν
1209 5171 1457 5241 συνέστη,
1507 5170 1740 5239 ὁπηνίκα

161 5263 312 5335 παρὰ
346 5254 636 5335 βαρϐάρων
668 5265 735 5319 τὰ
766 5266 940 5319 πάντα
969 5264 1280 5337 ὠφελῆσθαι
1316 5264 1443 5326 τοὺς
1478 5262 1741 5333 ’Έλληνας

160 5358 608 5429 ἁπεδεικνύομεν.
654 5356 861 5428 Πολλὴν
911 5357 954 5411 δ’
988 5357 1053 5411 άν
1106 5372 1189 5419 τις
1242 5353 1581 5424 καταμάθοι,
1642 5352 1740 5424 τὴν

182 5451 439 5524 Ἑϐραίων
463 5449 707 5519 γλῶτταν
738 5446 1224 5520 πολυπραγμονῶν,
1274 5444 1552 5513 ὀνομάτων
1582 5442 1739 5517 ὀρθό-

163 5561 300 5615 τητα
323 5544 478 5614 παρὰ
527 5545 640 5604 τοῖς
679 5541 903 5613 ἀνδράσι
964 5538 1289 5611 φερομένην·
1340 5537 1462 5591 ἐπεὶ
1490 5536 1583 5592 καὶ
1609 5535 1740 5588 αὐτὸ

164 5637 258 5690 τοῦ
294 5635 491 5699 παντὸς
546 5634 737 5713 ἔθνους.
777 5635 839 5689 τὸ
871 5633 1268 5707 προσηγορικὸν
1305 5631 1475 5691 ονομα
1506 5628 1611 5683 ἀπὸ
1642 5628 1735 5682 τοῦ

235 5750 283 5782 ’⁸
324 5747 456 5806 Gen.
500 5763 634 5816 xvn,
675 5748 728 5803 5.

1771 4604 1812 4662 C
1848 4599 2010 4671 520
2043 4601 2128 4656 Me
2157 4611 2347 4672 septem
2371 4601 2616 4654 interitus
2642 4615 2825 4668 expers
2858 4598 3061 4672 uocalia
3092 4594 3322 4659 Numen,

1918 4669 2337 4732 Cunctorumaue
2373 4671 2584 4724 Patrem
2609 4679 2801 4737 septem
2827 4669 3081 4722 elementa
3105 4676 3309 4720 vocanl.

1849 4740 1999 4797 Idem
2029 4754 2226 4799 (eterna
2277 4742 2443 4811 chelys
2472 4736 2670 4802 rerum,
2691 4755 2904 4809 qumque
2930 4740 3113 4791 ordine
3124 4736 3289 4805 jussit

1914 4879 2292 4949 Constanlique
2316 4875 2493 4947 polum
2520 4874 2707 4927 ducere
2735 4871 2843 4942 lege
2874 4870 3074 4925 modos.

1843 4993 2179 5048 Caeterorum
2212 4991 2340 5044 item
2368 4987 2510 5057 apud
2545 4984 2803 5042 Hebraeos
2830 4983 3220 5037 elementorum
3247 4977 3414 5049 signi-

1849 5086 2155 5149 licationes,
2189 5083 2234 5137 si
2272 5082 2561 5136 enucleare
2612 5075 2826 5147 singula
2877 5071 3137 5135 volueris,
3189 5071 3414 5125 omnino

1845 5178 2082 5248 reperies
2110 5196 2122 5230 :
2154 5177 2299 5246 quod
2329 5176 2505 5244 ipsum
2534 5171 2646 5240 jam
2679 5185 2707 5223 a
2741 5166 2897 5222 nobis
2926 5173 3086 5218 antea
3113 5162 3412 5232 praestitum

1846 5277 1949 5330 est,
1984 5282 2109 5322 cum
2154 5264 2289 5319 nihil
2339 5280 2446 5317 non
2498 5260 2718 5316 Graecos
2765 5273 2795 5310 a
2845 5253 3093 5309 barbaris
3139 5251 3414 5319 accepisse

1822 5364 1823 5369 ‘
1846 5360 2366 5413 demonstraremus.
2388 5354 2671 5408 Postremo
2692 5349 2785 5418 qui
2807 5346 3157 5401 Hebraeorum
3175 5342 3411 5411 linguam

1849 5448 2038 5503 rimari
2063 5445 2379 5516 diligentius
2405 5441 2748 5507 scrutarique
2776 5435 3027 5496 voluerit,
3074 5432 3122 5486 is
3168 5429 3417 5501 profecto

1845 5555 2115 5597 summam
2150 5537 2444 5604 quamdam
2477 5531 2617 5604 apud
2651 5531 2774 5585 illos
2799 5527 3079 5584 nominum
3116 5520 3414 5593 proprieta-

1842 5642 1951 5690 tem
2002 5647 2126 5689 esse
2171 5635 2482 5702 cognoscet.
2535 5624 2711 5695 Atque
2762 5621 2816 5677 id
2861 5620 2965 5691 ’psi
3000 5617 3085 5672 vel
3129 5630 3195 5672 ex
3245 5611 3417 5669 unico
