3826 6232
442 312 554 380 863

1096 326 1367 383 EUSEBI]
1406 325 1890 385 CESARIENSiS
1922 324 2071 382 OPP.
2113 323 2296 381 PARS
2330 324 2393 381 11.
2434 357 2506 369 -
2541 322 3043 382 APOLOGETICA.

3620 318 3725 376 863

443 441 627 514 gentis
660 441 933 499 universae
962 443 1186 499 nomine
1217 453 1473 501 constare
1520 454 1721 516 potest,
1769 444 1914 515 quod
1960 442 2010 497 al

2139 442 2306 515 Ἔϐερ
2338 442 2399 497 τὺ
2428 441 2763 516 παρώνυμον
2795 441 3009 512 εἴληφε.
3066 438 3329 512 Σημαίνει
3355 437 3414 492 δὲ
3449 436 3610 492 τοῦτο
3637 437 3727 492 τὸν

446 533 656 592 Hebere
681 536 982 592 derivatur.
1006 535 1384 592 Transeuntem
1411 538 1556 593 enim
1586 537 1877 609 significat,
1902 553 2025 593 cum

446 639 502 685 et
535 632 827 685 transitum
846 640 898 686 et
928 640 1301 686 transeuntem
1347 629 1615 686 chraica
1652 631 1858 700 lingua,
1894 644 2029 685 voce

445 727 629 789 unica,
662 722 837 778 l-ieber
875 724 1128 793 appellet.
1156 724 1222 779 Et
1252 740 1315 779 ea
1338 724 1557 795 quidem
1589 724 1832 779 nominis
1863 723 2028 792 hujus

444 813 590 866 ratio
620 821 725 879 est,
759 813 837 866 uti
876 813 945 866 ab
973 829 1154 867 rerum
1196 813 1547 882 prmsentium
1578 813 1818 868 vanitate
1845 813 1911 868 ad
1946 812 2029 867 di-

443 904 705 959 vinarum
735 890 916 960 studia
955 920 1077 961 sese
1110 907 1384 971 conferre,
1418 921 1519 961 nec
1554 906 1610 960 in.
1659 922 1873 973 eorum,
1906 920 2028 976 qua:

440 996 720 1062 videntur,
751 996 1215 1066 contemplatione
1253 996 1361 1051 ullo
1390 997 1554 1051 modo
1580 997 1927 1067 acquiescere
1963 1012 2029 1051 ac

440 1089 660 1155 sistere,
694 1090 790 1145 sed
826 1089 895 1144 ab
922 1090 989 1145 iis
1015 1091 1196 1159 potius
1226 1092 1293 1146 ad
1333 1100 1545 1147 semota
1573 1091 1667 1145 illa
1701 1090 2029 1161 penitusque

440 1187 721 1241 recondita
766 1187 833 1243 de
869 1187 1108 1243 universi
1139 1186 1437 1243 C‘onditore
1474 1201 1538 1242 ac
1571 1185 1842 1247 molitore,
1876 1183 2029 1238 theo-

440 1277 600 1349 logia:
634 1280 895 1351 mysteria
925 1281 1158 1336 transire
1186 1283 1501 1337 doceantur.
1533 1277 1611 1334 Ita
1635 1278 1792 1348 plane
1820 1277 2028 1347 primos

440 1366 567 1423 illos
630 1371 722 1439 qui
753 1386 873 1425 sese
916 1373 1233 1441 praipotenti
1268 1388 1450 1427 rerum
1482 1372 1728 1427 omnium
1778 1370 2030 1425 modera-

442 1460 547 1513 tori
613 1461 937 1531 auctorique
984 1462 1097 1517 Deo
1153 1472 1576 1525 consecrarent,
1641 1472 1695 1518 et
1755 1462 2025 1518 sinceram

437 1569 735 1624 "eramque
787 1555 1108 1625 religionem
1165 1556 1455 1626 diligenter
1508 1555 1865 1620 cxcolerent,
1922 1554 2027 1609 lle-

436 1646 659 1711 bracas,
721 1646 878 1715 quasi
932 1657 1114 1702 mente
1171 1656 1522 1704 transeuntes
1574 1663 1639 1703 ac
1693 1646 2027 1718 trajicientes

439 1747 853 1805 nuncuparunt.
887 1736 990 1793 Sed
1023 1755 1288 1809 quorsum
1322 1740 1377 1793 in
1407 1738 1708 1810 colligenda
1740 1740 2023 1794 nominum

438 1828 583 1897 apud
620 1828 876 1885 Hebraeos
911 1832 1159 1885 omnium
1189 1833 1543 1903 proprietate,
1577 1840 1900 1901 maturaque
1933 1831 2027 1884 ad-

436 1920 660 1973 modum
695 1920 1041 1990 impositione
1070 1924 1281 1979 diutius
1339 1925 1718 1991 immorentur,
1773 1939 1897 1978 cum
1957 1923 2024 1977 ad

2136 535 2499 609 διαπερῶντα·
2568 536 2691 589 ἐπεὶ
2739 533 2837 587 καὶ
2878 532 3130 596 διάϐασις
3186 532 3283 586 καὶ
3343 530 3621 603 διαπερῶν
3656 532 3722 599 τῇ

2147 629 2416 701 Ἐϐραίων
2472 630 2622 700 φωνῇ
2677 626 2847 697 Ἔϐερ
2900 624 3245 696 ὀνομάζεται.
3305 622 3555 676 Διδάσκει
3596 620 3659 674 δὲ
3698 622 3728 672 ὁ

2133 721 2292 790 λόγος
2322 723 2496 793 περᾷν
2549 721 2643 774 καὶ
2697 717 2995 773 διαϐαίνειν
3028 716 3135 769 ἀπὸ
3181 715 3291 769 τῶν
3347 713 3476 785 τῇδε
3537 711 3630 765 ἐπὶ
3661 711 3729 765 τά

2136 812 2276 878 θεῖα,
2308 812 2574 884 μηδαμῶς
2609 829 2667 866 τε
2697 812 3052 883 ἐναπομένειν
3088 810 3182 863 καὶ
3213 806 3473 862 ἵστασθαι
3510 805 3603 858 ὲπὶ
3660 807 3726 875 τῇ

2137 905 2235 977 θέᾳ
2273 905 2381 958 τῶν
2418 905 2735 977 ὁρωμένων·
2777 904 2883 958 ἀπὸ
2938 904 2995 957 δὲ
3048 901 3254 956 τούτων
3300 898 3399 952 ext
3437 896 3511 953 τάκ
3542 897 3727 967 ἀφανῆ

2135 998 2230 1053 καὶ
2254 998 2461 1071 ἀόρατα
2485 997 2583 1068 τῆς
2616 998 2741 1070 περὶ
2791 997 2887 1050 τοῦ
2942 996 3051 1049 τῶν
3093 994 3230 1048 ὅλων
3273 988 3499 1062 ποιητοῦ
3541 1006 3602 1042 τε
3634 990 3728 1044 καὶ

2133 1089 2468 1163 δημιουργοῦ
2526 1088 2806 1158 θεολογίας
2866 1087 3181 1141 διαϐαίνειν.
3234 1082 3433 1155 Ταύτῃ
3469 1099 3553 1135 τοι
3596 1082 3725 1144 τοὺς

2135 1181 2386 1254 πρώτους
2427 1181 2573 1253 μόνῳ
2634 1179 2714 1252 τῷ
2771 1179 3111 1250 πανηγεμόνι
3135 1177 3230 1231 καὶ
3256 1175 3415 1245 αἰτίῳ
3445 1171 3725 1233 τῶντϐλων

2134 1272 2546 1343 ἀνακειμένους,
2582 1270 2834 1342 εὐσεϐείᾳ
2862 1285 2920 1323 τε
2951 1266 3168 1341 καθαρᾷ
3187 1265 3293 1321 καί.Δ
3319 1265 3523 1336 ἀληθεῖ
3551 1279 3723 1336 προσ-

2136 1365 2452 1436 ανέχοντας,
2499 1363 2785 1436 Ἐϐραίους
2835 1360 3106 1441 ὲφώνουιν,
3161 1357 3492 1431 περατικούς
3568 1372 3724 1419 τινας

2135 1459 2230 1513 καὶ
2249 1458 2641 1531 διαϐεϐηκότας
2675 1458 2740 1528 τῇ
2774 1454 2985 1526 διανοίᾳ
3036 1453 3164 1516 τοὺς
3209 1451 3487 1515 τοιούτους
3507 1451 3725 1505 ἀποκα-

2132 1550 2369 1614 λοῦντες.
2398 1550 2510 1604 Καὶ
2532 1549 2585 1602 τί
2610 1565 2678 1621 με
2710 1547 2791 1601 δεῖ
2821 1545 2916 1598 ἐπὶ
2943 1544 3126 1598 πλεῖον
3156 1542 3441 1615 μηκύνειν,
3457 1542 3526 1596 τά
3544 1542 3722 1596 πάντα

2136 1645 2439 1712 συνάγοντα
2490 1641 2591 1711 τῆς
2645 1640 2751 1695 τῶν
2789 1639 3053 1711 Ἐϐραίων
3100 1637 3380 1708 ὀνομάτων
3429 1633 3723 1706 ὀρθότητός

2131 1753 2193 1789 τε
2213 1736 2309 1789 καὶ
2334 1733 2639 1804 ἀκριϐείας,
2667 1733 2759 1786 τοῦ
2787 1731 2996 1804 προϐλή
3006 1746 3172 1802 ματος
3211 1728 3417 1789 οἰκείας
3465 1724 3721 1795 δεομένου

2135 1825 2555 1900 πραγματείας;
2588 1824 2754 1895 Πλὴν,
2785 1823 2861 1886 ὡς
2882 1824 2938 1877 ἐν
2965 1823 3120 1890 τύπῳ
3148 1819 3334 1889 φάναι,
3362 1816 3602 1889 ἡγοῦμαι
3630 1816 3724 1867 καὶ

2132 1920 2221 1973 διὰ
2246 1918 2355 1972 τῶν
2387 1917 2689 1989 λεχθέντων
2739 1916 2839 1986 τῆς
2877 1915 3008 1985 παρ’
3066 1911 3338 1982 Ἑϐραίοις
3374 1908 3603 1977 λογικῆς
3648 1906 3726 1959 δι-

440 2011 583 2065 hanc
635 2013 993 2080 quaestionem
1050 2014 1259 2084 integra
1309 2015 1556 2086 quaedam
1612 2030 1677 2069 ac
1732 2014 2013 2083 singularis

2139 2009 2429 2073 δασκαλίας
2450 2010 2550 2082 τὴν
2572 2004 2848 2072 ἀπόδειξιν
2885 2004 3314 2077 παρεσχηκέναι·
3346 2003 3394 2054 εἰ
3441 2000 3528 2071 δὴ,
3579 2000 3724 2051 κατὰ.

435 2114 603 2169 opera
632 2101 972 2170 requiratur?
1008 2103 1277 2159 Caeterum
1300 2145 1314 2170 ,
1363 2105 1497 2158 mihi
1542 2104 1759 2173 quidem
1793 2103 1982 2157 videor
2008 2147 2023 2169 ,

438 2191 719 2259 quomodo
768 2193 958 2247 saltem
1015 2192 1361 2248 informanda
1416 2210 1475 2250 re
1530 2194 1643 2248 ﬁeri
1690 2194 1887 2263 potuit,
1920 2192 2026 2248 He-

433 2282 711 2339 braeorum
765 2284 819 2338 in
849 2285 1172 2341 disserendo
1216 2286 1326 2341 vim
1379 2296 1542 2357 atque
1577 2287 1913 2354 facultatem,
1940 2289 2027 2342 vcl

433 2378 627 2448 paucis
668 2378 755 2442 iis,
788 2394 912 2447 qua“:
957 2378 1055 2434 abs
1089 2395 1178 2434 me
1224 2390 1653 2435 commemorata
1701 2389 1849 2444 sunt,
1885 2381 2022 2437 satis

434 2470 783 2526 illustrasse:
810 2471 1081 2541 siquidem
1120 2486 1185 2526 ea
1215 2470 1463 2526 Platonis
1513 2472 1783 2527 sententia
1822 2466 2043 2542 placet,

434 2562 563 2616 dum
614 2563 659 2617 is
708 2561 1049 2632 plebeiorum
1100 2577 1164 2616 ac
1213 2562 1521 2631 vulgarium
1567 2562 1852 2617 hominum
1897 2579 2021 2619 esse

432 2663 615 2724 negat,
657 2652 877 2722 propria
925 2653 1220 2724 nativaque
1252 2668 1439 2707 rerum
1488 2654 1719 2709 nomina
1748 2655 2016 2723 invenire,

2127 2104 2220 2158 τὸν
2248 2102 2534 2166 Πλάτωνα,
2555 2101 2617 2153 ού
2643 2099 2862 2170 φαύλων
2886 2094 2952 2170 ῆν
2978 2096 3184 2170 ἀνδρῶν
3208 2094 3333 2148 οὐδὲ
3374 2092 3483 2147 τῶν
3533 2091 3725 2162 τυχόν-

2128 2212 2258 2259 των,
2291 2193 2429 2250 ἀλλά
2469 2191 2635 2264 σοφοῦ
2678 2191 2773 2245 καὶ
2813 2188 3155 2244 διαλεκτικοῦ
3201 2204 3347 2250 τινος
3401 2183 3721 2254 νομοθέτου,

2130 2286 2291 2355 φύσιν
2330 2284 2611 2354 ὀνομάτων
2659 2280 2865 2334 οἰκείαν
2918 2282 3029 2343 τοῖς
3076 2278 3396 2351 πράγμασιν
3442 2274 3723 2345 εὑρέσθαι,

2127 2374 2238 2443 οἷος
2275 2378 2405 2450 ἡμῖν
2431 2377 2460 2429 ὁ
2500 2377 2707 2446 Μωσῆς
2732 2375 2826 2428 καὶ
2845 2373 2914 2427 τά
2941 2372 3209 2445 Ἑϐραίων
3231 2370 3607 2425 ἀποδέδεικται
3634 2366 3724 2419 λό-

2128 2489 2242 2542 για.
2299 2471 2365 2525 Τί
2407 2469 2472 2541 δὴ
2497 2465 2591 2523 οὖν
2622 2467 2761 2541 μετά
2804 2467 2872 2522 τὰ
2895 2466 3092 2535 λογικά
3129 2463 3392 2534 ἕπεται,ἦ
3416 2462 3487 2515 τά
3514 2460 3723 2531 φυσικά

2126 2560 2561 2631 ἐπισκέψασθαι,
2614 2560 2764 2623 ὅπως
2814 2556 2948 2611 ποτὲ
2993 2557 3090 2611 καὶ
3158 2554 3287 2627 περί
3350 2550 3526 2607 ταῖὶτα
3574 2543 3724 2620 εἶχον

2138 2656 2405 2728 Ἐϐραίων
2441 2653 2631 2716 παῖδες
2649 2669 2665 2719 ;

431 2745 528 2800 sed
600 2753 810 2799 tantum
872 2745 1136 2816 sapientis
1196 2745 1547 2816 legislatoris,
1603 2758 1656 2803 et
1719 2747 1953 2804 scienter
1992 2748 2274 2819 periteque
2322 2744 2723 2807 ratiocinantis,
2773 2743 2990 2814 qualem
3031 2743 3275 2814 profecto
3331 2756 3458 2796 cum
3510 2739 3717 2795 Mosam

430 2839 635 2908 ipsum,
671 2850 784 2892 tum
818 2837 1213 2892 llehraicorum
1268 2839 1621 2893 oraculorum
1676 2840 1785 2893 vim
1841 2855 1966 2895 esse
2033 2838 2425 2895 demonstravi.
2482 2836 2626 2905 Quid
2652 2852 2783 2909 ergo
2812 2835 3122 2907 proximum
3155 2843 3260 2903 est,
3287 2834 3394 2890 nisi
3422 2842 3477 2888 ut
3515 2848 3713 2905 quem-

432 2933 725 2988 admodum
764 2932 867 3003 ipsi
899 2932 967 2988 de
1013 2947 1198 3002 rerum
1232 2944 1426 2988 natura
1471 2934 1843 3005 philosophati
1888 2935 2017 2999 sint,
2059 2935 2414 3006 exquiramus
2438 2935 2475 2988 ’ξε

930 3113 1087 3184 521
1110 3094 1349 3168 ‘CAPUT
1392 3112 1499 3168 vu.

671 3246 749 3301 De
776 3246 1016 3300 naturali
1045 3246 1394 3303 Hebraeorum
1423 3248 1782 3320 phitosophia.

2682 3110 3081 3167 ΚΕΦΑΛΑῙΟΝ
3103 3112 3179 3164 Z'.

2295 3244 2440 3313 Περὶ
2471 3242 2583 3312 τῆς
2604 3246 2735 3298 καθ’
2783 3242 3087 3312 Ἐϐραίους
3128 3243 3549 3313 φυσιολογίας.

499 3380 743 3437 Tertiam
771 3381 913 3436 hanc
935 3379 1214 3436 Hebraica:
1237 3382 1602 3453 philosophiae
1641 3394 1872 3454 partem,
1893 3402 2013 3457 quae

2191 3381 2303 3435 Καὶ
2326 3382 2389 3436 τὸ
2411 3381 2597 3454 τρίτον
2621 3381 2679 3436 δὲ
2709 3380 2878 3455 μέρος
2901 3383 3002 3453 τῆς
3025 3379 3149 3435 καθ’
3189 3378 3478 3452 Ἑϐραίους
3498 3380 3716 3451 φιλοσο-

433 3473 699 3528 naturalis
732 3483 981 3540 vocatur,
1036 3487 1268 3543 quaeque
1323 3475 1393 3529 ab
1448 3475 1641 3530 iisdem
1675 3492 1912 3547 quoque,
1957 3479 2010 3533 in

432 3581 615 3621 rerum
667 3564 785 3620 sola
822 3572 1002 3619 mente
1029 3573 1447 3635 perceptarum,
1478 3574 1533 3622 et
1560 3569 1809 3638 corporis
1832 3569 2013 3627 omnis

430 3658 729 3730 expertium
765 3658 1312 3729 contemplationem,
1347 3659 1472 3715 etin
1503 3676 1718 3727 earum,
1750 3678 1872 3732 quae
1889 3678 2014 3718 seu-

430 3754 579 3810 sibus
610 3762 970 3822 usurpantur,
1003 3751 1386 3807 tractationem
1425 3754 1710 3819 dividitur,
1743 3755 2011 3811 laudatis-

429 3846 551 3901 simi
579 3845 855 3916 prophetae
879 3859 1002 3898 cum
1028 3855 1297 3900 noverant
1322 3847 1429 3917 ipsi
1469 3863 1569 3918 per
1591 3863 1735 3913 sese,
1764 3851 2011 3917 tum,ubl

428 3938 730 4010 posmlaret
788 3937 1045 4002 oecasio,
1076 3938 1192 3994 suis
1223 3939 1427 4009 passim
1472 3940 1712 3996 oraculis
1760 3957 2013 4013 asperge-

428 4032 596 4086 bant:
660 4046 826 4100 quam
856 4031 930 4084 illi
964 4041 1145 4085 tamen
1173 4047 1352 4102 neque
1397 4032 1731 4102 coniecturis
1776 4034 2009 4102 quibus-

426 4121 574 4182 dam,
599 4123 965 4179 autmortalis
995 4122 1346 4192 cogitationis
1376 4124 1647 4182 industria
1680 4127 2008 4195 didicerant,

427 4226 610 4281 neque
643 4212 811 4268 uilius
846 4229 967 4269 sese
1002 4213 1229 4267 humani
1279 4215 1629 4285 praeceptoris
1686 4215 2013 4271 auctoritate

425 4300 740 4372 iactabant:
777 4302 869 4356 sed
905 4302 1105 4357 divinae
1127 4301 1345 4356 cuidam
1383 4304 1686 4373 superioris
1724 4306 2011 4375 potestatis

428 4392 503 4457 vi,
539 4392 822 4463 divinique
861 4392 1099 4463 Spiritus
1124 4392 1332 4448 amatui
1359 4404 1527 4450 totam
1555 4396 1704 4452 illam
1734 4397 2007 4468 cognitio-

2121 3474 2251 3543 φίας
2277 3472 2457 3544 (τοῦτο
2481 3473 2532 3527 δ’
2554 3469 2623 3545 ἦν
2652 3473 2713 3526 τὸ
2735 3472 2985 3542 φυσικὸν,
3036 3471 3418 3546 διαιρούμενον
3466 3473 3563 3528 καὶ
3588 3473 3718 3544 παρ’

2121 3566 2305 3630 αὐτοῖς
2330 3564 2410 3630 εἷς
2444 3583 2504 3620 τε
2550 3565 2650 3638 τὴν
2695 3564 2804 3619 τῶν
2839 3563 3049 3636 νοητῶν
3110 3565 3205 3619 καὶ
3256 3564 3569 3635 ἀσωμάτων
3622 3567 3718 3618 ὲπ-

2118 3658 2365 3723 οπτείαν,
2399 3658 2494 3711 καὶ
2518 3658 2598 3721 εἰς
2634 3655 2732 3728 τὴν
2759 3654 2865 3711 τῶν
2911 3654 3185 3725 αἰσθητῶν
3239 3656 3615 3727 φυσιολογίαν)
3665 3658 3713 3709 οἰ

2115 3746 2260 3802 κατὰ
2311 3749 2489 3801 πάντα
2537 3746 2733 3800 τέλειοι
2796 3749 3074 3819 προφῆται
3106 3745 3302 3818 ᾔδεσαν
3351 3763 3435 3812 τε,
3483 3749 3715 3810 καὶτοῖς

2113 3841 2353 3905 οἰκείοις,
2381 3840 2472 3893 ὅτε
2497 3838 2560 3910 δὴ
2591 3839 2783 3912 καιρὸς
2832 3840 3041 3905 ὲκάλει,
3089 3839 3460 3911 κατεμίγνυον
3510 3841 3708 3910 λόγοις·

2112 3933 2175 3986 οὐ
2215 3934 2538 4003 στοχασμοίς
2566 3932 2661 3985 καὶ⁴
2713 3931 2915 4003 θνητῆς
2940 3931 3179 3996 διανοίας
3226 3931 3576 4004 ἐπιτηδεύσει
3612 3949 3713 4003 μα-

2115 4023 2316 4090 θόντες,
2351 4025 2460 4078 οὐδ’
2495 4024 2588 4078 ἐπὶ
2611 4024 2956 4089 διδασκάλοις
3014 4024 3241 4097 ἀνδράσι
3294 4026 3708 4097 σεμνυνόμενοι,

2116 4115 2436 4190 θεοφορήσει
2462 4118 2520 4172 δὲ
2548 4116 2859 4189 κρείττονος
2888 4117 3190 4188 δυνάμεως,
3217 4117 3313 4175 καὶ
3361 4117 3511 4172 θείου
3542 4119 3711 4175 Πνεύ-

2118 4225 2287 4279 ματος
2312 4209 2524 4279 ἐπινοίᾳ
2556 4207 2656 4281 τὴν
2680 4208 2885 4279 γνῶσιν
2914 4208 3277 4274 ἀνατιθέντες.
3314 4209 3513 4263 Ἔνθεν
3542 4211 3710 4281 μυρία

2118 4300 2422 4370 μὲνιαὺτοῖς
2448 4299 2576 4372 περὶ
2599 4300 2709 4353 τῶν
2736 4299 3038 4372 μελλόντων
3068 4300 3416 4363 τεθέσπιστο,
3461 4302 3633 4373 μυρία
3653 4301 3709 4354 δὲ

2114 4390 2244 4461 περί
2284 4391 2384 4461 τῆς
2406 4389 2500 4444 τοῦ
2535 4389 2741 4455 παντὸς
2771 4393 3087 4456 συστάσεως
3123 4391 3577 4464 πεφυσιολόγητο·
3614 4394 3708 4446 καὶ

426 4498 551 4538 nem
582 4494 858 4554 acceptam
896 4486 1161 4542 ferebant.
1221 4485 1397 4553 Quem
1444 4488 1523 4542 illi
1547 4488 1768 4559 quidem
1806 4489 2013 4556 secuti,

2139 4478 2182 4536 ιῦ
2221 4482 2382 4536 πάλιν
2408 4481 2576 4553 μυρία
2597 4482 2728 4554 περί
2758 4481 2912 4548 ζώων
2962 4483 3179 4552 φύσεως
3224 4482 3527 4555 διείληπτο·
3560 4483 3709 4538 πλεξ-

426 4585 488 4631 ut
512 4575 580 4631 de
615 4579 781 4631 rebus
816 4574 1019 4631 futuris
1047 4575 1263 4630 infinita
1319 4575 1587 4632 divinitus
1618 4578 2009 4647 praedixerunt,

427 4668 510 4726 sic
531 4668 696 4723 etiam
727 4676 782 4722 et
804 4668 871 4722 de
900 4667 1140 4723 universi
1160 4667 1442 4723 molitione
1470 4668 1705 4737 inﬁnita,
1738 4685 1849 4741 quo
1887 4686 2009 4727 mo-

425 4762 496 4816 do
514 4770 708 4815 natura
733 4760 1064 4829 postulabat,
1089 4759 1458 4830 disputarunt,
1478 4769 1532 4815 et
1558 4761 1626 4817 de
1643 4761 2008 4819 animantium

427 4853 672 4922 ipsarum
703 4852 917 4908 naturis
948 4852 1160 4907 inlinita
1183 4860 1491 4908 tractarunt
1519 4871 1535 4918 ;
1566 4854 1769 4923 quibus
1797 4864 1852 4911 et
1883 4871 2010 4911 sex-

424 4953 584 4999 centa
615 4944 683 4998 de
711 4944 915 5013 plantis
942 4942 996 4997 in
1032 4943 1150 5000 suis
1186 4944 1391 5014 quique
1454 4946 1757 5016 prophetiis
1786 4947 2010 5003 addide-

424 5048 573 5093 runt.
596 5036 661 5090 Et
685 5052 820 5092 sane
847 5035 1049 5103 Moses,
1079 5037 1174 5107 qui
1199 5037 1442 5106 lapidum
1460 5038 1627 5092 etiam
1656 5039 1802 5095 vires
1828 5040 2011 5110 appri-

423 5147 513 5187 me
538 5131 782 5192 calleret,
834 5147 946 5186 non
999 5131 1178 5186 obiter
1225 5139 1321 5184 aut
1365 5131 1756 5201 perfunctorie,
1783 5147 1907 5187 cum
1941 5132 2009 5188 de

424 5222 627 5279 summi
661 5222 964 5279 sacerdotis
989 5223 1140 5278 cultu
1173 5224 1505 5290 dissereret,
1539 5224 1595 5277 in
1628 5238 1818 5278 eorum
1869 5239 2006 5280 con-

423 5313 755 5369 sideratione
796 5323 1045 5369 versatus
1069 5322 1175 5371 est.
1207 5316 1273 5369 At
1300 5329 1429 5369 vero
1455 5312 1739 5381 Salomon,
1765 5315 1813 5370 si
1856 5315 2010 5385 quis-

421 5421 588 5477 quam
613 5405 776 5470 alius,
810 5406 864 5460 in
900 5407 1000 5462 hac
1029 5407 1388 5478 physiologia:
1413 5414 1568 5476 parte
1592 5422 1865 5462 summam
1889 5421 2008 5461 om-

423 5499 557 5554 nino
606 5499 824 5554 laudem
857 5509 963 5567 est,
995 5501 1079 5555 vel
1110 5501 1229 5570 ipso
1282 5500 1481 5555 divinae
1511 5499 1812 5570 Scriptura:
1845 5499 1999 5556 testi-

421 5590 632 5653 monio,
678 5602 1029 5647 consecutus.
1089 5591 1182 5648 Sic
1225 5591 1373 5648 enim
1420 5591 1511 5645 illa
1547 5610 1561 5646 :
1604 5610 1623 5643 ι
1654 5590 1897 5646 Locutus
1923 5600 2008 5646 est

423 5696 643 5751 quoque
671 5684 954 5751 Salomon,
996 5686 1195 5756 inquit,
1232 5686 1335 5740 tria
1386 5684 1554 5739 millia
1606 5684 1917 5754 parabolas,
1953 5694 2008 5740 et

428 5772 648 5831 inerunt
676 5776 925 5832 carmina
948 5775 1069 5847 ejus
1094 5777 1339 5849 quinque
1381 5785 1437 5832 et
1462 5775 1629 5831 mille.
1664 5773 1731 5831 Et
1754 5774 2003 5847 disputa-

2116 4591 2217 4628 στα
2241 4574 2299 4627 δὲ
2330 4575 2432 4628 ὅσα
2481 4577 2579 4629 καὶ
2632 4576 2762 4647 περὶ
2790 4575 2977 4644 φυτῶν
3027 4578 3149 4639 ταῖς
3203 4576 3438 4638 οἰκείαις
3478 4577 3709 4639 ἔκαστος

2112 4665 2474 4737 προφητείαις
2512 4664 2897 4738 κατεϐέϐλητο.
2928 4667 3137 4736 Μωσῆς
3175 4666 3254 4731 δὲ,
3285 4667 3382 4720 καὶ
3428 4667 3597 4722 λίθων
3617 4667 3708 4721 δυε-

2110 4757 2305 4828 νάμεις
2334 4752 2394 4811 εὖ
2424 4758 2569 4829 μάλα
2599 4757 3045 4829 ἐξεπιστάμενος,
3081 4759 3140 4811 οὐ
3175 4757 3472 4831 παρέργως
3496 4758 3589 4812 ἐπὶ
3609 4758 3707 4830 τῆς

2109 4850 2204 4902 τοῦ
2228 4850 2528 4922 ἀρχιερέως
2555 4850 2750 4922 στολῆς
2777 4854 2844 4923 τῇ
2871 4851 3078 4905 τούτων
3105 4851 3344 4922 κέχρητο
3365 4851 3592 4924 θεωρίᾳ·
3612 4853 3708 4907 καὶ

2111 4935 2179 4995 αὖ
2207 4940 2369 4996 πάλιν
2391 4941 2665 5014 Σολομὼν,
2699 4945 2749 4996 εἰ
2778 4944 2873 4997 καί
2915 4960 3001 5007 τις
3043 4942 3225 5006 ἄλλος,
3279 4945 3339 4997 ὲν
3383 4948 3453 5016 τῇ
3498 4945 3705 4999 τούτων

2108 5033 2408 5108 διαπρέψαι
2430 5036 2756 5110 φυσιολογίᾳ.
2800 5037 2939 5110 πρὸς
2989 5037 3090 5109 τῆς
3122 5037 3274 5102 θείας
3339 5042 3703 5112 μαρτυρεῖται

2110 5126 2356 5198 Γραφῆς,
2380 5120 2482 5181 ὧδε
2513 5128 2893 5201 περιεχούσης·
2948 5149 2975 5181 «η
3015 5132 3127 5185 Καὶ
3165 5129 3399 5202 ὲλάλησε
3448 5132 3703 5203 Σολομὼν

2108 5219 2413 5293 τρισχιλίας
2460 5220 2794 5294 παραϐολὰς,
2850 5223 2944 5276 καί⁵
2997 5218 3138 5295 ἦσαν
3197 5223 3335 5294 ᾠδαϊ
3379 5224 3553 5278 αὐτοῦ
3575 5243 3705 5280 πεν-

2109 5313 2467 5385 τακισχίλιαι.
2502 5314 2616 5368 Καὶ
2639 5313 2867 5384 ὲλάλησε
2916 5316 3045 5386 περὶ
3085 5314 3195 5369 τῶν
3225 5315 3403 5383 ξύλων
3462 5317 3569 5372 ἀπὸ
3599 5318 3704 5388 τῆς

2109 5405 2305 5478 κέδρου
2337 5406 2436 5478 τῆς
2466 5409 2525 5461 ἐν
2552 5406 2629 5477 τῷ
2651 5406 2871 5478 Λιϐάνῳ
2908 5409 3005 5462 καὶ
3030 5407 3134 5471 ἕως
3165 5407 3266 5480 τῆς
3310 5409 3569 5464 ὑσσώπου
3600 5410 3705 5481 τῆς

2108 5501 2549 5573 ὲκπορευομένης
2597 5499 2685 5553 διὰ
2742 5498 2835 5553 τοῦ
2890 5499 3091 5571 τοίχου.
3142 5500 3255 5554 Καὶ
3304 5500 3539 5572 ἐλάλησε
3570 5503 3702 5574 περὶ

2108 5590 2221 5645 τῶν
2246 5590 2480 5661 κτηνῶν,
2508 5591 2602 5644 καὶ
2630 5590 2759 5661 περί
2792 5589 2899 5644 τῶν
2933 5590 3212 5655 πετεινῶν,
3257 5592 3366 5646 καὶ]
3403 5592 3535 5663 περὶ
3588 5593 3700 5646 τῶν

2109 5683 2379 5755 ἑρπετῶν,
2409 5683 2505 5736 καὶ
2555 5684 2685 5755 περὶ
2731 5683 2841 5737 τῶν
2896 5682 3114 5754 ἰχθύων.
3158 5683 3268 5736 Καὶ
3332 5685 3699 5754 παρεγένοντο

2108 5776 2310 5840 πάντες
2338 5776 2389 5830 οἰ
2412 5775 2530 5830 λαοὶ
2554 5773 2785 5831 ἀκοῦσαι
2807 5775 2907 5847 τῆς
2951 5773 3151 5846 σοφίας.
3180 5774 3553 5847 Σολομῶντος,
3608 5777 3701 5832 καὶ
