3826 6232
174 241 291 302 885

1350 238 1676 297 ΡΒᾸΞΡΑΒ.
1720 236 1972 294 EVANG.
1994 236 2124 294 LIB.
2162 238 2258 294 XI.

3357 250 3466 307 856

179 362 458 434 ιλάμϐανε
487 361 637 435 δῶρα
669 362 822 434 παρά
846 362 1065 418 πάντων
1092 360 1201 416 τῶν
1229 361 1492 433 βασιλέων
1517 362 1619 433 τῆς
1643 361 1739 432 γῆς

1882 360 1958 415 vit
1987 376 2153 431 super
2176 361 2361 433 lignis,
2399 376 2432 416 a
2466 361 2650 429 cedro,
2681 378 2803 433 quae
2832 373 2914 422 est
2943 364 2999 420 in
3036 365 3266 435 Libano,
3288 386 3464 442 usque

178 455 298 508 ὅσοι
331 455 571 525 ἥκουσαν
599 454 699 525 τῆς
726 453 917 521 σοφίας
949 450 1169 507 αὐτοῦ.»
1211 449 1490 504 Ἐντεῦθεν
1515 449 1772 521 ὁρμώμε-

177 562 275 608 νος
312 546 408 598 καὶ
427 545 457 597 ὁ
487 544 588 615 τὴν
628 544 930 614 πανάρετον
957 542 1147 611 σοφίαν
1172 541 1251 604 είς
1277 537 1444 595 αὐτοῦ
1480 540 1773 611 πρόσωπον

173 636 428 702 ἀναθεὶς,
482 636 612 709 ἔφη’
662 655 681 688 ι
709 636 881 701 Αὐτὸς
936 636 1043 707 γάρ
1080 651 1170 705 μοι
1226 632 1393 687 ἔδωκε
1445 632 1554 687 τῶν
1606 631 1775 686 ὄντων

176 728 386 799 γνῶσιν
418 728 642 799 ἀψευδῆ,
672 727 871 782 εἰδέναι
914 725 1173 781 σύστασιν
1214 724 1444 795 κόσμου,
1477 725 1571 777 καὶ
1619 722 1772 794 ἐνέρ-

173 837 338 891 γειαν
372 819 671 891 στοιχείων,
694 819 869 890 ἀρχὴν
897 819 992 872 καὶ
1015 817 1188 882 τέλος,
1223 817 1316 872 καὶ
1344 817 1619 888 μεσότητα
1646 815 1775 886 χρό-

175 932 311 979 νων,
336 913 553 987 τροπῶν
582 912 843 982 ἀλλαγὰς,
870 912 967 967 καὶ
1001 910 1305 984 μεταϐολὰς
1334 907 1565 981 καιρῶν,
1592 910 1772 961 ένιαυ-

177 1010 278 1064 τοῦ
311 1008 565 1072 κύκλους,
594 1007 689 1061 καὶ
721 1005 968 1078 ἀστέρων
1014 1005 1216 1069 Θέσεις,
1248 1002 1442 1074 φύσεις
1464 1000 1641 1067 ζώων,
1675 999 1772 1054 καὶ

176 1099 393 1171 θυμοὺς
422 1099 648 1170 θηρίων,
685 1097 1010 1168 πνευμάτων
1059 1095 1200 1166 βίας,
1231 1095 1328 1149 καὶ
1382 1093 1769 1164 διαλογισμοὺς

178 1191 506 1263 ἀνθρώπων,
536 1190 630 1244 καὶ
651 1187 914 1259 διαφοράς
944 1186 1147 1256 φυτῶν,
1168 1187 1264 1241 καὶ
1288 1185 1546 1256 δυνάμεις
1580 1184 1767 1255 ῥιζῶν,

177 1285 284 1338 ὅσα
301 1282 363 1335 τέ
391 1284 508 1336 ἐστι
540 1280 759 1354 κρυπτά
786 1280 882 1334 καὶ
911 1280 1113 1351 ἀφανῆ,
1152 1278 1342 1348 ἔγνων.
1391 1279 1458 1332 Ἡ
1494 1276 1604 1348 γὰρ
1630 1277 1768 1330 πάν-

173 1393 290 1430 των
309 1377 543 1444 τεχνῖτις
566 1371 771 1438 ὲδίδαξέ
806 1388 872 1443 με
895 1372 1116 1441 Σοφία.»
1148 1369 1318 1424 Πάλιν
1338 1387 1398 1422 τε
1430 1371 1460 1423 ὁ
1476 1368 1639 1432 αὐτὸς
1667 1368 1767 1420 Σο-

173 1467 360 1540 λομὼν
384 1467 482 1539 τὴν
509 1465 739 1538 ῥευστὴν
762 1465 870 1518 τῶν
903 1464 1169 1533 σωμάτων
1202 1464 1387 1519 οὐσίαν
1409 1460 1764 1533 φυσιολογῶν,

172 1564 236 1616 ἐν
285 1560 681 1631 Ἐκκλησιαστῇ
729 1574 883 1629 φησι’
951 1576 970 1609 ι
993 1556 1309 1628 Ματαιότης
1362 1554 1762 1627 ματαιοτήτων,

173 1654 275 1710 καὶ
303 1643 480 1707 πάντα
515 1651 828 1722 ματαιότης.
864 1650 962 1714 Τίς
990 1649 1280 1722 περισσεία
1315 1648 1393 1720 τῷ
1412 1647 1684 1722 ἀνθρώπῳ
1704 1650 1763 1702 ὲν

1879 451 1948 506 ad
1982 452 2304 524 hyssopum,
2331 467 2455 523 quae
2494 454 2775 523 egreditur
2818 456 2886 511 de
2922 459 3151 528 pariete.
3198 460 3264 517 Et
3295 464 3464 519 disse-

1877 544 1989 599 ruit
2031 546 2097 600 de
2136 546 2424 616 jumentis,
2471 554 2527 601 et
2577 548 2930 617 volucribus,
2973 560 3029 607 et
3056 554 3362 623 reptilibus.
3411 566 3465 611 et

1878 637 2146 708 piscibus.
2198 636 2265 692 Et
2300 639 2593 694 veniebant
2624 641 2693 695 de
2740 644 2955 699 cunctis
2984 647 3223 716 populis,
3263 649 3330 703 ad
3361 663 3463 704 au-

1877 728 2135 784 diendam
2188 729 2514 800 sapientiam
2554 730 2888 800 Salomonis,
2917 744 2971 791 et
3014 738 3318 808 accipiebat
3349 757 3467 796 mu-

1876 835 2008 875 nera
2041 821 2111 876 ab
2138 820 2415 878 universis
2446 824 2667 895 regibus
2699 834 2878 891 terra},
2924 830 3018 898 qui
3053 832 3348 887 audiebant
3375 849 3464 889 sa-

1874 912 2133 982 pientiam
2160 913 2279 985 ejus
2305 915 2375 970 ’⁸.
2405 934 2425 969 ι
2458 916 2638 986 Atque
2669 919 2773 973 hac
2803 920 2920 989 ipse
2971 922 3182 979 ratione
3217 940 3465 981 commo-

1872 1012 1982 1071 tus,
2016 1005 2145 1060 dum
2173 1016 2452 1075 parentem
2481 1007 2628 1063 illam
2659 1008 2876 1067 virtutis
2902 1013 3083 1069 omnis
3137 1015 3462 1085 sapientiam

1870 1098 1989 1167 ejus
2011 1098 2278 1153 beneﬁcio
2297 1098 2579 1169 tribueret,
2599 1101 2748 1157 hunc
2772 1103 2826 1157 in
2845 1105 3068 1160 modum
3096 1106 3456 1177 loquebatur:

1877 1209 1896 1242 ι
1932 1190 2053 1261 Ipse
2094 1192 2265 1254 enim,
2297 1192 2494 1263 inquit,
2528 1194 2677 1249 dedit
2706 1197 2840 1250 mihi
2879 1198 3096 1266 horum,
3133 1214 3255 1269 quae
3308 1209 3458 1267 sunt,

1869 1278 2156 1333 scientiam
2185 1295 2393 1348 veram,
2444 1290 2503 1336 ut
2527 1282 2699 1338 sciam
2745 1287 3193 1344 constitutionem
3245 1290 3458 1357 mundi,

1870 1377 1925 1421 et
1943 1368 2172 1424 virtutes
2205 1368 2620 1437 elementorum,
2671 1372 2911 1443 initium,
2943 1385 2997 1431 et
3022 1379 3459 1438 consummatio-

1869 1474 2016 1523 nem,
2086 1469 2140 1515 et
2185 1461 2532 1518 medietatem
2600 1474 2945 1536 temporum,
3019 1470 3457 1528 vicissitudinum

1868 1550 2325 1618 permutationes,
2360 1560 2415 1607 et
2441 1556 2902 1613 commutationes
2961 1568 3291 1630 temporum,
3325 1564 3458 1618 anni

1869 1655 2087 1708 cursus,
2118 1651 2173 1696 et
2202 1643 2485 1699 stellarum
2531 1645 2948 1718 dispositiones,
2980 1663 3207 1709 naturas
3241 1656 3457 1712 anima-

173 1747 341 1802 παντὶ
375 1721 560 1816 μόχθιρ
602 1741 790 1806 αὐτοῦ,
823 1734 868 1809 ᾧ
904 1721 1092 1813 μοχθεῖ
1118 1741 1223 1795 ὐπὸ
1248 1740 1340 1794 τὸν
1367 1741 1557 1813 ἦλιον;
1596 1760 1615 1792 ι
1653 1742 1739 1794 Κα

1872 1730 2030 1799 lium,
2085 1745 2141 1788 et
2171 1735 2283 1791 iras
2309 1736 2633 1802 bestiarum,
2689 1742 2796 1796 vim
2830 1751 3138 1810 ventorum,
3165 1756 3219 1802 et
3245 1752 3456 1819 cogita-

174 1839 437 1908 ἐπιλέγειε
472 1855 491 1888 ι
518 1835 582 1891 Τί
602 1836 664 1889 τὸ
684 1834 940 1904 γεγονός;
975 1832 1119 1887 Αὐτὸ
1153 1835 1214 1887 τὸ
1239 1833 1620 1906 γενησόμενον·
1664 1830 1762 1884 καὶ

164 1931 232 1984 ντί
271 1932 336 1985 τὸ
366 1928 775 1999 πεποιημένον;
829 1926 972 1980 Αὐτὸ
1027 1927 1089 1980 τὸ
1137 1926 1585 1999 πονιηθησὸμενον·
1666 1925 1763 1979 καὶ

166 2021 275 2074 οὐκ
318 2020 432 2075 ἐστι
456 2022 564 2074 πᾶν
591 2020 903 2092 πρόσφατον
932 2016 1038 2071 ὑπὸ
1072 2017 1164 2071 τὸν
1190 2018 1392 2088 ἥλιον.ι
1424 2017 1609 2071 Ταῦτα
1655 2017 1765 2089 γὰρ

170 2113 325 2186 αὐτῷ
356 2115 453 2168 καὶ
476 2114 544 2168 τά
588 2111 812 2167 τοιαῦτα
852 2110 1313 2182 πεφυσιολόγηται
1349 2112 1476 2181 περὶ
1522 2110 1622 2180 τῆς
1652 2126 1762 2163 σω-

175 2209 414 2279 ματικῆς
460 2207 668 2271 οὐσίας.
740 2204 937 2277 Εὔροις
1011 2203 1055 2258 δ’
1110 2203 1177 2258 ἂν
1233 2202 1328 2258 καὶ
1379 2202 1507 2266 τοὺς
1568 2202 1762 2267 ἄλλους

178 2302 473 2374 ’Ἑϐραίους
530 2296 699 2355 ἐπιὼν
749 2300 947 2368 σοφοὺς
978 2301 1078 2370 τῆς
1134 2297 1325 2368 ὁμοίας
1364 2295 1463 2348 οὐκ
1500 2295 1763 2366 ἀμοίρους

171 2398 505 2468 ἐπιστήμηςο
533 2394 715 2464 φυτῶν
762 2392 915 2463 γοῦν,
937 2391 1013 2456 ὼς
1038 2391 1174 2462 ἔφην
1196 2389 1295 2462 ἤδη
1331 2388 1617 2460 πρότερον,
1655 2405 1760 2458 μυ-

170 2489 269 2561 ρία
296 2488 391 2541 καὶ
411 2485 566 2550 ζώων
593 2484 741 2558 πέρι,
787 2483 1058 2556 χερσαίων
1111 2499 1171 2536 τε
1213 2481 1306 2535 καὶ
1353 2478 1611 2552 ἐνύδρων,
1664 2479 1759 2532 καὶ

169 2576 400 2649 προσέτι
421 2574 639 2647 πτηνῶν
667 2573 881 2644 φύσεως
896 2574 1113 2645 εἴρηται
1146 2572 1347 2634 αὐτοῖς.
1368 2570 1478 2623 Ναὶ
1497 2568 1632 2642 (51')
1650 2570 1759 2643 μὴν

167 2671 269 2724 καὶ
302 2670 433 2740 περὶ
464 2667 573 2722 τῶν
602 2669 660 2721 ὲν
686 2667 902 2740 οὐρανῷ
926 2667 1191 2739 ἀστέρων’
1217 2667 1339 2720 ἐπεὶ
1365 2666 1462 2720 καὶ
1490 2665 1755 2737 Ἀρκτου,

148 2765 269 2819 -καὶ
290 2762 570 2827 Πλειάδος,
604 2762 858 2833 Ὠρίωνός
884 2779 943 2814 τε
961 2761 1056 2815 καὶ
1091 2758 1439 2832 Ἀρκτούρου,
1456 2756 1515 2811 ὃν
1539 2757 1760 2827 Ἀρκτο-

166 2857 392 2927 φύλακα
417 2857 511 2911 καὶ
532 2853 749 2926 Βοώτην
776 2853 1000 2924 Ἕλλησι
1038 2851 1187 2923 φίλον
1231 2851 1540 2922 ὀνομάζειν,
1567 2850 1758 2921 μνήμη

163 2969 253 3017 τις
274 2952 377 3022 οὐχ
412 2953 445 3022 ἡ
480 2949 718 3021 τυχοῦσα
768 2949 880 3010 τοῖς
920 2946 1030 2999 τῶν
1075 2945 1416 3018 δηλουμένων
1457 2944 1756 3016 ἐμφέρεται

166 3045 513 3117 γράμμασιν.
553 3040 710 3094 Ἀλλὰ
729 3040 825 3093 καλ⁵
848 3039 977 3111 περὶ
1007 3039 1318 3103 συστάσεως
1343 3038 1571 3135 κόσμου,
1598 3037 1756 3135 ’τά-τε
1778 3049 1830 3135 'C

167 3135 421 3208 περὶτῆς
446 3132 540 3187 τοῦ
574 3131 772 3195 παντὸς
804 3130 1011 3202 τροπῆς
1045 3147 1107 3183 τε
1132 3131 1228 3183 καὶ
1271 3128 1632 3195 ἀλλοιώσεως,
1657 3130 1761 3201 ψυ-

164 3228 271 3300 χῆς
291 3245 352 3281 τε
380 3225 695 3298 περιουσίας
718 3236 767 3288 δ,
810 3223 905 3276 καὶ
948 3222 1183 3291 λογικῶν
1235 3224 1490 3277 ἁπάντων
1546 3223 1760 3293 φύσεως

163 3315 453 3387 ὀρωμένης
489 3330 569 3378 τε,
602 3314 693 3367 καὶ
716 3309 953 3381 ἀφανοῦς
997 3312 1376 3384 δημιουργίας,
1416 3313 1515 3385 τῆς
1538 3331 1598 3366 τε
1625 3313 1760 3369 καθ-

162 3408 291 3461 ὁλου
315 3406 594 3478 προνοίας,
622 3405 716 3459 καὶ
738 3404 942 3459 τούτων
968 3404 1049 3459 ἔτι
1101 3405 1366 3477 πρότερον
1389 3404 1458 3458 τὰ
1498 3422 1565 3457 πε
1573 3406 1628 3476 pi.
1663 3407 1757 3460 τοῦ

166 3497 389 3571 πρώτου
416 3496 523 3550 τῶν
545 3497 682 3550 ὅλων
725 3497 921 3561 αίτίου,
949 3496 1050 3568 τῆς
1075 3514 1134 3550 τε
1182 3496 1276 3550 τοῦ
1301 3496 1552 3568 δευτέρου
1579 3496 1757 3552 θεολο·

163 3589 312 3657 γίας,
347 3589 446 3641 καὶ
473 3588 582 3641 τῶν
608 3588 780 3642 ἄλλων
805 3588 914 3642 τῶν
938 3588 1145 3659 διανοίᾳ
1166 3588 1304 3660 μόνῃ
1354 3587 1597 3659 ληπτῶν,
1632 3591 1759 3654 τοὺς

162 3679 356 3749 λόγους
388 3679 606 3743 καὶτὰς
644 3677 875 3748 θεωρίας
922 3674 980 3732 εὖ
1030 3678 1125 3732 καὶ
1178 3677 1420 3749 ἀκριϐῶς
1479 3678 1757 3751 περιειλή-

163 3788 348 3840 φασιν·
395 3771 472 3834 ὡς
495 3770 571 3843 μὴ
614 3769 680 3824 ἂν
721 3769 1055 3842 ἁμαρτάνειν
1076 3771 1204 3833 τοὺς
1228 3769 1368 3841 μετὰ
1392 3769 1563 3825 ταῦτα
1624 3774 1755 3843 παρ’

165 3859 396 3932 Ἕλλησι
442 3859 539 3932 τὴν
581 3860 788 3915 τούτων
834 3859 996 3929 φύσιν
1044 3860 1488 3931 ἀνηρευνηκότας
1515 3862 1751 3934 πρεσϐύο

159 3963 262 4009 τας
288 3946 319 3986 δ
358 3940 446 3999 οἷα
471 3947 765 4019 νεωτέρους
793 3947 1321 4020 κατηκολουθηκέναι
1350 3949 1534 4020 φάναι.
1569 3950 1754 4006 Ταῦτα

164 4039 267 4110 μὲν
289 4038 356 4109 δὴ
382 4037 632 4110 καὶπερὶ
685 4039 784 4109 τῆς
817 4040 910 4092 τοῦ
961 4039 1160 4104 παντὸς
1204 4041 1573 4111 φυσιολογίας.
1618 4046 1749 4116 Διχῆ

159 4131 218 4185 δὲ
255 4133 353 4186 καὶ
385 4133 516 4203 περὶ
546 4131 750 4187 τούτων
801 4132 1236 4204 διαστειλάμενοι
1282 4133 1462 4203 λόγον,
1506 4135 1600 4190 τὸν
1651 4136 1749 4208 μὲν

159 4224 291 4294 περὶ
315 4222 427 4277 τῶν
466 4221 761 4295 αἰσθητῶν,
807 4223 1041 4288 οὐκ.είς
1088 4224 1257 4297 ἄκρον
1299 4225 1466 4297 ᾤοντο
1507 4225 1616 4280 δεῖν
1667 4228 1749 4291 είς

157 4315 686 4401 πολλοὺςδὲκφέρειν,
737 4315 861 4370 οὐδέ
910 4332 975 4385 γε
1003 4315 1103 4380 τὰς
1165 4317 1347 4383 αίτίας
1370 4321 1471 4390 τῆς
1507 4318 1621 4391 (52)
1651 4319 1747 4391 δη-

1873 1827 2051 1883 tiones
2077 1827 2384 1896 hominum,
2402 1831 2737 1890 diﬂerentias
2764 1835 3209 1906 virgultorum,et
3225 1841 3456 1899 virtutes

1872 1919 2142 1983 radicum,
2177 1929 2232 1975 et
2259 1936 2601 1993 quaecunque
2625 1936 2756 1980 sunt
2772 1927 3063 1995 abscousa,
3081 1939 3136 1985 et
3159 1931 3455 2001 improvisa

1870 2010 2036 2066 didici
2069 2029 2084 2078 ;
2118 2010 2280 2083 522
2326 2016 2571 2071 omnium
2600 2017 2747 2072 enim
2782 2018 2976 2074 artifex
3004 2020 3190 2075 docuit
3235 2038 3324 2078 me.
3354 2022 3456 2080 Sa-

1871 2104 2070 2173 pientia
2086 2105 2188 2158 ".i
2214 2104 2428 2163 Rursus
2450 2108 2591 2164 idem
2610 2110 2700 2166 ille
2730 2110 2985 2168 Salomon
3010 2114 3077 2169 de
3101 2114 3245 2169 ﬂuxa
3258 2128 3456 2188 corpo-

1870 2210 1992 2249 rum
2040 2204 2237 2252 natura
2268 2198 2559 2270 disputans
2612 2203 2669 2258 in
2718 2203 3088 2263 Ecclesiaste:
3145 2227 3165 2261 ι
3208 2208 3452 2276 Vanitas,

1869 2285 2070 2356 inquit,
2108 2289 2434 2358 vanitatum,
2486 2303 2539 2348 et
2580 2295 2767 2349 omnia
2808 2299 3045 2353 vanitas.
3095 2298 3237 2367 Quid
3291 2300 3456 2358 habet

1868 2380 2103 2449 amplius
2138 2381 2306 2437 homo
2340 2383 2407 2438 de
2434 2385 2693 2441 universo
2720 2387 2907 2443 labore
2955 2405 3078 2455 suo,
3111 2406 3220 2460 quo
3242 2392 3455 2451 laborat

1868 2470 1971 2523 sub
1994 2472 2110 2525 sole
2133 2472 2184 2504 ’°
2207 2474 2231 2528 Ἰ
2255 2491 2272 2524 ι
2301 2472 2371 2528 Et
2389 2476 2897 2547 paucisinterjectis
2924 2499 2936 2534 :
2969 2500 2988 2532 ι
3017 2480 3159 2548 Quid
3189 2492 3275 2537 est
3304 2487 3452 2554 quod

1866 2566 2014 2622 fuit?
2048 2566 2227 2637 Ipsum
2262 2569 2408 2638 quod
2440 2565 2684 2622 futurum
2719 2578 2823 2625 est.
2872 2570 3015 2638 Quid
3049 2583 3136 2628 est
3176 2576 3322 2643 quod
3372 2576 3453 2630 fa-

1854 2654 2014 2715 'ctum
2039 2659 2171 2714 est?
2197 2660 2375 2730 ipsum
2407 2662 2552 2730 quod
2583 2661 2892 2718 faciendum
2924 2673 3026 2720 est.
3060 2664 3207 2721 Nihil
3233 2678 3315 2722 est
3346 2670 3451 2724 sub

1866 2752 1980 2807 sole
2006 2767 2231 2806 novum.
2276 2769 2295 2802 ι
2331 2749 2459 2807 Hmc
2489 2753 2602 2819 ille,
2626 2754 2843 2825 aliaque
2873 2755 2961 2811 his
3000 2756 3201 2811 similia
3226 2759 3292 2812 de
3325 2775 3450 2814 cor-

1864 2859 2029 2913 porea
2066 2852 2262 2898 natura
2307 2844 2728 2914 phil050phatus
2752 2855 2856 2901 est.
2887 2846 3128 2903 Caeteros
3150 2851 3316 2905 etiam
3350 2849 3452 2906 He-

1865 2936 2135 2991 braeorum
2168 2936 2445 3005 sapientes
2499 2937 2546 2992 si
2594 2953 2914 3006 percurrere
2961 2940 3223 3008 volueris,
3255 2943 3446 3000 eadem

1865 3028 2165 3084 instructos
2193 3029 2423 3084 scientia
2444 3027 2618 3085 fuisse
2658 3033 2914 3101 reperies.
2951 3031 3088 3088 Nam
3124 3035 3193 3090 de
3218 3036 3443 3105 plantis,

1862 3120 1942 3175 uti
1968 3120 2082 3191 jam
2115 3127 2240 3175 ante
2285 3121 2420 3187 dixi,
2455 3121 2633 3192 deque
2666 3122 3055 3190 animantium,
3093 3127 3210 3184 sive
3239 3145 3362 3200 quae
3389 3132 3445 3186 in

1862 3220 2030 3277 terra,
2063 3212 2178 3266 sive
2192 3227 2315 3281 quae
2338 3213 2393 3266 in
2422 3213 2581 3282 aquis
2598 3213 2824 3285 degunt,
2840 3231 2905 3271 ac
2917 3216 2985 3271 de
3012 3217 3254 3287 ipsarum
3275 3221 3445 3276 etiam

1860 3305 2146 3360 volucrum
2193 3314 2389 3359 natura
2449 3305 2687 3375 plurima
2721 3306 3047 3363 docuerunt.
3088 3310 3203 3366 lmo
3226 3314 3291 3367 de
3319 3314 3444 3369 coeli

1860 3411 2083 3465 quoque
2134 3396 2404 3452 sideribus
2447 3397 2824 3468 disputarunt,
2880 3415 3004 3455 cum
3053 3410 3107 3457 et
3161 3400 3336 3469 Ursae,
3389 3414 3445 3460 et

1860 3487 2160 3556 Pleiadum,
2194 3498 2249 3543 et
2272 3488 2514 3558 Orionis,
2547 3502 2597 3546 et
2621 3491 2861 3558 Arcturi,
2882 3508 3045 3563 quem
3078 3494 3441 3568 Arctophyla-

1858 3596 1998 3643 cem,
2024 3581 2181 3649 quasi
2213 3579 2369 3636 Ursae
2402 3583 2711 3647 custodem,
2740 3594 2793 3639 et
2810 3584 3015 3640 Booten
3049 3584 3221 3642 Graeci
3245 3603 3442 3645 vocare

1859 3672 2054 3736 solent,
2082 3673 2275 3727 crebra
2336 3673 2393 3727 in
2436 3688 2627 3729 eorum
2664 3675 2883 3747 scriptis
2914 3677 3118 3731 mentio
3153 3678 3436 3735 habeatur.

1857 3762 1999 3830 Quin
2031 3764 2194 3818 etiam
2221 3764 2288 3819 de
2312 3764 2464 3820 orbis
2487 3765 2792 3833 molitione,
2818 3766 2997 3837 deque
3022 3770 3266 3825 universi
3293 3786 3434 3826 eon-

1858 3856 2112 3911 versione
2145 3870 2210 3913 ac
2246 3857 2571 3922 mutatione,
2633 3858 2700 3912 de
2763 3860 2935 3914 animi
2998 3863 3341 3932 excellentia,
3370 3865 3438 3920 de

1854 3947 2101 4002 omnium
2136 3948 2349 4003 ratione
2379 3951 2756 4020 praeditorum.
2791 3967 2887 4007 seu
2919 3970 3041 4024 qua:
3074 3955 3310 4024 videtur,
3337 3972 3434 4013 seu

1853 4054 1976 4109 quae
2017 4054 2124 4095 non
2153 4039 2390 4108 videtur,
2446 4050 2658 4097 natura;
2704 4045 3121 4115 procreatione,
3154 4048 3219 4102 de
3251 4050 3436 4118 provi-

1851 4134 2033 4190 dentia
2065 4149 2249 4189 rerum
2287 4135 2702 4190 universitatem
2759 4139 3064 4208 complexa,
3117 4149 3282 4210 atque
3309 4151 3435 4198 ante

1852 4224 1967 4279 haec
1989 4224 2177 4279 omnia
2220 4223 2287 4279 de
2317 4224 2566 4294 principe
2614 4240 2798 4280 rerum
2830 4227 3076 4281 omnium
3110 4244 3298 4291 causa,
3330 4245 3434 4286 nec

1849 4331 1959 4371 non
1978 4317 2045 4371 de
2070 4317 2311 4371 secundo
2336 4315 2551 4370 illarum
2580 4317 2868 4387 principio,
2901 4320 3218 4386 caaterisque
3249 4320 3430 4377 omni-

161 4408 341 4479 μῶδες
393 4408 595 4480 πλῆθος
647 4407 1004 4474 ἐκδιδάσκειν,
1037 4407 1175 4480 πλὴν
1221 4409 1344 4463 ὅσον
1377 4409 1488 4480 (55)
1514 4409 1739 4475 εἰδέναι,

1860 4424 1972 4475 ous,
2004 4424 2127 4479 quae
2161 4408 2277 4465 sola
2325 4417 2506 4464 mente
2542 4408 2937 4478 percipiuntur,
2969 4412 3214 4482 egregias
3249 4412 3434 4484 impri-

156 4501 240 4555 ὅτι
269 4517 331 4554 τε
364 4500 439 4571 μὴ
464 4500 933 4572 ἀπηυτομάτισται
979 4500 1042 4554 τὸ
1086 4502 1214 4567 πᾶν,
1251 4501 1373 4573 μηδ’
1395 4503 1516 4575 εἱκῇ
1548 4502 1643 4557 καὶ
1666 4502 1743 4568 ὡς

157 4592 348 4663 ἔτυχεν
399 4591 460 4657 ἐξ
500 4591 693 4661 ἀλόγου
745 4593 918 4665 φορᾶς
958 4592 1284 4664 ὑφέστηκεν·
1344 4593 1534 4663 ἄγεται
1581 4594 1625 4647 δ’
1649 4594 1741 4666 ὑφ’

155 4685 358 4757 ἡνιόχῳ
385 4684 521 4738 Θεοῦ
549 4684 710 4756 λόγῳ,
739 4684 833 4738 καλ⁵
853 4684 1083 4756 δυνάμει
1123 4686 1314 4755 σοφίας
1360 4687 1598 4759 ἀρρήτου
1624 4686 1741 4744 δια-

157 4778 507 4850 ωϐερνᾶται.
544 4776 680 4848 Περὶ
706 4776 763 4829 δὲ
789 4774 897 4830 τῶν
921 4776 1149 4849 νοητῶν,
1186 4778 1269 4831 ὅτι
1325 4778 1426 4848 μὲν
1452 4778 1588 4843 ἔστι,
1641 4780 1739 4834 καὶ

155 4870 296 4937 τίνα,
327 4869 436 4941 ὅπη
475 4884 536 4920 τε
563 4865 859 4935 διατάξεως
880 4866 1013 4939 ἔχει,
1066 4866 1348 4939 δυνάμεώς
1394 4886 1455 4922 τε
1503 4871 1597 4923 καὶ
1621 4870 1736 4925 δια-

156 4962 350 5032 φορᾶς,
383 4960 598 5032 εἴρηται
630 4959 750 5031 μὲν,
776 4960 871 5013 καὶ
898 4962 1018 5023 ταῖς
1049 4960 1221 5032 ἱεραῖς
1266 4959 1471 5031 βίϐλοις
1501 4962 1736 5030 ἐγκατα-

155 5049 435 5121 ϐέϐληται,
464 5052 544 5114 είς
564 5048 889 5116 ὲξάκουστόν
921 5065 982 5101 τε
1005 5051 1118 5113 τοῖς
1170 5051 1305 5103 πᾶσι
1346 5050 1731 5122 παραδέδοται,

154 5143 280 5198 καθ’
302 5146 426 5198 ὅσον
452 5142 650 5197 εἰδέναι
681 5143 818 5216 χρῆν
844 5142 971 5206 τοὺς
1013 5141 1297 5206 εὐσεϐείας
1333 5143 1734 5216 μεταποιουμέ-

1850 4501 1957 4556 mis
1986 4509 2040 4556 et
2067 4509 2351 4555 accuratas
2380 4499 2778 4569 disputationes
2813 4502 3073 4558 habuere.
3112 4504 3189 4558 Ita
3230 4503 3431 4573 .profe-

1848 4592 2109 4657 cto,citra
2134 4604 2296 4645 omne
2320 4588 2608 4643 aberrandi
2632 4588 2959 4658 periculum,
2989 4592 3041 4646 id
3073 4593 3429 4661 pronuntiare

1847 4679 2026 4746 liceat,
2059 4678 2153 4749 qui
2179 4693 2209 4731 e
2233 4676 2434 4733 Graecis
2456 4685 2645 4747 postea
2677 4678 2730 4731 in
2755 4679 3051 4735 scrutanda
3080 4697 3262 4737 rerum
3292 4683 3430 4737 ista-

1843 4787 1967 4827 rum
2000 4780 2196 4826 natura
2228 4769 2427 4825 versati
2462 4777 2610 4834 sunt,
2647 4785 2765 4833 eos,
2806 4780 2993 4840 utpote
3010 4773 3285 4841 juniores,
3310 4776 3426 4844 pri-

1841 4879 2059 4919 scorum
2086 4863 2303 4917 illorum
2322 4860 2567 4930 vestigiis
2584 4862 2870 4918 institisse.
2889 4867 3065 4933 Atque
3084 4864 3199 4920 haec
3214 4880 3245 4920 a
3264 4867 3425 4921 nobis

1842 4962 1911 5017 de
1947 4960 2191 5016 universi
2240 4958 2384 5030 apud
2431 4956 2690 5013 Hebraeos
2718 4958 3059 5030 physiologia
3098 4959 3239 5014 dicta
3269 4960 3422 5015 sufﬁ-

1841 5053 2007 5109 ciant.
2030 5051 2296 5106 Caeterum
2325 5051 2426 5117 illi,
2462 5066 2587 5107 cum
2619 5051 2729 5105 duo
2755 5050 3100 5105 tractationis
3130 5051 3296 5122 hujus
3322 5064 3419 5108 ca-

1840 5145 1950 5216 pita
2001 5151 2327 5210 statuerent,
2385 5142 2617 5198 alterum
2653 5142 2805 5207 illud,
2839 5142 2986 5212 quod
3033 5156 3122 5197 res
3166 5143 3422 5202 sensibus

222 5236 272 5270 ⁸⁸
308 5235 378 5290 lll
403 5236 534 5305 Reg.
576 5252 651 5302 tv,
688 5235 776 5289 59...
851 5235 895 5267 ’7
935 5231 1064 5301 Sap.
1105 5250 1204 5298 vn,
1244 5235 1331 5288 17.
1409 5235 1455 5266 ⁸⁸
1496 5235 1672 5293 Eccle.
1715 5254 1732 5293 ι

1886 5237 1973 5292 10.

222 5340 253 5374 ι
291 5328 457 5384 Forte
493 5330 621 5401 περὶ
656 5329 861 5394 οὐσίας.
936 5327 967 5368 ιι
1008 5327 1169 5382 Forte
1199 5327 1551 5404 πρεσϐύταις.

220 5424 357 5495 (δι’)
386 5424 521 5480 Ναί.
556 5424 720 5479 Forte
746 5423 861 5479 καί.
897 5426 1058 5480 Εοιτ.

221 5493 344 5567 (32)
376 5496 486 5562 Τὰς
513 5496 704 5561 αἰτίας
734 5496 863 5567 τῆς.
891 5495 1083 5567 Facile
1110 5502 1225 5549 erat
1264 5493 1555 5567 conjicere,
1585 5510 1718 5565 sup-

1825 5424 1908 5493 τό,
1936 5432 2063 5479 ante
2088 5423 2150 5493 δη
2161 5423 2354 5493 μῶδες.

1898 5490 2210 5568 (55)Πλῆζ
2255 5494 2443 5568 ὅσον.
2475 5494 2620 5568 Idem
2684 5491 2920 5568 Montac.
2965 5493 3088 5568 eod.
3132 5494 3314 5568 suppl.
3341 5490 3415 5568 ἦν

154 5564 410 5634 piendum
450 5582 573 5621 esse
612 5575 706 5620 aut
748 5566 1063 5633 διατάξεως,
1112 5575 1206 5619 aut
1254 5565 1595 5631 συστάσεως,
1626 5564 1720 5621 aut

1860 5568 2143 5634 ,vayxaiov.
2178 5564 2283 5619 Sed
2330 5564 2696 5620 Hellenismus
2743 5564 2830 5620 his
2858 5565 3086 5620 vocibus
3123 5564 3283 5621 facile
3313 5564 3412 5623 ca-

156 5635 366 5707 φύσεως
388 5636 587 5707 αὐτῶν,
611 5645 704 5691 aut
724 5637 854 5707 aliq.
882 5638 1079 5707 simile.
1111 5634 1344 5707 Montac.
1418 5635 1508 5691 od.
1539 5637 1718 5705 suppl.

154 5704 258 5760 τῶν
287 5706 458 5762 ὅντων
482 5706 718 5777 φύσεως,
743 5704 839 5765 sed
860 5706 1168 5764 addendum
1200 5705 1412 5762 videtur
1441 5704 1724 5777 praeterea,

1829 5645 1967 5762 ἕξει.
1996 5634 2182 5760 Saoélum
2208 5650 2309 5707 pro
2332 5635 2414 5690 ὅτι
2440 5652 2500 5690 τε
2531 5635 2631 5707 μή,
2655 5649 2778 5706 quae
2813 5643 3139 5708 sequuntur,
3164 5638 3411 5707 mallem.

1896 5724 1912 5759 ι
1947 5723 2018 5762 μη
2086 5748 2100 5761 .

1896 5724 1912 5759 ι
1945 5723 2100 5779 μηοε.
