3826 6232
439 324 545 380 867

1084 314 1355 374 EUSEBII
1392 309 1871 371 CASSARIENSIS
1909 308 2059 365 OPP.
2103 305 2285 362 PARS
2327 305 2388 360 II.
2430 337 2501 346 —
2538 301 3042 360 APOLOGETICA.

3595 300 3698 356 868

438 443 681 513 nbjectas
720 438 1118 511 complectitur,
1162 451 1273 490 non
1327 432 1599 488 subtiliter
1637 439 1693 486 et
1734 428 2000 484 enucleate

2117 442 2261 490 νους,
2289 426 2369 488 εἰς
2401 422 2665 493 ἀνάληψιν
2684 400 2949 482 εὐλαϐοῢς
2976 417 3076 470 καὶ
3116 415 3393 487 σώφρονος
3427 413 3566 486 βίου.
3597 415 3700 470 Τὸν

436 536 601 607 vulgo
631 534 1036 604 explicandum,
1066 545 1165 584 nec
1200 528 1541 598 singularum
1579 532 1789 578 natura
1816 534 2015 576 causas

438 628 662 698 plebeiae
707 624 1041 680 multitudini
1109 620 1432 691 aperiendas
1489 623 1857 687 putaverunt,
1906 611 2014 667 nisi

436 724 704 788 quantum
736 730 959 770 necesse
992 723 1131 777 erat,
1168 720 1226 765 ut
1250 720 1442 764 omnes
1474 707 1868 777 intelligerent,
1889 702 2013 757 uni-

434 824 653 863 versum
681 808 787 861 hoc
820 821 996 875 neque
1018 820 1112 874 per
1135 818 1278 868 sese,
1317 815 1495 871 neque
1527 813 1659 853 casu
1687 812 1751 851 ac
1785 804 2012 860 temere,

436 898 663 954 fortuito
680 899 913 968 quodam
942 898 1141 966 impetu
1170 894 1451 950 exstitisse
1479 911 1492 946 :
1520 900 1574 945 at
1597 887 1799 945 summi
1832 886 2014 941 Mode-

433 992 636 1046 ratoris
671 991 761 1046 Dei
813 991 1049 1053 ratione,
1083 996 1137 1042 et
1168 986 1393 1040 inﬁnitae
1453 982 1747 1052 Sapientiae
1788 977 2015 1032 numine

2118 517 2175 569 δὲ
2197 515 2363 586 βαθὺν
2394 514 2491 568 καὶ
2541 511 2803 584 λεληθότα
2838 510 2967 582 περὶ
3008 507 3215 562 τούτων
3246 507 3405 575 λόγον
3430 508 3489 561 ὲν
3531 507 3701 565 ἀποι-

2123 609 2308 679 ῥήτοις
2342 607 2526 677 ζητεῖν
2554 621 2614 659 τε
2657 604 2750 658 καὶ
2778 600 3125 656 διδάσκεσθαι
3155 599 3564 671 κατελίμπανον
3590 601 3702 662 τοῖς

2118 700 2251 762 οἵοις
2277 715 2336 750 τε
2363 698 2433 751 τὰ
2457 697 2636 751 τοιάδε
2679 695 2909 766 μνῆσθαι
2946 706 2994 746 α.
3030 692 3249 764 Βραχέα
3283 691 3340 744 δὲ
3379 691 3475 745 καὶ
3518 689 3594 754 ὡς
3646 691 3703 742 ὲν

2118 789 2273 859 τύπῳ
2296 789 2481 859 φάναι,
2508 785 2568 842 εὖ
2601 789 2666 841 ἂν
2693 787 2805 858 ἔχοι
2829 786 2925 840 καὶ
2955 787 3053 857 τῆς
3111 784 3315 839 τούτων
3347 783 3575 837 διελθεῖν
3604 783 3705 835 ὲπ-

2119 881 2361 946 οπτείας,
2382 882 2474 935 τόν
2511 898 2571 934 τε
2599 880 2861 934 Πλάτωνα
2906 880 3008 932 κάν
3033 877 3209 948 τούτῳ
3231 877 3301 931 τὰ
3336 876 3466 945 φίλα
3495 891 3701 947 πεφρο-

2118 975 2325 1046 νηκότα
2348 976 2462 1038 τοῖς
2487 973 2837 1045 δηλουμένοις
2867 974 3240 1043 παραστῆσαι.

427 1087 749 1156 gubernari.
786 1083 892 1137 Res
926 1090 1107 1137 autem
1145 1080 1266 1134 illas
1296 1077 1443 1149 quod
1496 1080 1721 1140 attinet,
1751 1088 1876 1143 quae
1914 1070 2031 1126 sola
2070 1077 2250 1123 mente
2279 1067 2605 1138 capiuntur,
2654 1081 2779 1121 cum
2819 1064 3090 1135 ejusmodi
3138 1064 3353 1133 aliquas
3384 1076 3538 1127 esse,
3583 1068 3701 1117 tum

434 1155 652 1233 illarum
687 1190 906 1246 quoque
929 1175 1181 1242 gradum,
1207 1172 1339 1234 vim,
1372 1178 1535 1239 atque
1584 1166 1880 1221 discrimen
1912 1177 2020 1217 non
2062 1161 2223 1215 modo
2250 1174 2421 1215 sacrae
2454 1159 2659 1230 passim
2700 1160 2898 1214 litterae
2931 1159 3257 1223 docuerunt,
3304 1156 3400 1212 sed
3443 1155 3608 1210 etiam
3634 1167 3701 1207 ea

430 1268 745 1340 promiscue
777 1282 993 1335 semper
1019 1264 1277 1318 omnibus
1305 1260 1497 1315 audire
1543 1257 1723 1321 licuit,
1752 1262 2020 1326 quantum
2059 1252 2128 1306 iis
2163 1250 2383 1322 quidem
2417 1257 2547 1303 nota
2586 1264 2709 1304 esse
2740 1248 3074 1314 debuerunt,
3116 1246 3277 1318 523
3307 1246 3401 1316 qui
3440 1246 3699 1316 pietatem

430 1364 786 1434 profitentur,
849 1373 909 1414 ut
952 1357 1318 1429 castigatioris
1360 1365 1414 1410 et
1446 1352 1781 1408 honestior-is
1819 1350 1946 1405 vitae
1988 1348 2228 1402 rationes
2270 1344 2597 1415 intelligant.
2642 1343 2750 1399 Sed
2798 1353 2981 1399 tamen
3031 1343 3282 1398 altiorem
3320 1343 3480 1397 illum
3514 1342 3701 1396 occul—

435 1457 737 1525 tioremque
782 1469 1039 1517 sensum,
1078 1467 1240 1520 quem
1278 1449 1606 1513 includunt,
1650 1447 1718 1501 iis
1762 1445 2054 1508 duntaxat,
2094 1440 2188 1511 qui
2212 1438 2332 1507 ejus
2365 1438 2686 1494 meminisse
2721 1431 2967 1508 possent,
3014 1437 3117 1492 sub
3147 1435 3363 1491 arcanis
3400 1434 3698 1489 verborum

430 1546 902 1602 acsententiarum
958 1544 1296 1609 involucris,
1338 1540 1694 1610 quaerendum
1727 1536 2161 1603 discendumque
2210 1532 2569 1601 requuerunt.
2613 1529 2789 1600 Atque
2849 1528 2939 1583 hic
2979 1542 3160 1598 operae
3207 1526 3441 1596 pretium
3512 1524 3698 1592 fuerit,

425 1656 601 1710 pauca
650 1640 898 1710 quaedam
949 1637 1034 1691 vel
1085 1634 1443 1690 informandaa
1490 1633 1567 1688 rei
1610 1631 1820 1701 gratia,
1855 1629 1922 1683 de
1957 1628 2062 1682 hoc
2098 1627 2262 1680 etiam
2315 1624 2488 1679 altero
2520 1637 2719 1694 genere
2762 1622 3058 1686 disserere,
3112 1634 3387 1691 quamque
3413 1618 3472 1672 in
3503 1617 3696 1673 eodem

428 1734 671 1791 Hebraeis
703 1734 883 1803 aﬂinia
925 1732 1179 1789 similiter
1208 1747 1271 1787 ac
1303 1731 1539 1802 genuina
1566 1728 1720 1783 Plato
1746 1724 2002 1788 senserit,
2042 1724 2443 1777 demonstrare.

995 1823 1226 1879 CAPUT
1267 1822 1407 1877 VIII.

706 1918 783 1972 De
811 1934 988 1971 rerum
1010 1916 1334 1986 spiritalium
1360 1912 1714 1984 physiologia.

497 2032 791 2086 Enimvero
827 2030 1110 2086 Platonem
1146 2030 1297 2083 illum
1319 2069 1334 2095 ,
1384 2042 1546 2097 quem
1582 2035 1865 2095 tantopere
1893 2040 2012 2079 om-

422 2139 525 2179 nes
551 2122 913 2187 admirantur,
935 2122 989 2175 in
1009 2122 1113 2176 hac
1141 2134 1361 2190 quoque
1388 2133 1573 2172 rerum
1604 2117 1929 2186 spiritalium
1958 2125 2013 2170 et

423 2217 874 2287 incorporearum
909 2215 1156 2270 doctrina
1192 2221 1248 2268 et
1280 2208 1491 2266 ratione
1517 2210 1864 2280 explicanda,
1896 2224 2006 2263 non

421 2309 591 2364 modo
642 2306 1110 2377 sapientissimum
1164 2302 1390 2369 Mosem,
1438 2317 1625 2355 verum
1667 2300 1834 2354 etiam
1869 2299 2006 2353 alios

423 2397 778 2454 Hebraeorum
826 2399 1143 2468 prophetas,
1173 2403 1423 2459 secutum
1452 2408 1597 2460 esse,
1622 2392 1708 2447 vel
1754 2407 1823 2447 ex
1872 2390 2008 2461 ipsis

423 2490 547 2559 ejus
581 2489 758 2544 verbis
809 2487 1102 2543 manifeste
1151 2494 1414 2542 constat:
1463 2484 1578 2540 sive
1624 2498 1746 2539 eam
1786 2482 1929 2537 fama
1957 2490 2011 2536 et

422 2581 706 2637 auditione
727 2581 1018 2651 acceperit,
1055 2595 1181 2635 cum
1205 2587 1414 2634 certum
1448 2578 1540 2642 sit,
1561 2576 1703 2646 apud
1722 2575 2008 2647 Egyptios

420 2682 556 2728 ωηο
602 2673 867 2743 temporis
923 2672 1077 2726 illum
1111 2670 1360 2741 degisse,
1405 2684 1532 2723 cum
1571 2661 1783 2722 Hebraei
1834 2665 2009 2735 patria

423 2765 663 2821 secundo
692 2765 878 2835 pulsi,
908 2763 1095 2819 Persis
1140 2761 1555 2818 dominantibus
1578 2801 1594 2826 ,
1655 2760 1712 2814 in
1767 2758 2006 2830 IEgypto

421 2866 774 2912 versarentur
807 2875 820 2910 :
864 2856 979 2912 sive
1006 2871 1101 2926 per
1130 2869 1257 2910 sese
1304 2853 1588 2923 propriam
1627 2867 1814 2906 rerum
1842 2863 2007 2905 natu-

420 2962 540 3001 ram
571 2947 825 3013 rimatus,
857 2946 973 3001 sive
1013 2958 1347 3016 quocunque
1384 2942 1549 2997 modo
1579 2942 1634 2995 in
1658 2957 1780 2996 eam
1809 2939 2008 2996 divini-

420 3046 514 3092 tus
569 3037 936 3107 cognitionem
981 3036 1277 3105 perductus
1319 3034 1500 3089 fuerit.
1528 3022 1554 3084 ἰ
1589 3031 1731 3087 Deus
1782 3031 1950 3094 enim,
1979 3048 1996 3080 ι

422 3129 602 3198 inquit
626 3129 921 3198 Apostolus
951 3128 1019 3194 θ’,
1061 3146 1079 3179 ι
1112 3128 1250 3197 ipsis
1275 3125 1667 3182 manifestavit.
1706 3124 2001 3178 lnvisibilia

420 3220 570 3274 enim
605 3218 798 3289 ipsius,
845 3233 875 3272 a
914 3227 1165 3273 creatura
1214 3218 1404 3272 mundi
1437 3259 1452 3285 ,
1480 3232 1576 3287 per
1601 3232 1664 3272 ea
1691 3230 1813 3287 quae
1856 3214 2001 3270 facta

419 3318 574 3374 sunt,
632 3310 907 3365 intellecta
962 3311 1413 3381 conspiciuntur,
1472 3311 1591 3381 ipsa
1633 3326 1854 3381 quoque
1882 3311 2002 3382 ejus

420 3401 753 3472 sempiterna
782 3402 958 3457 virtus
985 3412 1147 3473 atque
1179 3402 1458 3469 divinitas,
1492 3412 1552 3456 ut
1582 3402 1693 3457 sint
1714 3403 2005 3458 inexcusa-

421 3492 583 3548 biles.
623 3510 641 3543 ι
666 3491 745 3547 Tu
774 3508 904 3548 vero
919 3492 1077 3550 facile
1100 3494 1265 3565 hujus
1282 3495 1361 3550 rei
1379 3496 1661 3550 veritatem
1680 3511 1747 3550 ex
1769 3510 2005 3565 sequen-

424 3588 570 3642 tibus
598 3585 891 3657 intelligas.

1052 3679 1283 3737 CAPUT
1322 3680 1417 3736 IX.

613 3772 692 3827 De
720 3785 855 3839 eme,
889 3772 973 3827 Ex
998 3772 1165 3827 Mosi:
1198 3771 1541 3843 Platonisque
1558 3772 1821 3828 doctrina.

491 3864 773 3934 Ejusmodi
810 3866 1095 3922 oraculum
1150 3864 1328 3920 Moses
1362 3866 1536 3921 sacris
1577 3866 1634 3920 in
1683 3866 1881 3921 litteris
1933 3880 2001 3920 ex

417 3971 649 4027 persona
676 3956 773 4013 Dei
806 3958 1125 4026 pronuntiat
1148 3958 1165 3987 ¹
1209 3975 1221 4011 :
1262 3975 1281 4008 ι
1318 3956 1432 4027 Ego
1463 3972 1585 4013 sum
1612 3959 1703 4028 qui
1739 3974 1882 4014 sum.
1909 3957 2002 4015 Sic

417 4049 568 4103 dices
598 4048 723 4103 ﬁliis
749 4048 913 4103 Israel
946 4047 1086 4113 :Qui
1109 4056 1217 4112 est,
1241 4049 1390 4103 misit
1412 4048 1481 4102 ad
1503 4065 1592 4104 me
1625 4065 1741 4105 vos.
1770 4068 1789 4102 ι
1819 4049 1999 4121 Atque

419 4140 496 4193 ita
518 4138 690 4194 Deum
717 4154 886 4193 unum
904 4155 971 4195 ex
990 4141 1246 4194 omnibus
1274 4153 1397 4195 vere
1426 4156 1570 4203 esse,
1605 4156 1670 4196 ac
1702 4157 1876 4212 genus
1897 4143 1998 4197 hoc

324 4258 327 4263 -
418 4231 660 4285 nominis
689 4230 745 4284 in
781 4245 906 4284 eum
942 4231 1161 4300 proprie
1196 4230 1374 4285 solum
1404 4239 1639 4300 apteque
1678 4232 1994 4294 convenire,

416 4322 677 4376 declarat.
735 4320 999 4406 Similiter
1025 4322 1093 4375 de
1116 4336 1300 4375 rerum
1336 4338 1458 4392 quae
1487 4340 1651 4379 sensu
1684 4326 1999 4395 percipiun-

419 4420 532 4477 tur,
560 4428 789 4482 quaaque
816 4428 1048 4483 corpore
1104 4415 1343 4483 praeditas
1376 4424 1524 4478 sunt,
1560 4423 1682 4469 ortu
1720 4415 1883 4471 simul
1913 4424 1998 4471 at-

2632 1810 3031 1865 ΚΕΦΑΛΑΙΟΝ
3058 1809 3144 1861 Ην.

2326 1904 2465 1973 Περὶ
2491 1901 2602 1972 τῆς
2632 1900 2751 1955 τῶν
2789 1900 3022 1969 νοητῶν
3068 1897 3484 1969 φυσιολογίας.

2186 2022 2262 2075 Οὐ
2296 2021 2401 2093 μὴν
2436 2018 2573 2073 ἀλλὰ
2598 2018 2693 2072 καὶ
2719 2017 2847 2088 περὶ
2869 2016 2969 2086 τῆς
2988 2013 3095 2067 τῶν
3119 2010 3323 2081 νοητῶν
3351 2011 3448 2065 καὶ
3472 2007 3698 2079 ἀσωμά·

2114 2133 2222 2169 των
2247 2113 2582 2177 παιδεύσεως
2619 2111 2715 2165 καὶ
2740 2111 2974 2182 θεωρίας
3009 2107 3085 2178 τῷ
3111 2106 3370 2176 πανσόφῳ
3390 2104 3583 2158 Μωσεῖ
3602 2102 3697 2156 καὶ

2113 2211 2226 2271 τοῖς
2263 2205 2526 2277 Ἐϐραίων
2563 2204 2870 2277 προφήταις
2918 2202 3145 2256 Πλάτων
3192 2200 3222 2253 ὁ
3251 2199 3556 2269 θαυμάσιος
3596 2198 3701 2249 έπ-

2111 2298 2494 2372 ηκολουθηκὼς
2517 2298 2606 2352 διὰ
2630 2297 2741 2351 τῶν
2768 2297 2982 2350 οἰκείων
3005 2290 3213 2364 φωνῶν’
3230 2292 3346 2345 ἐστι
3380 2290 3557 2362 δῆλος·
3600 2289 3698 2343 εἶτ’

2113 2394 2173 2460 ἐξ
2198 2396 2367 2464 ἀκοῆς
2398 2395 2479 2456 εἰς
2501 2390 2662 2445 αὐτὸν
2692 2389 2932 2461 ἡκούσης
2964 2385 3170 2458 μαθὼν,
3189 2385 3312 2437 ἐπεὶ
3332 2384 3428 2437 καὶ
3455 2382 3701 2436 συνίστα·

2112 2502 2202 2539 ται
2231 2484 2359 2556 παρ’
2384 2484 2702 2553 Αἰγυπτίοις
2724 2480 2978 2553 τηνικάδε
3020 2478 3117 2541 τὰς
3163 2475 3445 2548 διατριϐὰς
3470 2491 3701 2545 πεποιη-

2117 2578 2296 2649 μένος,
2321 2577 2442 2631 καθ’
2462 2578 2521 2632 ὃν
2565 2576 2827 2648 Ἑϐραῖοι,
2848 2576 2947 2645 τῆς
2972 2571 3176 2634 οἰκείας
3206 2569 3458 2640 δεύτερον
3482 2570 3695 2622 ἀποπε-

2115 2672 2298 2735 σόντες
2319 2674 2441 2742 γῆς,
2489 2669 2805 2738 Αἰγυπτίοις
2862 2661 3254 2735 ἐπεχωρίαζον,
3287 2659 3514 2732 Περσῶν
3570 2662 3696 2712 ὲπι-

2112 2766 2472 2839 κρατούντων·
2502 2764 2611 2817 εἴτε
2649 2762 2745 2817 καὶ
2773 2760 2904 2832 παρ’
2945 2758 3136 2813 ἑαυτοῦ
3191 2759 3258 2827 τῇ
3282 2755 3388 2809 τῶν
3431 2752 3695 2825 πραγμά-

2110 2875 2221 2911 των
2244 2854 2518 2911 έπιϐαλὼν
2577 2854 2755 2924 φύσει·
2787 2853 2899 2906 εἴτε
2944 2848 3193 2905 ὁπωσοῦν
3244 2847 3350 2902 ὑπὸ
3382 2845 3520 2899 Θεοῦ
3561 2862 3698 2897 κατ-

2113 2948 2364 3014 αξιωθεὶς
2383 2951 2481 3020 τῆς
2504 2945 2778 3016 γνώσεως.
2816 2964 2834 2997 ι
2871 2945 2931 2997 '0
2963 2942 3096 3006 Θεὸς
3124 2943 3285 3013 γὰρ,›
3328 2938 3516 3010 φησὶν,
3552 2956 3571 2989 ι
3592 2937 3695 2990 αύ-

2112 3045 2223 3106 τοῖς
2250 3041 2581 3113 ὲφανέρωσε.
2609 3039 2689 3093 Τὰ
2728 3038 2837 3111 γὰρ
2865 3038 3071 3110 ἀόρατα
3098 3034 3261 3089 αὐτοῦ
3302 3031 3413 3087 ἀπὸ
3464 3031 3696 3096 κτίσεως

2113 3133 2319 3204 κόσμου
2357 3136 2471 3196 τοῖς
2499 3133 2767 3203 ποιήμασι
2793 3129 3060 3200 νοούμενα
3090 3126 3414 3197 καθορᾶται,
3441 3124 3478 3196 ἦ
3512 3141 3572 3177 τε
3606 3124 3698 3177 αὐ·

2104 3224 2200 3278 τοῦ
2229 3224 2398 3289 ἀΐδιος
2427 3223 2655 3295 δύναμις
2686 3222 2782 3276 καὶ
2844 3221 3077 3292 θειότης,
3114 3220 3193 3282 εἰς
3220 3218 3282 3272 τὸ
3308 3212 3449 3271 εἶναι
3496 3216 3696 3279 αὐτοὺς

2105 3316 2564 3387 ἀναπολογήτους.
2581 3335 2599 3367 ›
2628 3314 2839 3379 Μάθοις
2865 3314 2909 3367 δ’
2937 3312 3004 3367 ἂν
3032 3313 3093 3366 τὸ
3116 3309 3408 3383 εἰρημένον
3458 3302 3563 3364 ὧδέ
3615 3325 3693 3378 πη

2103 3407 2579 3479 διασκοπούμενος.

2647 3680 3040 3737 ΚΕΦΑΛΑΙΟΝ
3078 3680 3133 3735 9'
3142 3722 3154 3735 .

2262 3775 2404 3844 Περί
2434 3775 2539 3829 τοῦ
2568 3774 2762 3840 ὄντος,
2787 3774 3047 3840 Μωσέως
3060 3773 3157 3826 καὶ
3182 3771 3531 3839 Πλάτωνος.

2174 3868 2420 3930 Μωσέως
2463 3868 2520 3919 ὲν
2548 3869 2668 3929 ταῖς
2695 3866 3064 3939 ἱεροφαντίαις
3112 3864 3360 3936 χρησμὸν
3407 3866 3475 3919 ὲκ
3518 3878 3694 3935 προσο

2104 3958 2256 4012 ὠπου
2286 3956 2379 4011 τοῦ
2422 3956 2555 4011 Θεοῦ
2585 3958 2873 4028 φήσαντος·
2906 3974 2925 4007 ι
2968 3954 3110 4024 Ἐγώ
3161 3956 3277 4024 εἰμι
3309 3954 3339 4006 ὁ
3366 3953 3462 4007 ὢν.
3501 3953 3691 4017 Οὕτως

2103 4050 2247 4121 ἐρεῖς
2277 4051 2390 4113 τοῖς
2410 4050 2547 4111 υἱοῖς
2588 4047 2827 4119 Ἰσραήλ·
2883 4047 2942 4099 '0
2984 4046 3059 4099 ὢν
3087 4045 3401 4100 ἀπέσταλκέ
3449 4063 3519 4117 με
3554 4047 3689 4119 πρὸς

2102 4144 2300 4213 ὑμᾶς’)
2339 4140 2718 4213 παραθεμένου
2746 4139 2802 4192 δὲ
2823 4139 2918 4193 καὶ
2944 4139 3036 4192 τὸν
3073 4138 3205 4192 Θεὸν
3238 4138 3401 4209 μόνον
3429 4140 3691 4213 ἄντικρυς

2100 4235 2251 4300 ὄντα,
2278 4234 2370 4288 καὶ
2401 4232 2562 4305 τῆσδε
2596 4232 2802 4303 κυρίως
2847 4233 2942 4285 καὶ
2968 4231 3240 4303 ἁρμοδίως
3261 4232 3567 4303 ἠξιωμένον
3591 4233 3691 4304 τῆς

2101 4326 2345 4399 κλήσεως
2399 4325 2845 4395 ἀποφηναμένουα
2898 4324 3058 4377 πάλιν
3092 4341 3151 4377 τε
3209 4319 3277 4377 αὖ
3340 4324 3689 4395 Σολομῶντος

2099 4420 2230 4492 περί
2255 4422 2354 4491 τῇς
2377 4418 2485 4473 τῶν
2530 4416 2803 4490 αἰσθητῶν
2842 4417 2935 4471 καὶ
2966 4415 3294 4487 σωματικῶν
3317 4416 3588 4486 γενέσεώς
3629 4433 3688 4469 τε

417 4519 526 4575 que
561 4503 782 4581 interitu
811 4504 1071 4559 Salomon
1103 4506 1176 4559 ita
1214 4505 1458 4574 loquitur
1488 4506 1509 4536 '
1545 4524 1558 4560 :
1598 4506 1763 4579 εἰ2ἀΙ
1796 4526 1814 4559 ι
1851 4506 1994 4573 Quid

2113 4513 2195 4566 ml
2220 4511 2425 4583 φθορᾶς
2449 4510 2778 4573 ἀνειπόντος
2813 4527 2832 4560 ι
2862 4508 2928 4561 Τί
2948 4507 3008 4560 τὸ
3041 4507 3292 4576 γεγονόςς
3318 4509 3453 4564 αὐτὸ
3494 4506 3558 4560 τὸ
3590 4523 3687 4576 γε-

415 4603 521 4661 est,
546 4594 692 4665 quod
723 4593 826 4648 fuit
856 4595 879 4648 ?
904 4596 1085 4665 ipsum
1117 4597 1263 4667 quod
1287 4595 1537 4651 futurum
1574 4607 1677 4653 est.
1716 4598 1866 4653 Nihil
1893 4601 1995 4656 sub

417 4688 535 4743 sole
564 4703 788 4743 novum.
822 4686 933 4743 Nec
980 4689 1121 4744 valet
1149 4690 1440 4760 quisquam
1472 4691 1654 4746 dicere
1685 4709 1700 4746 :
1727 4691 1867 4747 Ecce
1893 4694 1996 4748 hoc

418 4793 608 4833 recens
627 4788 744 4833 est:
773 4778 886 4850 jam
917 4779 1062 4833 enim
1085 4782 1365 4850 praecessit
1397 4782 1452 4835 in
1482 4783 1856 4853 saeculis,quae
1876 4782 1993 4838 fue-

415 4879 547 4924 runt
571 4878 697 4924 ante
727 4886 849 4926 nos.
886 4888 904 4921 ι
934 4868 1098 4925 Iidem
1128 4872 1288 4926 nobis
1311 4883 1710 4943 consequenter
1749 4874 1801 4928 id
1828 4890 1992 4930 omne

415 4960 564 5031 quod
590 4969 693 5024 est,
725 4961 778 5014 in
812 4961 921 5015 duo
949 4976 1146 5031 genera
1199 4963 1537 5031 partiuntur,
1570 4965 1832 5034 spiritale,
1861 4981 1990 5020 sen—

415 5066 591 5122 suque
628 5064 943 5122 perceptum
983 5070 997 5106 :
1051 5061 1105 5107 et
1152 5054 1418 5123 spiritalia
1475 5056 1696 5125 quidem
1757 5072 1989 5126 corpore

414 5144 608 5207 libera,
639 5144 732 5198 sed
757 5159 787 5197 a
812 5152 1005 5198 natura
1037 5160 1159 5198 cum
1194 5146 1456 5202 instructa
1491 5149 1870 5215 ratione,.tum
1902 5150 1987 5202 in-

416 5236 608 5290 teritus
629 5249 693 5288 ac
719 5236 910 5290 mortis
933 5237 1171 5304 expertia
1205 5253 1325 5292 esse
1346 5248 1593 5295 statuunt
1618 5258 1631 5306 ;
1651 5250 1840 5296 contra
1858 5257 1987 5296 vero

415 5327 669 5383 sensibus
712 5326 891 5389 obvia,
929 5327 985 5380 in
1031 5326 1180 5381 ﬂuxu
1220 5338 1274 5383 et
1299 5333 1650 5401 corruptione
1674 5375 1688 5397 ,
1732 5343 1899 5403 atque
1928 5334 1981 5388 in

414 5417 634 5472 assidua
662 5426 874 5472 natura:
905 5432 1019 5474 suae
1055 5421 1357 5476 mutatione
1390 5427 1617 5479 versari.
1658 5425 1727 5478 At
1764 5426 1982 5480 univer-

416 5509 494 5563 sis
522 5524 690 5563 unum
718 5510 785 5563 ad
806 5510 1134 5579 principium
1168 5522 1438 5583 caputque
1487 5516 1775 5572 revocatis.
1812 5534 1981 5572 unum

2103 4601 2423 4671 νησόμενον·
2482 4599 2574 4653 καὶ
2621 4601 2722 4654 οὐκ
2772 4598 2887 4652 ἔστι
2940 4602 3050 4654 πᾶν
3113 4600 3425 4671 πρόσφατον
3458 4601 3565 4655 ὑπὸ
3592 4601 3687 4655 τόν

2097 4689 2267 4760 ἥλιον.
2297 4690 2392 4752 Ὃς
2417 4688 2638 4759 λαλήσει
2662 4687 2755 4740 καὶ
2786 4687 2919 4759 ὲρεῖο
2949 4688 3076 4753 Ἴδε,
3108 4690 3266 4743 τοῦτο
3297 4692 3487 4747 καινόν
3507 4695 3680 4748 ἐστιν’

2096 4781 2196 4853 ἤδη
2228 4781 2448 4850 γέγονεν
2481 4781 2539 4832 ὲν
2567 4782 2681 4843 τοῖς
2723 4779 2884 4831 αἰῶσι
2925 4783 3038 4844 τοῖς
3082 4783 3402 4853 γενομένοις
3428 4783 3540 4840 ἀπὺ
3575 4785 3682 4859 εμ-

2095 4872 2330 4945 προσθεν
2353 4870 2562 4943 ἡμῶνη
2594 4869 2798 4923 τούτων
2825 4868 2883 4921 δὲ
2917 4870 3008 4923 καὶ
3056 4873 3187 4942 ἡμῖν
3236 4872 3549 4939 ἀκολούθως
3599 4877 3684 4939 είς

2094 4965 2188 5019 δύο
2212 4964 2273 5018 τὸ
2303 4965 2411 5018 πᾶν
2437 4962 2808 5034 διαιρούντων,
2833 4962 2912 5026 εἷς
2946 4980 3004 5015 τε
3030 4964 3220 5035 νοητὸν
3275 4966 3372 5020 καὶ
3398 4968 3680 5039 αἰσθητόν*

2097 5058 2191 5111 καὶ
2222 5056 2283 5109 τὸ
2314 5057 2411 5127 μὲν
2453 5057 2641 5126 νοητὸν
2671 5054 2961 5125 ἀσώματον
2999 5056 3093 5108 καὶ
3116 5056 3333 5125 λογικὸν
3360 5058 3461 5130 τὴν
3494 5060 3680 5130 φύσιν,

2095 5145 2369 5215 ἄφθαρτόν
2415 5160 2474 5196 τε
2535 5144 2628 5196 καὶ
2677 5143 2942 5197 ἀθάνατον
2974 5140 3490 5218 εἶναιὸριζομένωψ
3526 5150 3587 5205 τὸ
3634 5150 3683 5204 δ’

2095 5238 2349 5309 αἰσθητὸν
2379 5236 2615 5307 ὲν.ρύσει
2637 5237 2732 5289 καὶ
2765 5235 2961 5309 φθορᾷ,
2996 5238 3263 5310 μεταϐολῇ
3286 5258 3347 5292 τε
3375 5243 3473 5296 καὶ
3497 5247 3681 5317 τροπῇ

2093 5335 2193 5404 τῆς
2224 5331 2411 5394 οὐσίας
2435 5330 2718 5401 ὑπάρχειν·
2754 5330 2971 5382 πάντων
2992 5330 3037 5383 δ’
3062 5331 3157 5385 ἐπὶ
3184 5332 3314 5403 μίαν
3343 5334 3522 5407 ἀρχὴν
3552 5338 3682 5390 dva-

2094 5422 2591 5493 κεφαλαιουμένων,
2619 5421 2676 5474 ἓν
2704 5438 2764 5473 τε
2785 5415 2922 5475 εἶναι
2948 5420 3233 5492 ἀγένητον,
3262 5425 3359 5477 καί⁹
3386 5425 3449 5479 τὸ
3469 5428 3679 5498 κυρίως

2094 5517 2186 5569 καὶ
2209 5514 2421 5602 ἀληθῶς
2453 5514 2511 5569 ὃν
2535 5512 2987 5584 δογματιζόντων,
3020 5513 3081 5566 τὸ
3112 5514 3331 5572 πάντων
3362 5517 3677 5590 ἀσωμάτων

483 5619 529 5652 θ’
569 5617 727 5671 Rom.
770 5633 811 5682 ι,
846 5619 938 5674 20.
1015 5622 1033 5652 ¹
1077 5621 1249 5681 Exod.
1292 5642 1373 5695 ιιι,
1417 5627 1502 5680 Il.
1581 5630 1601 5660 ¹
1642 5611 1821 5685 Eccle.
1870 5646 1910 5693 I,
1942 5627 2116 5697 9,10.

487 5742 515 5773 ι
552 5729 715 5786 Forte
751 5733 1080 5807 μεμνῆσθαι.
