3826 6232
120 315 238 372 869

1302 312 1625 369 ΡΒᾸΞΡΑΒ.
1667 312 1919 369 EVANG.
1962 313 2090 370 LIB.
2128 312 2219 369 XI.

3279 310 3385 367 870

128 449 191 490 es
210 434 306 490 καὶ
340 431 608 505 σωμάτων
634 432 825 485 αἴτιον·
851 430 949 485 θέα
971 431 1095 485 τινα
1118 429 1317 501 τρόπον
1338 430 1401 482 οὐ
1430 430 1589 501 μόνον
1612 430 1710 500 τὴν

1828 444 1939 485 asse
1962 431 2231 485 duntaxat
2277 428 2422 499 quod
2454 443 2631 499 neque
2661 436 2842 485 ortum
2871 428 3145 495 habuerit,
3173 438 3229 484 et
3256 443 3385 499 pro—

128 528 392 589 διάνοιαν,
421 525 558 580 ἀλλὰ
591 526 686 578 καὶ
718 523 818 587 τὰς
844 523 1020 588 λέξεις
1041 524 1231 586 αὐτὰς,
1265 523 1361 577 καὶ
1390 522 1459 576 τὰ
1485 522 1710 594 ῥήματα

1828 521 1930 576 πὶο
1958 520 2135 575 solum
2169 533 2405 588 vereque
2446 518 2538 584 sit,
2568 519 2820 588 idemque
2849 518 3095 571 omnium
3124 518 3375 581 omnino,

128 620 233 692 τῆς
270 617 539 689 Ἐϐραίων
584 618 804 687 γραφῆς
838 614 1153 686 παραξὲσας
1203 616 1232 667 ὁ
1278 614 1526 680 Πλάτων,
1576 612 1713 677 ὲξοι-

131 707 379 763 κειοῢται
407 708 471 761 τὸ
496 707 696 778 δόγμα,
730 707 1076 778 -πλατύτερον
1132 700 1235 760 ὧδέ
1283 724 1358 778 πη
1409 704 1709 774 διασαφῶν·

136 820 158 854 ι
179 802 329 855 Τίτὺ
351 800 412 854 ὃν
444 800 557 873 (54)
586 801 694 865 ἀεὶ,
752 800 966 869 γένεσιν
998 800 1054 852 δὲ
1077 801 1178 853 οὐκ
1224 798 1379 869 ἕχονς
1430 799 1540 852 Καὶ
1571 798 1623 851 τι
1652 796 1713 850 τὸ

132 890 422 961 γινόμενον
451 890 550 961 μὲν
575 891 664 943 ἀεὶ
718 889 853 959 (55),
887 888 946 942 ὂν
972 888 1029 941 δὲ
1060 888 1350 954 osseum;
1389 888 1462 941 Τὸ
1504 888 1602 958 μὲν
1626 887 1711 959 δὴ,

132 983 320 1052 νοήσει
358 981 498 1051 μετά
536 980 695 1049 λόγου
751 979 1104 1051 περιληπτὸν,
1147 980 1235 1032 ἀεὶ
1283 980 1426 1033 κατὰ
1474 978 1543 1032 τὰ
1574 979 1714 1033 αὐτὰ

130 1072 195 1124 ὃν
221 1072 356 1141 (56)·
382 1072 445 1124 τὸ
469 1072 546 1134 δὲ,
576 1071 832 1140 αἰσθήσει
886 1070 1067 1141 ἀλόγῳ
1113 1068 1393 1135 δοξαστὸν.
1432 1070 1714 1140 γινόμενον

137 1164 233 1217 καὶ
276 1163 668 1233 ἀπολλύμενον,
716 1162 893 1226 ὅντως
946 1162 1004 1216 δὲ
1042 1162 1295 1217 οὐδέποτε
1331 1162 1447 1216 όν.»
1494 1157 1619 1232 Ἆρ’
1652 1162 1715 1213 ού

138 1255 326 1323 σαφῶς
351 1254 590 1324 πέφηνεν
613 1255 641 1306 ό
671 1254 971 1324 θαυμάσιος
997 1254 1058 1308 τὸ
1094 1255 1192 1325 μὲν
1215 1253 1365 1325 παρὰ
1406 1254 1596 1307 Μωσεῖ
1622 1254 1719 1322 φῆ-

139 1366 241 1403 σαν
265 1347 443 1415 λόγιον
462 1363 476 1375 ·
511 1366 529 1396 ι
571 1340 711 1414 Ἐγώ
732 1347 848 1417 εἰμι
870 1346 904 1397 ό
935 1344 1064 1409 div,»
1120 1345 1490 1415 μεταποιήσας
1526 1343 1595 1398 δι’
1622 1344 1719 1396 αύ-

136 1437 255 1491 τοῦ·
286 1456 305 1488 ι
331 1435 397 1489 Τί
420 1435 482 1489 τὸ
504 1433 564 1489 ὃν
584 1435 690 1498 ἀεὶ,
712 1434 924 1503 γένεσιν
948 1433 1006 1487 δὲ
1054 1433 1154 1487 ούκ
1175 1425 1330 1503 ἔχον;
1372 1452 1390 1485 ι
1434 1434 1544 1486 Καὶ
1564 1432 1720 1507 τοῦτό

138 1544 206 1597 γε
236 1526 555 1598 λευκότερον
576 1524 918 1593 διασαφήσας
972 1523 1085 1593 (57)
1119 1526 1177 1576 ἐν
1201 1522 1280 1594 τῷ
1308 1525 1492 1594 φάναι,
1550 1542 1569 1575 ι
1596 1524 1718 1595 μηδ’

132 1616 269 1671 ἄλλο
310 1611 528 1668 εἶναιτὸ
552 1612 610 1666 ὃν
634 1613 667 1683 ἢ
697 1613 757 1665 τὸ
781 1613 841 1665 ού
873 1612 1074 1684 σαρκὸς
1098 1613 1398 1684 ὀφθαλμοῖς
1419 1612 1718 1685 ὁρώμενον,

1812 626 1910 667 seu
1960 626 2190 681 corpore
2238 623 2494 679 careant,
2523 629 2617 668 seu
2651 628 2778 668 cum
2811 625 2878 666 eo
2902 610 3196 680 conjuncta
3252 611 3386 676 sint,

1814 718 2040 758 causam
2076 710 2240 774 atque
2267 707 2601 776 principium
2628 720 2752 760 esse
2773 703 3095 758 decernunt.
3122 700 3242 758 lam
3268 704 3391 759 vide

1813 804 1870 850 tu
1896 795 2050 863 mihi,
2082 812 2192 866 quo
2225 806 2386 867 pacto
2414 813 2481 853 ex
2514 796 2865 852 Hebraeorum
2895 796 3090 851 litteris
3116 811 3223 850 non
3254 811 3384 851 sen-

1814 888 1985 941 tentia
2015 888 2198 955 modo,
2226 889 2319 943 sed
2356 889 2488 958 ipsis
2520 889 2685 944 etiam
2733 888 2958 943 vocibus
2983 888 3272 957 verbisque
3299 887 3394 943 de-

1815 977 1977 1041 rasis,
2008 977 2112 1032 hoc
2141 979 2246 1034 sibi
2275 979 2429 1034 Plato
2453 979 2650 1049 dogma
2674 979 2938 1045 vindicet,
2974 979 3196 1033 uberius
3229 978 3393 1048 paulo

1814 1083 1931 1121 rem
1967 1068 2041 1121 ita
2074 1068 2398 1124 declarans:
2441 1087 2459 1119 ι
2502 1067 2646 1134 Quid
2676 1069 2810 1122 illud
2859 1077 2964 1132 est,
3001 1068 3147 1137 quod
3175 1082 3395 1138 semper

1815 1168 1918 1225 est,
1952 1174 2051 1213 nec
2075 1167 2257 1214 tamen
2289 1168 2468 1215 ortum
2502 1161 2673 1214 ullum
2694 1161 2855 1215 habet
2884 1161 2907 1213 ’ἔ
2935 1159 3075 1225 Quid
3102 1160 3234 1214 illud
3258 1174 3395 1213 con-

1818 1257 1922 1315 tra,
1953 1249 2097 1319 quod
2125 1264 2338 1319 semper
2365 1250 2610 1304 nascitur
2632 1291 2648 1317 ,
2676 1260 2729 1305 et
2759 1266 3043 1320 nunquam
3066 1249 3194 1305 est?
3230 1248 3393 1304 Prius

1818 1341 1952 1395 illud
1980 1341 2223 1411 quidem,
2258 1342 2405 1411 quod
2451 1356 2667 1411 semper
2699 1351 2863 1412 atque
2893 1343 3080 1397 eodem
3109 1342 3270 1396 modo
3310 1352 3395 1396 est

1818 1433 1887 1488 ab
1930 1434 2043 1488 sola
2075 1432 2430 1503 intelligentia
2474 1448 2599 1487 cum
2634 1434 2849 1490 ratione
2877 1434 3196 1504 percipitur.
3241 1432 3392 1489 Alte-

1821 1539 1943 1577 rum
1996 1524 2120 1589 hoc,
2152 1524 2298 1592 quod
2324 1523 2501 1576 oritur
2548 1523 2712 1578 simul
2744 1532 2797 1579 et
2823 1525 3045 1592 occidit,
3079 1540 3255 1594 neque
3291 1541 3397 1580 uno

1821 1629 1984 1684 quam
2016 1627 2145 1667 vere
2185 1622 2288 1676 est,
2340 1612 2396 1666 in
2456 1627 2519 1667 ea
2549 1612 2836 1678 duntaxat,
2880 1629 3043 1683 quam
3092 1629 3288 1669 sensus
3323 1615 3396 1667 ab

138 1707 219 1778 νῷ
244 1707 302 1759 δὲ
332 1702 933 1774 καταλαμϐανόμενον.)
976 1703 1285 1773 Ἐρωτήσας
1311 1702 1461 1772 γοῦν,
1504 1721 1522 1755 ι
1567 1704 1631 1757 Τί
1660 1704 1717 1757 τὸ

1828 1705 1972 1760 omni
2020 1705 2230 1759 ratione
2279 1720 2483 1759 vacuus
2540 1704 2738 1772 eiIicit,
2774 1706 3032 1776 opinione
3063 1713 3327 1761 versatur.
3369 1725 3390 1758 ι

137 1774 226 1861 ὃν,
252 1816 272 1849 ι
312 1796 477 1858 αὐτὸς
508 1792 684 1864 ἑαυτῷ
709 1793 1086 1864 ἀποκρίνεται,
1117 1794 1310 1862 λέγων·
1344 1813 1363 1846 ι
1386 1794 1460 1846 Τὸ
1512 1795 1610 1865 μὲν
1656 1795 1717 1865 δὴ

1828 1794 1964 1863 Quid
1986 1796 2009 1850 ?
2029 1796 2224 1850 Annon
2249 1794 2379 1849 illud
2417 1795 2582 1851 Mosis
2606 1774 2887 1851 oraculum
2920 1815 2932 1850 :
2966 1815 2985 1848 ι
3008 1797 3118 1867 Ego
3146 1812 3267 1852 sum
3296 1796 3390 1867 qui

138 1890 326 1960 νοήσει
345 1886 482 1958 μετὰ
493 1886 649 1955 λόγου
667 1884 999 1957 περιληπτὸν
1012 1886 1091 1941 ὗν.
1121 1906 1141 1940 ι
1162 1888 1235 1941 Τὸ
1254 1887 1312 1941 δὲ
1334 1887 1640 1959 Σολομὼντε
1648 1906 1724 1942 ιον

142 1985 345 2054 φῆσαν,
374 1998 393 2031 ι
426 1980 491 2033 Τί
520 1980 585 2032 τὸ
631 1979 1047 2048 γεγονός;Δύτδ
1091 1976 1154 2031 τὸ
1200 1975 1580 2047 γενησόμενον·
1631 1979 1727 2032 καὶ

142 2073 199 2125 τί
256 2070 320 2124 τὺ
398 2070 802 2141 πεποιημένον;
862 2071 1005 2124 Αὐτὸ
1025 2070 1085 2124 τὸ
1106 2071 1589 2143 ποιηθησόμενον·›
1622 2073 1719 2126 αύ-

118 2162 258 2223 ’τοίς
287 2161 477 2230 σχεδὸν
502 2163 712 2234 ῥήμασι
760 2162 1157 2233 διερμηνεύσας
1210 2162 1367 2234 δῆλος
1393 2164 1462 2217 ἂν
1505 2164 1613 2235 εἴη,
1645 2165 1727 2217 λε-

139 2268 277 2318 γων·
308 2268 327 2301 ι
347 2251 421 2304 Τὸ
446 2251 545 2322 μὲν
572 2264 621 2315 ι,
654 2250 904 2322 αἰσθήσει
936 2251 1120 2321 ἀλόγῳ
1139 2250 1413 2320 δοξαστὸν,
1443 2254 1725 2325 γινόμενον

140 2343 239 2395 καὶ
265 2342 653 2414 ἀπολλύμενον,
705 2342 873 2405 ὅντως
922 2342 979 2396 δὲ
1021 2342 1276 2397 οὐδέποτε
1319 2344 1434 2398 δν.»
1495 2342 1589 2409 Οἷς
1631 2346 1725 2400 καὶ

139 2432 418 2504 ἐπιφέρει·
454 2452 473 2483 ι
500 2433 579 2485 Τὰ
603 2432 826 2486 τοιαῦτα
850 2434 960 2505 (58)
983 2435 1091 2505 γὰρ
1134 2437 1312 2489 πάντα
1336 2436 1477 2507 μέρη
1509 2438 1722 2508 χρόνου,

138 2526 203 2579 τὸ
227 2523 330 2596 ἦν,
354 2526 447 2579 καὶ
480 2527 666 2581 ἔσται·
702 2526 738 2580 ἃ
769 2527 834 2598 δὴ
862 2528 1117 2599 φέροντες
1137 2528 1472 2601 λανθάνομεν
1504 2532 1597 2584 ἐπὶ
1626 2531 1724 2603 τὴν

118 2619 314 2672 -ἀῖδιον
346 2618 550 2684 οὐσίαν,
594 2620 692 2673 ούκ
736 2619 929 2691 ὀρθῶς.
976 2620 1219 2691 Λέγομεν
1250 2620 1359 2694 γὰρ
1410 2622 1601 2693 δὴ,ὼς
1621 2620 1721 2694 ἦν,

136 2710 277 2764 ἐστι
307 2727 370 2764 τε
420 2711 515 2765 καὶ
555 2711 744 2766 ἔσται·
776 2713 842 2782 τῇ
884 2711 942 2765 δὲ
997 2712 1059 2765 τὸ
1099 2713 1229 2766 ἔστι
1255 2713 1415 2784 μόνον
1445 2715 1583 2769 κατὰ
1634 2715 1725 2768 τὸν

124 2801 322 2875 ἀληθῆ
353 2802 509 2871 λόγον
540 2804 823 2875 προσήκει.
851 2803 925 2857 Τὸ
951 2803 1007 2857 δὲ
1032 2803 1130 2873 ἦν,
1162 2805 1256 2859 καὶ
1287 2805 1348 2858 τὸ
1377 2804 1571 2871 ἔσται,
1595 2806 1724 2877 περὶ

136 2894 242 2965 τὴν
271 2894 329 2946 ὲν
347 2893 525 2965 χρόνῳ
553 2894 765 2963 γένεσιν
817 2890 983 2949 οὖσαν
1027 2896 1135 2968 (59)
1201 2899 1401 2970 πρέπει
1445 2897 1721 2968 λέγεσθαι·

137 2988 388 3056 κινήσεις
416 2987 524 3058 γάρ
547 2987 722 3040 ἐστον.
774 2987 924 3041 rese
971 2990 1057 3043 ἀεὶ
1108 2990 1252 3044 κατὰ
1297 2990 1367 3045 τὰ
1408 2991 1549 3045 αὐτὰ
1601 2992 1724 3064 ἔχον

1825 1903 1967 1953 sum,
1998 1907 2016 1940 ι
2049 1886 2301 1958 egregius
2328 1886 2483 1941 Plato
2510 1886 2795 1943 manifeste
2856 1896 3223 1957 repraesentat,
3262 1888 3395 1942 dum

1824 1977 1942 2032 suis
1993 1978 2171 2047 ipsum
2202 1978 2277 2031 ita
2309 1978 2491 2033 verbis
2539 1978 2797 2048 exprimit
2826 1993 2850 2033 τ
2887 1998 2905 2030 ι
2940 1976 3080 2044 Quid
3112 1978 3242 2033 illud
3290 1986 3393 2042 est.

1823 2070 1968 2139 quod
1986 2085 2200 2139 semper
2222 2080 2325 2136 est,
2355 2085 2454 2125 nec
2486 2080 2663 2126 tamen
2689 2084 2870 2125 ortum
2908 2071 3076 2125 ullum
3113 2072 3273 2125 habet
3301 2072 3326 2125 τ
3357 2089 3379 2123 ι

1824 2159 1979 2225 Quod
2011 2162 2174 2215 etiam
2211 2161 2495 2216 candidius
2527 2170 2582 2217 et
2609 2163 2849 2232 apertius
2883 2163 3201 2222 illustravit,
3258 2162 3389 2215 dum

1824 2249 1919 2315 ait,
1941 2250 2086 2305 aliud
2122 2251 2265 2321 quod
2298 2252 2389 2318 sit,
2421 2266 2543 2305 esse
2572 2252 2727 2317 nihil,
2754 2252 2857 2306 nis'i
2880 2252 3027 2321 quod
3052 2267 3161 2306 non
3195 2266 3398 2322 corpo-

1825 2344 1902 2397 ris
1935 2343 2108 2398 oculis
2166 2344 2435 2409 videatur,
2471 2345 2565 2398 sed
2596 2354 2777 2399 mente
2810 2345 2924 2399 sola
2959 2345 3225 2414 capiatur.
3258 2342 3396 2397 Nam

1824 2437 1914 2489 ubi
1944 2437 2213 2506 quaesivit,
2247 2438 2376 2508 quid
2405 2438 2477 2491 sit
2510 2438 2662 2499 illud,
2696 2436 2842 2506 quod
2887 2445 2971 2492 est
3000 2455 3014 2502 ;
3046 2437 3121 2491 ita
3162 2451 3391 2506 respon-

1826 2526 1918 2581 det
1951 2528 2065 2597 ipse
2095 2527 2196 2581 sibi
2237 2545 2249 2579 :
2282 2547 2298 2579 ι
2332 2526 2599 2582 Nimirum
2623 2528 2779 2592 illud,
2808 2528 2950 2597 quod
2982 2526 3051 2580 ab
3087 2527 3200 2581 sola
3236 2527 3400 2580 intel-

1824 2619 2043 2689 ligentia
2072 2620 2391 2688 percipitur.
2432 2639 2451 2671 ι
2489 2617 2776 2683 Similiter,
2828 2619 3056 2673 alterum
3090 2617 3193 2672 hoc
3241 2617 3400 2671 Salo~

1824 2710 2008 2765 monis
2046 2728 2059 2763 :
2101 2709 2277 2777 «Quid
2310 2719 2394 2766 est
2424 2711 2570 2780 quod
2599 2710 2746 2764 luit?
2773 2710 2949 2779 ipsum
2983 2709 3126 2779 quod
3154 2709 3398 2764 futurum

1823 2812 1927 2858 est.
1961 2802 2100 2870 Quid
2124 2803 2387 2873 estquod
2417 2803 2622 2857 factum
2647 2813 2730 2856 est
2755 2802 2780 2854 ?
2817 2803 2991 2870 ipsum
3016 2802 3158 2870 quod
3196 2799 3401 2855 facien-

1823 2901 1954 2956 dum
1991 2910 2095 2969 est,
2135 2920 2156 2953 ι
2196 2900 2377 2956 verbis
2401 2916 2537 2971 pene
2566 2899 2791 2954 totidem
2825 2900 3233 2969 interpretatur,
3263 2899 3394 2953 dum

1825 2995 1902 3048 ait
1928 3012 1942 3048 :
1981 3012 2000 3044 ι
2042 2992 2097 3047 id
2132 3002 2336 3059 autem,
2358 2992 2501 3063 quod
2531 2992 2707 3047 oritur
2723 2991 2886 3045 simul
2904 3001 2957 3045 et
2976 2990 3196 3056 occidit,
3219 3005 3399 3059 neque

137 3078 417 3149 ἀκινήτως
448 3076 569 3131 οὔτε
592 3079 962 3151 πρεσϐύτερον
1007 3080 1130 3135 οὔτε
1154 3082 1419 3155 νεώτερον
1457 3086 1717 3156 προσήκει

1828 3101 2067 3156 unquam
2093 3101 2219 3140 vere
2250 3094 2352 3151 est,
2388 3085 2442 3139 in
2475 3099 2538 3138 ea
2569 3084 2856 3148 duntaxat,
2885 3097 3049 3152 quam
3088 3096 3283 3136 sensus
3325 3079 3398 3135 ab

124 3170 388 3240 γίνεσθαι
419 3171 507 3225 διὰ
567 3173 757 3243 χρόνον
809 3173 941 3245 (40)·
966 3174 1089 3227 οὐδὲ
1132 3175 1385 3243 γενέσθαι
1422 3177 1554 3230 ποτὲ
1585 3177 1718 3250 (41),

137 3262 265 3315 οὐδὲ
288 3262 571 3330 γεγονέναι
603 3261 719 3327 νῦν,
775 3264 883 3317 οὐδ’
916 3264 1160 3329 εἰσαῦθις
1203 3266 1419 3321 ἔσεσθαι
1468 3268 1529 3321 τὸ
1555 3271 1724 3341 παρά-

139 3368 253 3404 παν
290 3352 422 3423 (42),
445 3352 550 3406 οὐδ’
577 3354 678 3406 ὅσα
706 3354 919 3420 γένεσις
947 3358 1061 3418 τοῖς
1116 3358 1175 3409 ὲν
1223 3357 1470 3430 αἰσθήσει
1500 3362 1726 3432 φερομέ-

140 3461 256 3508 νοις
288 3445 590 3517 προσῆψεν·
620 3444 760 3498 ἀλλὰ
789 3446 980 3517 χρόνου
1029 3446 1219 3513 ταῦτα,
1257 3450 1430 3504 αἰῶνα
1456 3452 1725 3524 μιμουμέ-

134 3556 235 3592 νου
266 3540 361 3593 καὶ
418 3540 541 3593 κατ’
572 3539 803 3610 ἀριθμὸν
830 3540 1223 3612 κυκλουμένου,
1276 3545 1500 3613 γέγονεν
1531 3538 1717 3617 ἐἴδη.ι

141 3631 257 3684 Καὶ
289 3630 428 3702 πρὸς
462 3630 574 3703 (45)
601 3631 811 3695 τούτοις
838 3631 917 3685 ἔτι
949 3632 1017 3686 τὰ
1043 3633 1241 3687 τοιάδε·
1281 3653 1300 3687 ι
1324 3636 1396 3689 Τὸ
1426 3636 1483 3690 δὲ
1504 3638 1726 3705 γεγονὸς

132 3720 285 3777 εἶναι
309 3724 553 3791 γεγονὸς,
583 3722 677 3777 καὶ
709 3723 770 3776 τὸ
794 3725 1077 3796 γινόμενον
1123 3722 1262 3780 εἶναι
1310 3728 1612 3799 γινόμενον·
1644 3730 1724 3784 ἔτι

128 3833 200 3869 -τε
227 3815 292 3869 τὸ
318 3815 682 3885 γενησόμενον
715 3812 853 3872 εἶναι
890 3817 1254 3889 γενησόμενον
1279 3817 1414 3889 (44).
1448 3838 1467 3870 ι
1500 3821 1610 3873 Καὶ
1639 3822 1725 3875 ἵνα

141 3923 207 3975 γε
239 3907 316 3977 μή
344 3924 432 3970 τις
468 3908 616 3977 ἡμᾶς
673 3908 1110 3978 παρερμηνεύειν
1171 3910 1446 3981 ἡγήσηται
1498 3910 1596 3975 τὰς
1629 3912 1723 3966 τοῦ

139 3998 440 4068 φιλοσόφου
468 3998 669 4068 φωνὰς,
697 3999 1053 4070 ὑπομνήμασι
1099 4000 1396 4071 χρήσομαι,
1420 4001 1587 4057 τῶνδε
1618 4002 1725 4056 τῶν

213 4148 241 4178 ι
267 4135 433 4190 Forte
456 4136 535 4193 δέ.
963 4154 995 4189 ι

215 4227 430 4304 (54)-ζί
455 4228 589 4304 τό...
616 4228 721 4304 gr,
753 4235 856 4304 etc_.
902 4228 1030 4304 Atl_i_
1062 4227 1343 4304 Platonem
1394 4224 1447 4304 in
1478 4222 1724 4304 "Timgad,

139 4295 267 4422 εἰς.
300 4295 462 4421 52(δῖἒί
450 4298 580 4353 edit.
601 4296 946 4353 (iunco-Lat.
972 4298 1167 4361 Ficini,
1199 4295 1291 4349 ubi
1316 4295 1534 4365 legitur,
1566 4298 1630 4349 Τί
1661 4298 1722 4351 τὸ

216 4367 345 4491 (gl,
358 4405 491 4490 Me;-
510 4435 625 4490 ἀεί.
653 4435 808 4491 Plato
837 4436 979 4491 delet
1006 4438 1112 4491 ἀεί.

216 4436 312 4505 (35

358 4436 491 4490 Μὲν
510 4435 625 4490 ἀεί.
653 4435 808 4493 Plato
837 4436 979 4492 delet
1006 4438 1112 4492 ἀεί.

216 4439 312 4505 (55
358 4439 491 4490 Μὲν
510 4439 625 4490 ἀει.
653 4439 808 4493 Plato
837 4439 979 4492 delet
1006 4439 1112 4492 ἀεί.

215 4439 492 4580 (ᾇθζᾲΡοει
514 4506 785 4580 aether,
813 4504 966 4580 Plato
1001 4510 1086 4580 sic
1120 4509 1222 4579 leg.
1262 4508 1323 4562 τὸ
1352 4508 1397 4562 δ’
1427 4503 1518 4563 οὖν
1572 4506 1720 4580 δόξῃ,
1753 4491 1805 4551 θ

146 4575 269 4657 μετ’
300 4575 618 4656 αἰσθήσεως.
652 4577 844 4657 αλόγου
866 4577 1119 4643 δοξαστόν
1142 4618 1157 4642 ,
1176 4575 1363 4660 ’γιγνη
1384 4619 1399 4643 ,
1446 4587 1550 4634 etc.
1608 4575 1721 4701 (’5ch

146 4662 291 4701 erum
325 4662 391 4700 eo
418 4647 539 4701 loco
567 4645 1058 4701 distinguendum.)
1084 4647 1241 4701 Plura
1274 4650 1492 4701 uutdem
1520 4662 1612 4701 ver
1653 4664 1717 4701 a:

142 4645 291 4702 enim
325 4662 391 4700 eo
418 4645 539 4701 luco
567 4645 1058 4719 distinguendum.)
1084 4645 1241 4719 Plura
1274 4645 1492 4719 quidem
1520 4645 1717 4719 verba:

142 4732 344 4772 sensus
372 4725 553 4788 tamen
582 4716 751 4788 idem.
776 4716 1045 4772 (laterum
1076 4716 1308 4788 longior
1326 4720 1428 4774 iste
1456 4717 1722 4788 orationis

140 4789 362 4860 ductus,
391 4786 566 4860 magis
601 4784 842 4860 Platonis
871 4802 939 4842 ex
966 4787 1144 4860 genio,
1170 4784 1311 4860 intra
1338 4804 1459 4860 pag.
1487 4787 1608 4842 526.

220 4854 332 4926 (57)
367 4854 736 4928 Λευκότερον
777 4854 1181 4928 ᾷιασαςὲήσας.
1224 4854 1354 4914 Ηοιί
1375 4854 1461 4913 εει
1494 4856 1718 4928 ἐναργέ-

145 4942 359 4996 στερον.
399 4926 695 4999 l‘ta_e_tiam
723 4926 887 4999 intra,
924 4927 1138 4999 riivﬁzdt
1179 4928 1273 4999 τοῦ
1312 4928 1579 4999 δόγματος
1598 4926 1722 4999 διά-

143 4995 300 5070 {mag
477 4995 704 5070 φίλων
742 4995 991 5070 Ἐϐραῖος
1030 4996 1349 5070 λευκότερον
1381 4995 1715 5070 ἑρμηνεύων.

147 5064 217 5119 Et
247 5066 347 5139 lib:
378 5068 476 5139 ult.
503 5066 715 5139 λευκοῖς
735 5064 853 5130 τοῖς
874 5067 1116 5136 ἐλέγχοις
1140 5064 1719 5139 agamagam-

144 5135 293 5190 tonis
328 5136 705 5205 lambographi
737 5153 976 5203 versum,
1004 5135 1147 5205 apud
1174 5135 1489 5192 Athenaanm
1514 5137 1610 5191 lib.
1641 5151 1718 5203 ιχ,

144 5220 269 5274 pag.
316 5206 442 5270 585,
487 5204 845 5262 Οιιειιυὺοηυε
891 5204 1111 5262 sensum
1160 5209 1304 5262 hunc
1338 5216 1577 5275 secutus,
1626 5221 1720 5262 so-

144 5278 313 5329 lerter
342 5276 672 5345 emendavit.
701 5274 992 5345 Perperam
1028 5285 1154 5331 ante
1183 5279 1485 5345 legebatur:

219 5344 421 5417 ῌητρς
446 5343 766 5417 πάρεστιν;
793 5343 1020 5415 [In-fde;
1048 5349 1184 5417 οὐχὶ
1211 5343 1434 5413 λευκὰς
1457 5349 1512 5401 εὶ

231 5413 839 5488 Ἐρεῖᾳσαςοέστερόν
863 5413 913 5471 θ’
944 5418 975 5471 ὃ
998 5413 1213 5482 ,βούλει
1234 5436 1336 5488 μοι
1362 5417 1596 5488 ﬁerem;

145 5483 413 5553 Deposuit
438 5486 548 5550 ille,

218 5555 419 5680 (ἒηγρς
446 5554 737 5678 σὲιῗρεστιν
750 5573 771 5622 ;
796 5558 1029 5627 Πηγός;
1055 5558 1191 5629 οὐχὶ
1214 5559 1403 5614 λευκὰ
1427 5558 1509 5613 σὺ

296 5642 441 5680 oste.
524 5642 576 5680 c.

234 5626 441 5689 Ἐρεῖς,
469 5635 576 5680 etc.

144 5642 805 5763 He£§€ls€aleggstulabat
827 5713 857 5751 a
887 5713 1084 5765 coquo,
1130 5699 1181 5752 icl
1211 5701 1355 5753 enim
1386 5707 1502 5754 erat
1542 5695 1719 5767 πηγὸς

143 5769 441 5839 πάρεστιν;
477 5780 686 5838 coquus
721 5769 871 5825 vocis
900 5770 1061 5840 hujus
1100 5771 1360 5834 insolens,
1389 5785 1451 5825 ac
1494 5769 1713 5833 dubius,

1824 3180 1973 3233 omni
2014 3177 2226 3233 ratione
2276 3191 2486 3232 vacuus
2522 3175 2717 3240 efficit,
2760 3175 3019 3244 Opinione
3064 3183 3331 3229 versatur.
3372 3193 3394 3227 ι

1823 3266 2033 3333 Quiius
2062 3267 2225 3321 etiam
2263 3282 2385 3336 quae
2418 3271 2745 3335 sequuntur,
2788 3263 3036 3334 adjungit
3068 3281 3083 3317 :
3116 3281 3135 3314 ι
3164 3262 3397 3333 Quippe,

1828 3360 2093 3429 temporis
2123 3360 2291 3423 enim,
2308 3358 2506 3428 inquit,
2532 3366 2715 3426 partes
2746 3356 2862 3411 ista:
2884 3364 3033 3417 sunt,
3054 3363 3187 3417 erat,
3212 3363 3395 3425 atque,

1825 3451 1924 3503 erit
1949 3466 1968 3513 ;
1993 3465 2131 3518 quas
2196 3449 2576 3518 imprudentes
2626 3448 2971 3515 sempiterna:
2998 3447 3159 3499 etiam
3191 3456 3401 3500 naturae

1824 3541 2027 3610 injuria
2090 3540 2406 3593 tribuimus.
2436 3535 2613 3607 Vulgo
2647 3539 2791 3591 enim
2811 3538 2884 3590 ita
2932 3537 3227 3606 loquimur,
3258 3547 3396 3600 erat,

1824 3642 1923 3697 est,
1973 3632 2105 3685 erit:
2129 3646 2251 3685 cum
2277 3638 2462 3683 tamen
2493 3629 2544 3682 ei
2573 3628 2771 3691 solum,
2800 3638 2899 3692 est,
2921 3629 3139 3697 proprie
3167 3643 3401 3698 vereque

1825 3722 2132 3777 conveniat.
2181 3721 2334 3784 Erat,
2369 3729 2572 3787 autem,
2608 3720 2714 3784 vel,
2749 3721 2871 3785 erit,
2906 3720 2973 3773 de.
3000 3729 3144 3785 ortu,
3185 3720 3277 3788 qui
3300 3721 3401 3773 ali-

1826 3830 1937 3880 quo
1962 3821 2202 3883 tempore
2258 3813 2372 3879 ﬁat,
2406 3812 2762 3882 pronuntiare
2795 3812 2973 3878 decet,
2995 3812 3141 3880 quod
3172 3818 3402 3882 utraque

1828 3923 1959 3963 voce
1988 3916 2170 3960 motus
2218 3905 2416 3975 aliquis
2449 3903 2806 3975 signiﬁcetur.
2838 3902 2907 3956 A't
2932 3903 3075 3973 quod
3121 3906 3312 3959 eodem
3342 3920 3402 3961 se

1826 4000 1991 4055 modo
2023 4013 2238 4068 semper
2270 3995 2493 4052 ac'citra
2520 4006 2727 4051 motum
2754 3994 2923 4051 ullum
2950 3994 3171 4059 habeat,
3203 3995 3256 4050 id
3274 4011 3403 4067 pro-

1826 4218 2035 4290 πηγός;
2070 4217 2269 4290 inquit,
2295 4217 2588 4273 admiranti
2634 4216 2849 4290 similis.
2873 4215 3030 4290 Tum
3059 4215 3290 4290 instans,
3321 4218 3400 4272 uti

1821 4287 1951 4358 quid
1981 4289 2109 4343 velit
2144 4287 2344 4343 clarius
2374 4291 2599 4355 aperiat,
2628 4289 2747 4358 οὐχὶ
2788 4287 2954 4340 λευκὰ
2985 4288 3049 4340 σὺ
3082 4287 3256 4357 ὲρεῖς;
3291 4296 3400 4343 etc.

1824 4358 1902 4413 Ita
1953 4358 2155 4424 λευκά,
2207 4367 2262 4414 et
2305 4358 2638 4431 σαφέστερον
2683 4359 2868 4430 ἐρεῖν,
2915 4372 3016 4426 pro
3068 4358 3256 4412 eodem
3305 4372 3400 4412 su-

1824 4437 2124 4568 ωῗέἓῗττει
2173 4496 2445 4561 τοιαῦτα,
2472 4507 2574 4551 etc.
2607 4496 2808 4551 Eodem
2842 4491 3153 4568 in_Ti_mwo,_
3183 4510 3237 4564 p.
3269 4494 3396 4550 529.

1827 4564 1932 4623 Sed
1965 4564 2039 4623 ibi
2083 4569 2235 4622 locus
2278 4567 2363 4621 hic
2405 4569 2475 4620 ita
2520 4568 2863 4635 concipitur:
2897 4564 3082 4617 Ταῦτα
3111 4565 3168 4618 δὲ
3198 4568 3397 4629 πάντα,

1827 4639 1991 4709 μέρος
2015 4638 2227 4709 χρόνου·
2259 4638 2351 4709 καὶ
2396 4637 2455 4690 τό
2486 4654 2550 4709 ᾗτε
2591 4632 2694 4709 ἦν,
2716 4635 2778 4689 τό
2807 4636 2853 4687 τ’
2879 4634 3074 4709 ἕσται,
3094 4634 3284 4704 χρόνου
3305 4651 3399 4702 γε-

1822 4703 2181 4779 γονότοςέῐδη
2206 4707 2460 4779 φέροντες
2485 4703 2726 4779 musam,
2753 4714 2857 4759 etc.
2886 4703 3149 4779 Eusebius
3176 4719 3396 4765 sensum

1822 4774 2083 4846 relinquit
2108 4774 2408 4846 integrum,
2433 4778 2595 4846 verba
2629 4774 2953 4846 decurtavit.

1895 4840 2005 4919 (59)
2038 4840 2292 4901 Γένεσῖν
2320 4843 2541 4919 οὖσαν.)
2568 4845 2724 4900 Plato
2750 4840 2962 4912 γένεσιν
2997 4840 3181 4896 ἰοῦσαν
3201 4881 3217 4909 ,
3251 4842 3397 4914 quod

1821 4917 1913 4973 est
1933 4933 2059 4972 cum
2091 4926 2238 4971 motu
2268 4917 2638 4985 coniunctius.

1895 4986 2007 5055 (40)
2043 4987 2147 5041 Διά
2179 4984 2421 5055 χρόνον.
2452 4985 2627 5050 Plato,
2660 4984 2809 5055 ποτε.

1895 4989 1986 5055 (40
2043 4989 2147 5041 Διά
2179 4989 2421 5055 χρόνον.
2452 4989 2627 5050 Plato,
2660 4989 2809 5038 ποτε.

1894 4989 2007 5128 (41)
2032 5056 2184 5111 Οὐδὲ
2214 5057 2493 5123 γενέσθαι
2535 5053 2697 5128 πςτέ.
2733 5053 2856 5128 llaec
2885 5050 3038 5128 Plato
3068 5066 3177 5128 non
3214 5051 3397 5120 habet,

1822 5122 2154 5198 quietameu
2186 5122 2417 5198 libenter
2444 5142 2565 5179 cum
2591 5125 2824 5198 Eusebio
2859 5122 3199 5198 retinuerim.

1894 5196 2002 5267 (42)
2036 5199 2317 5249 Ἔσεσθαι
2361 5196 2426 5249 τὸ
2472 5196 2773 5267 παράπαν,
2801 5202 2905 5247 etc.
2936 5193 3251 5267 _Sincerio_ra
3282 5190 3400 5267 haec

1820 5260 2092 5331 videntur,
2124 5283 2288 5336 quam
2339 5275 2398 5321 ut
2439 5260 2579 5333 apud
2624 5265 2902 5336 Platonem
2936 5263 3131 5331 legitur
3177 5260 3399 5315 ἔσεσθαι

1819 5339 1881 5391 τὸ
1910 5339 2171 5409 παράπαν
2190 5354 2291 5409 ⁸τε,
2318 5336 2481 5409 οὐδὲν
2506 5337 2607 5388 ὅσα
2634 5335 2875 5403 γένεσις,
2907 5341 3034 5396 etc.,
3061 5346 3184 5402 qua:
3215 5340 3398 5392 tamen

1819 5406 2364 5474 lectio'improbanda
2392 5420 2499 5459 non
2530 5415 2633 5459 est.

1893 5478 2005 5550 (45)
2042 5467 2356 5550 Κὶῖζπρός
2420 5476 2651 5541 τούτοις
2676 5472 2791 5550 ,ἔτι
2952 5467 3173 5550 ’τοιςιὶςῖεἶ
3222 5468 3397 5550 Verba

1820 5539 2116 5603 etiam'ha’c
2133 5539 2373 5600 Platonis
2385 5554 2529 5607 sunt,
2548 5539 2652 5597 non
2674 5543 2910 5608 Eusebii,
2927 5550 2985 5595 ut
3006 5539 3173 5595 videri
3190 5548 3394 5610 posset.

1892 5619 2003 5689 (44)
2038 5615 2209 5672 Εἶναι
2241 5616 2669 5685 γενησόμενον.
2700 5612 2905 5670 Sensus
2931 5611 3215 5689 integritas
3261 5626 3396 5689 pau;

1819 5679 1940 5744 cula
1976 5679 2089 5743 haec
2118 5679 2404 5755 exigebat,
2432 5679 2554 5755 quae
2603 5691 2905 5755 sequuntur
2926 5683 2987 5755 in
3018 5679 3273 5755 Platone.
3298 5680 3398 5738 καὶ

1819 5760 1879 5813 τὸ
1913 5758 1987 5830 μὴ
2014 5757 2093 5827 ὃν,
2126 5748 2284 5829 μὴ’ὂν
2309 5748 2465 5811 εἶναιἰ
2498 5748 2573 5810 ὧν
2601 5748 2750 5809 οὐδὲν
2780 5751 3021 5824 ἀκριϐῶς
3052 5752 3302 5824 λέγομεν.
