3826 6232
190 334 297 393 875

1334 351 1655 411 PRIEPAR.
1697 353 1955 414 EVANG.
1996 358 2124 417 LIB.
2168 359 2257 417 XI.

170 447 228 499 ὂν
268 444 421 502 εἶπον
460 450 571 523 (47)
610 453 929 525 ἀσώματον,
970 460 1126 515 τοῦτο
1163 463 1217 517 δὲ
1257 465 1392 522 εἶναι
1429 471 1492 524 τὸ
1529 476 1710 545 νοητόν

174 538 251 559 ML
288 558 293 559 γ
326 540 343 559 ἱ
443 538 470 559 τ
540 543 558 559 \
636 544 690 559 ΑΙ
846 550 868 559 ι·
1229 556 1238 559 ’

1818 470 1935 533 rit,
1980 488 2154 541 neque
2193 475 2537 533 interiturum
2577 481 2686 535 sit:
2731 482 2840 539 imo
2873 499 2973 540 nec
3002 484 3146 542 aliud
3178 505 3407 559 prorsus

174 538 253 591 Τά
281 540 381 609 μὲν
412 538 812 633 οὖνῌλεχθέντα,
842 550 940 603 ὅσα
969 556 1327 623 μνημονεύειν
1349 559 1462 614 ἔστι
1494 538 1739 633 μοι,’τοι-

169 628 309 724 αὔτα
331 632 461 724 γούν
501 630 596 705 ἦν·
629 636 722 690 τὸν
757 638 801 691 δ’
836 641 1193 714 ἐπιζητοῦντα
1239 648 1393 719 λόγον
1434 628 1545 724 (4S)
1573 628 1739 710 ἐθέλω

170 717 699 794 παραμυθήσασθαι,
747 732 960 786 τοσόνδε
1013 737 1278 804 ὑπειπὼν,
1309 742 1388 795 ὅτι
1431 743 1600 798 ταῦτα
1626 749 1738 810 τοῖς

168 809 406 880 δόγμασι
439 814 532 868 τοῦ
563 818 846 885 Πλάτωνος
871 826 919 877 εἰ
951 825 1025 896 μὴ
1061 830 1375 901 συμϐαίνει,
1401 834 1514 888 ἀλλ’
1548 837 1734 908 ἐτέρου

165 904 415 998 γ’ᾲὲχρῆν
443 908 648 964 οἴεσθαί
691 930 831 979 τινος
873 918 1062 989 ἀνδρὸς
1105 923 1337 992 μεγάλου
1358 967 1372 992 ,
1407 928 1547 998 μέγα
1574 904 1735 986 δυνα-

167 995 365 1095 μένου,
412 999 528 1095 οἵου
571 1003 908 1078 Πυθαγόρου.
965 1011 1126 1080 Λέγει
1164 1015 1292 1082 γοῦν
1323 995 1578 1073 Πλάτων·
1614 1024 1735 1095 φέρ’

162 1084 497 1175 άναμνησθῶ
525 1091 643 1153 πῶς
664 1092 846 1161 λέγει’
890 1097 954 1150 Τί
992 1100 1050 1152 τὸ
1090 1101 1150 1156 ὃν
1176 1105 1281 1167 ἀεὶ,
1311 1108 1519 1175 γένεσιν
1549 1110 1605 1163 δὲ
1626 1084 1733 1166 ὀύκ

160 1174 459 1266 ἐχονςγιςαὶ
490 1181 543 1232 τί
588 1183 647 1235 τὸ
688 1186 965 1257 γινόμενον
1012 1192 1133 1261 μὲν,
1169 1194 1227 1247 ὃν
1267 1174 1330 1249 δὲί
1356 1200 1643 1266 οὐδέποτε;
1672 1203 1734 1255 τὸ

164 1265 263 1332 μὲν
325 1265 389 1337 δὴ
444 1271 622 1340 νοήσει
673 1276 809 1343 μετὰ
855 1277 1012 1347 λόγου
1062 1284 1422 1356 περιληπτὸν,
1470 1291 1531 1343 τὸ
1574 1265 1635 1343 δ(
1663 1288 1730 1346 αὖ

156 1356 307 1457 δόξῃ-
531 1365 833 1438 αἰσθήσεως
886 1373 1081 1443 ἀλόγου
1130 1378 1416 1448 δοξαστὸν,
1453 1386 1731 1457 γινόμενον

158 1449 256 1550 καὶ
281 1452 669 1526 ἀπολλύμενον,
699 1459 866 1527 ὅντως
890 1463 948 1519 δὲ
982 1468 1233 1523 οὐδέποτε
1267 1471 1344 1526 ὅν.
1374 1449 1586 1546 Ἤρετον
1598 1477 1725 1550 γὰρ,

158 1537 227 1632 τί
262 1543 378 1594 ἔστι
423 1544 483 1596 τὸ
523 1545 616 1611 ὂν,
670 1549 775 1618 φὰς
819 1553 949 1607 αὐτὸ
998 1557 1255 1630 ἀγένητον
1296 1537 1728 1632 άναμξριλέκτωςξ

158 1629 379 1686 Γένεσιν
401 1634 508 1706 γὰρ
528 1638 627 1692 οὲρκ
655 1639 756 1711 ἔφη
781 1638 1018 1716 εἶναιτῷ
1054 1629 1164 1701 sm
1183 1667 1197 1680 ·
1221 1629 1476 1723 ἐτρέπετο
1496 1655 1603 1727 γὰρ
1629 1629 1724 1709 ἄν·

154 1724 492 1794 τρεπόμενον
528 1729 584 1782 δὲ
628 1731 726 1784 οὐκ
759 1728 825 1804 ᾖν
861 1736 1046 1790 ἀΐδιον.
1078 1757 1098 1790 ι
1122 1736 1252 1825 Elea
1299 1742 1505 1808 ὑποϐάς
1535 1724 1724 1815 φήσιν

1851 561 2017 616 ullum
2041 580 2139 620 seu
2176 576 2378 635 motus,
2405 584 2499 625 seu
2543 575 2891 643 mutationis,
2919 578 3146 649 ejusque
3179 583 3259 635 vel
3290 600 3374 640 me

1847 654 2026 722 lioris,
2050 660 2133 713 vel
2156 661 2441 717 deterioris
2467 678 2635 733 genus
2691 666 2984 736 aliquando
3046 671 3352 728 subiturum
3387 695 3399 707 -

1847 748 1942 803 sed
1968 752 2194 807 omnino
2224 752 2454 823 simplex
2491 763 2545 809 et
2570 755 2928 826 immutabile,
2967 761 3208 833 adeoque
3233 764 3286 819 in
3313 782 3405 820 ea—

1845 840 1967 894 dem
2006 856 2218 912 semper
2248 853 2457 898 naturae
2480 860 2591 900 suae
2627 848 2836 903 ratione
2864 851 3135 919 persistat,
3159 856 3302 924 quod
3334 858 3402 912 ab

1844 931 1937 985 illa
1970 946 2071 987 nec
2101 942 2291 1003 suapte
2312 944 2523 1005 sponte,
2552 952 2651 992 nec
2692 939 2865 994 aliena
2893 942 2943 995 vi
2975 958 3039 998 ac
3077 948 3404 1005 necessitate

1842 1020 2104 1076 discedat.
2149 1023 2215 1082 Et
2270 1038 2400 1078 sane
2422 1024 2576 1081 Plato
2604 1026 2832 1097 ipsemet
2852 1030 3162 1104 inCratylo,
3182 1038 3402 1094 nomina

1842 1125 1907 1164 ex
1939 1111 2156 1181 propria
2181 1119 2418 1183 quadam
2441 1131 2621 1173 rerum
2640 1119 2993 1179 similitudine
3016 1125 3266 1196 imposita
3279 1144 3401 1185 esse

1840 1200 2018 1256 docet.
2053 1201 2269 1259 Maneat
2297 1207 2481 1276 igitur,
2508 1219 2559 1265 et
2604 1217 2864 1282 tanquam
2890 1229 3076 1269 verum
3129 1227 3394 1282 sumatur,

1841 1291 2216 1360 incorporeum
2251 1311 2373 1352 esse
2402 1298 2454 1352 id
2481 1301 2625 1369 quod
2668 1314 2802 1358 est.)
2827 1302 3034 1370 Quibus
3065 1308 3226 1376 paulo
3269 1317 3393 1379 post

1838 1384 2033 1438 iterum
2058 1386 2160 1440 ista
2191 1387 2471 1461 subjungit
2500 1410 2512 1444 :
2567 1411 2586 1444 ι
2619 1391 2675 1448 ld
2707 1396 2852 1464 quod
2876 1405 2961 1451 est
2991 1399 3392 1469 incorporeum,

1836 1474 2084 1545 idemque
2097 1477 2734 1552 sola‘menteperceptum
2763 1500 2884 1543 esse
2917 1487 3189 1549 dicebant.
3220 1491 3395 1561 Atqne

1836 1564 1950 1621 haec
1976 1576 2125 1632 sunt,
2169 1584 2291 1639 quae
2321 1580 2434 1626 tum
2469 1573 2743 1644 disputata
2773 1575 2944 1634 fuisse
2982 1580 3223 1636 memini.
3263 1581 3390 1637 Mihi

1832 1670 1982 1722 vero,
2041 1658 2088 1713 si
2123 1660 2250 1729 quis
2286 1662 2432 1716 illam
2465 1662 2707 1722 Platonis
2767 1669 3071 1725 orationem
3128 1672 3391 1741 requirat,

1832 1747 1980 1805 hunc
2001 1750 2103 1821 ipsi
2131 1752 2372 1809 laborem
2392 1756 2623 1811 allevare
2640 1773 2703 1812 ac
2723 1761 2934 1815 mollire
2949 1762 3124 1831 placet
3144 1781 3158 1831 ;
3178 1764 3223 1819 si
3242 1766 3392 1835 prius

160 1839 181 1872 ι
229 1822 292 1873 Εἰ
327 1823 426 1891 μὲν
458 1823 519 1894 δὴ
549 1823 608 1876 τὸ
644 1824 703 1878 ὃν
740 1826 956 1890 πάντως
987 1829 1161 1900 πάντη
1176 1822 1357 1884 Ἵάῖδιόν
1389 1832 1448 1887 τέ
1490 1834 1607 1886 ἐστι
1633 1835 1710 1888 κα¹

1829 1838 1930 1895 hoc
1947 1857 2229 1912 monuero,
2256 1861 2375 1917 qua:
2401 1847 2627 1903 locoillo
2643 1848 3009 1920 disputantur,
3041 1869 3103 1909 ea
3130 1856 3175 1910 si
3206 1857 3389 1910 minus

152 1910 441 1984 ἄτρεπτον,
478 1916 569 1969 καὶ
600 1917 847 1989 οὐδαμῶς
877 1918 1082 1990 οὐδαμῆ
1118 1920 1466 1992 ἐξιστάμενον
1513 1923 1572 1990 ἐξ
1598 1927 1724 1979 ἑαυ-

150 2002 270 2068 τοῦ,
322 2005 470 2075 μένει
504 2007 560 2060 δὲ
603 2009 742 2063 κατὰ
774 2009 842 2064 τά
884 2011 1024 2065 αὐτὰ
1074 2014 1167 2067 καὶ
1198 2013 1457 2079 ὡσαύτως
1503 2016 1722 2089 ἕστηκε,

149 2098 311 2153 τοῦτο
332 2100 500 2172 δήπου
526 2102 593 2156 ἂν
619 2104 704 2178 εἴη
737 2104 800 2160 τὸ
830 2108 897 2180 τῇ
924 2109 1105 2179 νοήσει
1141 2109 1280 2180 μετὰ
1311 2110 1468 2180 λόγου
1502 2113 1724 2184 περιλη-

149 2189 308 2253 πυόν.
355 2191 419 2248 El
456 2194 513 2248 δὲ
543 2195 603 2248 τὸ
635 2196 798 2266 σῶμα
829 2198 913 2267 ῥεῖ
937 2197 1030 2249 καὶ
1058 2197 1277 2270 φέρεται
1306 2199 1410 2252 ὑπὸ
1442 2203 1539 2272 τῆς
1563 2200 1724 2263 εὐθὺς

150 2284 476 2355 μεταϐολῆς,
528 2286 908 2358 ἀποδιδράσκει
956 2288 1050 2340 καὶ
1098 2288 1197 2340 οὐκ
1245 2287 1412 2344 ἐστιν.
1459 2290 1618 2344 Ὅθεν
1659 2291 1719 2343 οὐ

146 2377 319 2450 πολλὴ
342 2364 517 2449 ¹μανία
570 2380 645 2450 μὴ
673 2380 735 2432 ού
765 2380 920 2433 τοῦτο
966 2376 1101 2434 εἶναι
1134 2382 1383 2453 ἀόριστον
1431 2383 1561 2456 (49),
1593 2385 1718 2457 δόξῃ

143 2470 203 2525 δὲ
238 2471 375 2543 μόνῃ
405 2471 678 2537 δοξαστὸν,
712 2474 806 2526 καὶ
826 2471 899 2537 ὥς
926 2491 1057 2545 φησι
1093 2474 1317 2529 Πλάτων
1508 2477 1718 2546 γινόμε-

143 2580 236 2616 νον
273 2563 367 2615 καὶ
388 2562 775 2635 ἀπολλύμενον,
805 2564 970 2636 ὅντως
998 2565 1055 2619 δὲ
1084 2567 1338 2621 οὐδέποτε
1370 2568 1448 2623 όν.
1483 2588 1500 2622 ι
1531 2569 1715 2623 Ταῦτα

144 2654 247 2723 μὲν
279 2655 310 2706 6
340 2654 662 2726 Νουμήνιος,
694 2654 829 2726 ὁμοῦ
858 2657 924 2709 τὰ
955 2656 1261 2723 Πλάτωνος,
1298 2660 1390 2713 καὶ
1418 2661 1550 2714 πολὺ
1582 2661 1713 2731 πρό-

136 2761 302 2817 τερον
333 2745 403 2798 τὰ
445 2747 690 2811 Μωσέως
736 2750 829 2802 ἐπὶ
875 2749 937 2801 τὸ
984 2751 1152 2819 σαφὲς
1192 2751 1580 2824 διερμηνεύων.
1616 2754 1711 2805 ΕΞ-

137 2837 320 2899 κότως
356 2836 489 2909 δῆτα
529 2840 609 2902 εἰς
640 2839 771 2892 αὐτὸ
815 2842 988 2895 ἐκεῖνο
1019 2844 1081 2896 τὸ
1122 2843 1299 2911 λόγιον
1336 2845 1707 2916 περιφέρεται,

134 2928 204 2981 δι’
246 2922 308 2981 οὗ
347 2930 509 2997 φάναι
545 2931 969 3003 μνημονεύεταιο
1012 2952 1031 2985 ι
1073 2934 1138 2987 Τί
1180 2935 1287 3007 γάρ
1322 2938 1436 2989 ἐστι
1484 2937 1709 2990 Πλάτων

134 3024 169 3094 ἢ
202 3022 410 3092 Μωσῆς
462 3023 809 3089 Ἀττικίζων;
842 3044 859 3076 ι
896 3026 1004 3079 Θέα
1036 3026 1093 3078 δὲ
1124 3027 1261 3097 πρὸς
1295 3026 1522 3091 τούτοις,
1554 3030 1601 3080 εί
1632 3028 1706 3100 μὴ

132 3112 227 3165 τὸν
254 3113 494 3183 παρόντα
518 3113 638 3168 νοῦν
666 3116 758 3169 ἐπὶ
801 3116 981 3171 πλεῖον
1019 3119 1111 3171 καὶ
1154 3119 1182 3170 6
1228 3118 1571 3191 Πλούταρχος
1618 3119 1705 3185 ὲξ-
1735 3155 1776 3212 c

133 3204 352 3270 απλῶν,
373 3205 651 3278 συντρέχοι
677 3208 742 3260 ἂν
763 3211 880 3273 ταῖς
894 3226 954 3262 τε
971 3210 1357 3282 προκειμέναις
1381 3213 1584 3279 φωναῖς
1598 3212 1705 3266 τῶν

130 3297 461 3365 φιλοσόφων,
508 3300 600 3351 καὶ
642 3303 762 3363 ταῖς
813 3296 966 3364 αὖθις
1007 3302 1271 3374 Ἐϐραίων
1321 3304 1600 3377 κειμέναις
1647 3308 1705 3362 ἐν

128 3388 349 3457 ἑτέραις
388 3390 703 3459 θεολογίαις,
738 3392 805 3445 δι’
832 3387 906 3446 ὦν
936 3394 1057 3447 τοτὲ
1093 3396 1192 3465 μὲν
1222 3397 1499 3467 εἰσάγεται
1533 3397 1705 3467 λέγων

126 3482 157 3533 6
206 3480 563 3553 χρηματίζων
613 3484 772 3547 Θεός⁹
817 3503 834 3536 ι
884 3486 1028 3539 Διότι
1082 3486 1192 3554 ἐγὼ
1243 3488 1446 3559 Κύριος
1491 3490 1521 3541 6
1571 3489 1702 3552 Θεὸς

128 3577 308 3644 ὑμῶν,
339 3577 433 3629 καὶ
469 3576 568 3630 οὐκ
607 3578 933 3649 ἡλλοίωμαιο
977 3599 995 3632 ι
1024 3581 1148 3633 τοτὲ
1184 3581 1229 3634 δ’
1277 3584 1356 3646 είς
1391 3583 1550 3637 αὐτὸν
1593 3583 1700 3652 ἀφ-

124 3669 271 3739 ορῶν
294 3670 323 3722 6
347 3668 639 3741 Προφήτης
670 3670 1007 3724 ἀποτείνεται
1027 3689 1039 3701 ·
1073 3692 1090 3724 ι
1106 3673 1227 3726 Ὅτι
1249 3673 1312 3746 δὴ
1335 3674 1403 3728 τὰ
1421 3677 1517 3747 μὲν
1531 3675 1700 3748 ὁρατὰ

123 3763 309 3814 πάντα
352 3762 584 3834 τραπείη
620 3763 684 3817 ἄν
724 3780 853 3816 ποτε
896 3766 989 3817 καὶ
1029 3767 1418 3839 μεταϐληθείη·
1462 3769 1526 3822 σὺ
1567 3770 1624 3823 δὲ
1670 3773 1699 3824 6

121 3851 292 3913 αὐτὸς
337 3847 409 3919 εἴ,
449 3851 643 3906 καὶτὰ
684 3853 777 3926 ἐτη
812 3872 903 3907 σου
936 3856 1035 3909 οὐκ
1075 3856 1401 3927 ὲκλείψουσι.
1449 3880 1467 3912 ›
1500 3861 1696 3915 Σκόπει

116 3937 278 4011 γοῦν,
310 3945 359 3995 εἰ
404 3944 479 4014 μὴ
519 3944 595 4007 ὡς
647 3947 704 3997 ὲν
750 3946 1011 4017 προτάσει
1058 3947 1151 4001 τοῦ
1206 3966 1265 4002 τε
1315 3950 1464 4022 παρὰ
1509 3953 1698 4006 Μωσεί

121 4035 419 4104 φήσαντος,
459 4053 478 4086 ι
525 4035 665 4104 Ἐγώ
692 4039 805 4108 εἰμι
834 4042 861 4092 ό
892 4038 996 4093 ὤν’
1031 4057 1050 4090 ι
1084 4039 1176 4093 καὶ
1208 4040 1323 4107 τοῦ,
1357 4061 1374 4093 ι
1422 4042 1561 4111 Ἐγὼ
1591 4044 1695 4098 Κύ-

120 4143 239 4198 ριος
279 4129 308 4179 6
341 4127 472 4191 Θεὸς
521 4128 693 4195 ὑμῶν,
729 4132 823 4184 καὶ
865 4133 963 4186 οὐκ
1008 4133 1303 4205 ὴλλοίωμαι
1328 4151 1340 4163 ·
1384 4153 1402 4186 ι
1444 4137 1536 4190 καὶ
1574 4138 1688 4206 τοῦ,

123 4237 142 4268 ι
173 4219 251 4271 Σὺ
279 4217 336 4271 δὲ
360 4219 389 4271 6
438 4219 598 4283 αὐτὸς
639 4216 709 4283 εἴ,
745 4241 763 4271 ι
795 4221 941 4286 δόξαι
970 4224 1034 4277 ἂν
1081 4227 1110 4277 6
1142 4225 1482 4297 Πλούταρχος
1525 4229 1583 4281 ἐν
1610 4229 1688 4300 τῷ

117 4309 266 4380 Περὶ
290 4310 395 4364 τοῦ
419 4311 512 4374 Εἴ,
537 4310 627 4363 τοῦ
667 4313 725 4365 ἐν
765 4314 1005 4383 Δελφοῖς,
1033 4317 1131 4387 τὴν
1155 4317 1392 4373 διάνοιαν
1438 4320 1685 4393 ὑφερμη-

113 4400 314 4466 νεύειν,
344 4402 471 4455 τάδε
499 4403 671 4472 λέγων
694 4407 828 4478 πρὸς
857 4404 1020 4470 λέξιν,

1827 1932 1894 1985 ad
1922 1931 2163 1991 Platonis
2213 1937 2468 2008 dogmata
2500 1940 2807 2009 pertineant
2838 1983 2853 2007 ,
2901 1946 3057 2000 alteri
3088 1957 3234 2003 certe
3269 1952 3389 2005 cui—

1825 2025 1992 2095 piam,
2025 2028 2117 2083 sed
2139 2030 2421 2086 excellenti
2451 2033 2589 2100 viro,
2617 2048 2939 2106 summaque
2964 2037 3382 2108 philosophandi

1823 2114 1876 2167 vi
1895 2116 2122 2185 praedito
2153 2120 2481 2189 assignanda
2509 2137 2650 2189 esse,
2681 2123 2987 2193 cujusmodi
3024 2123 3384 2199 Pythagoram

1821 2202 1994 2261 fuisse
2024 2208 2246 2265 dixeris.
2276 2209 2367 2265 Sic
2391 2211 2555 2281 igitur
2576 2212 2730 2269 Plato
2758 2233 2772 2269 :
2802 2232 2926 2272 nam
2956 2219 3239 2276 verborum
3271 2239 3386 2279 me-

1822 2299 2047 2354 minisse
2063 2302 2369 2356 conandum
2388 2312 2467 2359 est
2502 2321 2517 2359 :
2566 2303 2706 2371 Quid
2725 2306 2858 2363 illud
2883 2318 2986 2377 est,
3015 2311 3211 2383 inquit,
3238 2318 3384 2384 quod

1820 2404 2035 2460 semper
2059 2393 2185 2447 est?
2212 2408 2311 2450 nec
2355 2404 2533 2450 tamen
2559 2409 2738 2454 ortum
2776 2400 2941 2457 habet
2989 2404 3157 2460 ullum
3182 2407 3205 2460 ?
3240 2400 3382 2474 Quid

1818 2480 1951 2538 illud
1980 2492 2193 2550 contra,
2238 2487 2381 2556 quod
2414 2489 2622 2556 oritur,
2657 2501 2710 2546 et
2759 2508 3034 2565 nunquam
3067 2507 3149 2553 est
3176 2499 3200 2552 ?
3223 2497 3382 2555 Prius

1818 2572 1948 2627 illud
1969 2574 2188 2644 quidem
2230 2578 2298 2632 ab
2330 2579 2443 2634 sola
2466 2580 2817 2651 intelligentia
2859 2601 2983 2641 cum
3024 2589 3233 2644 ratione
3257 2605 3380 2659 per-

1816 2667 2013 2737 cipitur
2048 2685 2062 2722 :
2102 2669 2332 2725 alterum
2368 2672 2492 2737 hoc,
2523 2676 2667 2743 quod
2691 2678 2868 2733 oritur
2887 2678 3051 2733 simul
3082 2689 3136 2736 et
3160 2681 3378 2753 occidit,

1813 2774 1990 2829 neque
2024 2776 2265 2831 unquam
2298 2777 2422 2818 vere
2439 2773 2539 2831 est,
2576 2766 2629 2819 in
2652 2781 2714 2821 ea
2738 2768 3023 2834 duntaxat,
3058 2787 3217 2842 quam
3248 2790 3378 2833 sen-

1813 2866 1909 2906 sus
1937 2852 2005 2906 ab
2029 2853 2178 2906 omni
2205 2853 2415 2910 ratione
2444 2871 2645 2911 vacuus
2686 2858 2865 2924 elIicit,
2904 2861 3158 2929 Opinione
3191 2879 3375 2920 versa-

1811 2948 1919 2993 tur.
1957 2937 2161 3006 Qumrit
2202 2940 2375 3008 Plato,
2406 2943 2534 3013 quid
2564 2944 2694 2999 illud
2716 2946 2809 3012 sit,
2844 2947 2989 3017 quod
3022 2958 3142 3017 est;
3175 2951 3227 3006 id
3256 2953 3372 3010 siue

1810 3030 1976 3086 dubio
2027 3047 2213 3089 carere
2268 3042 2388 3088 ortu
2438 3044 2701 3105 statuens,
2753 3040 2953 3111 quippe
2988 3052 3166 3098 ortum
3199 3044 3251 3099 in
3281 3059 3372 3115 eo,

1809 3123 1952 3189 quod
1969 3131 2072 3188 est,
2097 3124 2272 3179 locum
2302 3125 2502 3179 habere
2527 3138 2683 3195 negat
2708 3146 2721 3181 :
2750 3137 3046 3184 mutaretur
3071 3133 3213 3187 enim
3239 3133 3372 3190 alio-

1809 3215 1947 3285 qui:
2000 3216 2262 3271 siautem
2316 3227 2658 3285 mutaretur,
2715 3221 3104 3291 sempiternum
3145 3224 3198 3280 id
3258 3242 3366 3281 non

1808 3317 1971 3363 esset.
2018 3328 2037 3360 ι
2092 3307 2218 3364 lude
2265 3310 2602 3382 aliquantum
2655 3328 2978 3385 progressus
3023 3318 3136 3373 hac
3165 3318 3365 3375 addit:

1813 3416 1832 3451 ι
1869 3397 1923 3453 Si
1951 3400 2096 3470 quod
2128 3408 2231 3465 est,
2265 3401 2315 3455 id
2352 3403 2575 3457 omnino
2609 3405 2997 3475 sempiternum
3031 3419 3083 3463 et
3114 3408 3368 3465 immuta-

1804 3490 1911 3545 bile
1939 3501 2040 3560 est,
2060 3507 2161 3546 nec
2194 3492 2262 3547 ab
2280 3507 2400 3548 sese
2444 3494 2551 3548 ulla
2581 3511 2820 3565 unquam
2837 3498 3095 3553 varietate
3116 3500 3365 3568 discedit,

1803 3584 1895 3639 sed
1937 3583 1991 3637 in
2026 3600 2132 3639 una
2182 3600 2397 3654 semper
2446 3586 2743 3657 eademque
2804 3592 3012 3646 ratione
3061 3602 3363 3661 permanet,
3422 3586 3423 3589 “

1800 3676 1933 3731 illud
1972 3692 2140 3730 unum
2170 3678 2415 3747 profecto
2449 3678 2519 3733 sit
2543 3688 2787 3748 oportet,
2822 3681 2966 3750 quod
3013 3683 3362 3755 intelligentia

1798 3784 1921 3824 cum
1946 3769 2158 3823 ratione
2205 3770 2470 3839 capiatur.
2500 3769 2701 3825 Contra
2730 3787 2881 3836 vero,
2909 3771 2954 3828 si
2985 3787 3185 3844 corpus
3219 3774 3358 3840 ﬂuit,

1801 3860 1961 3931 527
2016 3867 2070 3914 et
2106 3862 2388 3930 repentina
2442 3863 2678 3931 quadam
2732 3865 3031 3920 mutatione
3070 3865 3357 3939 abripitur,

1796 3952 2072 4007 evanescit
2125 3952 2258 4006 illud
2315 3951 2556 4021 quidem,
2613 3953 2948 4026 proindeque
3001 3956 3207 4011 nullum
3250 3967 3354 4013 est.

1794 4045 1973 4111 Quare
2006 4045 2140 4099 nihil
2165 4044 2458 4099 admodum
2489 4046 2578 4100 ille
2606 4046 2859 4117 desipiat,
2905 4049 2998 4118 qui
3032 4063 3231 4119 corpus
3258 4051 3356 4106 de-

1792 4138 1937 4193 liniri
1970 4154 2079 4193 non
2102 4152 2263 4208 posse
2283 4138 2500 4204 dixerit,
2532 4137 2627 4192 sed
2654 4139 2921 4208 ejusmodi
2954 4155 3098 4206 esse,
3126 4142 3270 4211 quod
3295 4141 3352 4198 in

1790 4230 1929 4296 sola,
1966 4238 2027 4284 ut
2054 4229 2129 4283 ait
2156 4227 2329 4294 Plato,
2359 4228 2615 4298 opinione
2669 4239 2933 4297 versetur,
2985 4231 3117 4286 dum
3173 4233 3352 4289 oritur

1789 4323 1978 4388 simul,
2012 4330 2068 4378 et
2091 4321 2311 4387 occidit,
2357 4336 2532 4391 neque
2578 4336 2819 4390 unquam
2871 4337 2996 4378 vere
3025 4332 3127 4379 est.
3167 4343 3187 4376 ι
3225 4322 3350 4381 Haec

1785 4416 2109 4479 Numenius,
2146 4413 2347 4484 quibus
2394 4428 2503 4468 non
2554 4412 2795 4468 Platonis
2840 4415 3024 4483 modo,
3057 4417 3151 4471 sed
3184 4418 3346 4472 etiam

3304 377 3407 433 su
3478 364 3486 373 '

112 4500 278 4562 tange
307 4490 669 4563 antiquioris”
695 4494 920 4550 Platone
958 4495 1159 4568 Moysis
1202 4499 1505 4556 doctrinam
1543 4508 1854 4566 illustravit.
1882 4511 2069 4578 Itaque
2094 4505 2291 4560 merito
2348 4519 2478 4559 sane
2508 4505 2710 4559 dictum
2771 4504 2904 4559 illud
2948 4506 3090 4562 hanc
3123 4505 3179 4561 in
3229 4523 3344 4563 rem

110 4584 327 4639 celebre
353 4584 753 4654 circumfertur,
787 4606 806 4638 ι
836 4586 978 4653 Quid
1005 4590 1152 4644 enim
1185 4590 1330 4646 aliud
1369 4590 1522 4648 Plato
1552 4606 1656 4662 est,
1696 4617 1861 4671 quam
1891 4599 2102 4672 Moyses
2129 4597 2303 4652 Attice
2336 4595 2603 4665 loquens?
2635 4614 2653 4646 ι
2687 4594 2790 4650 Sed
2834 4604 3012 4651 tamen
3045 4597 3167 4653 vide
3209 4601 3343 4655 mibi

108 4676 211 4738 sis,
247 4690 383 4730 num
432 4675 678 4745 ejusdem
734 4679 1012 4734 sententiae
1057 4681 1170 4735 vim
1221 4681 1444 4739 uberius
1492 4687 1670 4744 adhuc
1707 4690 2027 4746 Plutarchus
2061 4688 2330 4759 aperiens,
2361 4700 2487 4741 cum
2540 4685 2757 4740 laudata
2806 4685 3151 4756 superiorum
3215 4689 3339 4759 phi-

102 4768 469 4838 losophorum
522 4771 790 4838 oratione,
854 4781 908 4826 et
948 4771 1299 4831 Hebraeorum
1352 4778 1514 4834 simul
1570 4782 1841 4856 theologia
1890 4784 2057 4839 variis
2107 4781 2311 4853 passim
2364 4779 2420 4834 in
2471 4779 2605 4835 locis
2657 4779 2923 4849 explicata
2974 4782 3278 4837 consentiat
3318 4778 3367 4836 ;’

105 4865 239 4917 dum
289 4864 454 4918 modo
494 4864 598 4920 ista
635 4864 745 4920 Deo
781 4867 944 4922 verba
991 4870 1322 4939 tribuuntur,
1358 4890 1376 4921 ι
1411 4870 1682 4937 Quoniam
1719 4894 1819 4949 ego
1865 4878 2127 4934 Dominus
2160 4875 2305 4930 Deus
2337 4884 2534 4939 vester,
2577 4884 2633 4928 et
2678 4890 2789 4929 non
2813 4886 2995 4930 mutor
3016 4875 3060 4942 ⁸,
3103 4893 3122 4927 ι
3174 4876 3337 4931 modo

102 4952 165 5008 in
210 4953 468 5008 eumdem
508 4949 777 5025 Propheta
826 4958 1141 5027 reSpiciens,
1192 4960 1264 5014 ita
1305 4964 1667 5030 pronuntiat:
1716 4984 1734 5017 ι
1777 4966 2025 5023 Visibilia
2051 4966 2235 5022 omnia
2257 4966 2568 5021 transibunt
2588 4977 2641 5019 et
2688 4974 3067 5021 mutabuntur.
3092 4964 3172 5021 Tu
3234 4982 3333 5021 au-

102 5051 216 5099 tem
248 5046 390 5099 idem
423 5046 541 5116 ipse
568 5061 648 5114 es,
691 5057 745 5102 et
773 5050 901 5103 anni
960 5050 1038 5104 tui
1088 5066 1195 5105 non
1240 5050 1491 5107 deﬁcient
1514 5057 1558 5110 ⁵.
1599 5074 1618 5107 ›
1661 5055 1815 5126 Vide,
1871 5060 2116 5130 inquam,
2158 5074 2289 5112 num
2320 5057 2595 5127 proposita
2644 5058 2810 5112 veluti
2854 5058 3175 5128 quaestione,
3206 5074 3330 5114 cum

93 5142 221 5212 ejus
258 5142 354 5211 qui
408 5142 488 5197 sic
531 5142 675 5211 apud
723 5141 962 5212 Moysem
992 5144 1334 5213 loquebatur,
1369 5163 1388 5196 ι
1421 5144 1532 5216 Ego
1564 5163 1684 5203 sum
1725 5151 1821 5220 qui
1865 5167 2010 5218 sum,
2045 5156 2064 5203 ι
2104 5159 2159 5207 ει
2193 5165 2406 5218 rursus,
2438 5167 2457 5201 ι
2494 5147 2607 5220 Ego
2653 5146 2914 5207 Dominus
2947 5151 3087 5205 Deus
3130 5158 3326 5219 vester,

174 5301 197 5333 ³
226 5300 455 5357 Malach.
496 5316 583 5370 ιιι,
625 5301 679 5356 6.
752 5302 775 5334 ⁸
797 5300 941 5357 Psal.
969 5318 1042 5367 ct,
1070 5301 1161 5357 28.

171 5417 284 5486 (47)
314 5413 521 5473 Εἶπον.
566 5416 868 5472 Numenius
912 5417 1062 5486 ipse?
1110 5432 1178 5472 an
1226 5418 1355 5471 alii?
1381 5416 1659 5474 Posterius

92 5489 203 5543 hoc
249 5488 450 5553 malui,
496 5489 641 5556 quod
691 5488 986 5549 addiderit,
1020 5503 1141 5556 quae.
1191 5488 1452 5553 audierat,
1481 5504 1544 5543 ea
1575 5503 1655 5554 se,

88 5570 358 5627 quantum
392 5558 705 5627 meminisse
732 5558 926 5627 potuit,
952 5558 1221 5627 retulisse.

166 5628 280 5696 (48)
308 5625 435 5695 Legi
469 5627 679 5697 mallem
707 5625 1006 5697 τὸνλόγον·
1035 5626 1321 5696 ipsammet
1353 5641 1512 5697 porro
1541 5627 1658 5682 Pla-

85 5698 239 5752 tonis
260 5698 561 5751 orationem
606 5696 876 5765 intelligit,
913 5705 972 5751 ut
1002 5710 1070 5752 ex
1096 5697 1447 5766 sequentibus
1479 5697 1656 5752 mani-

82 5774 223 5828 feste
252 5774 486 5822 constat.

404 5859 596 5918 PATB.
640 5857 982 5921 Gn.-XXI.

1798 5424 1944 5547 τέω)
1988 5426 2312 5494 Ἀόριστον.
2368 5420 2595 5489 Sensus,
2628 5422 2684 5476 ni
2727 5420 2904 5487 fallor,
2937 5420 3173 5492 postulat
3209 5421 3329 5494 ὀρι-

1860 5514 1907 5547 ν.

1766 5511 1907 5548 στον,

1834 5565 1943 5636 (50)
1975 5564 2083 5636 Kal
2112 5563 2194 5631 ὥς
2220 5578 2371 5633 φησι
2394 5563 2579 5636 Πλάτ.
2607 5561 2786 5616 Malim
2821 5560 3322 5636 sgnumst”,

1762 5629 1855 5707 ttat);
1887 5629 2188 5707 γινόμενον,
2222 5629 2359 5689 ἠέιῐι
2391 5634 2524 5692 illud
2561 5648 2799 5705 quoque,
2829 5629 2956 5707 δόξῃ
2982 5629 3139 5705 ’μόνῃ
3166 5629 3320 5698 δοξα-

1762 5704 1905 5760 στόν
1934 5704 2172 5761 Platonis
2200 5713 2336 5761 erat.

3082 5854 3164 5919 28
