3826 6232
469 270 574 326 875

1094 266 1365 326 EUSEBII
1401 266 1879 324 CZESARJENSIS
1915 267 2066 323 ΟΡΡ.
2113 268 2292 360 PAltb
2332 268 2396 320 ll.
2430 296 2499 308 —
2537 269 3044 328 APOLOGETICA.

3591 279 3694 337 876

465 395 520 442 et
544 402 651 442 non
673 394 872 451 mutor,
906 404 926 438 ι
955 395 1068 440 tum
1091 387 1254 441 etiam
1281 386 1521 452 alterius,
1541 386 1817 456 quiDeum
1842 386 2018 455 ipsum
2057 390 2132 436 tta
2161 385 2543 453 compellabat,
2584 406 2602 438 ι
2643 386 2721 441 'l'u
2780 401 2963 446 autem
3020 391 3163 448 idem
3208 393 3326 464 ipse
3366 410 3452 460 es,
3487 415 3510 449 ι
3540 413 3671 453 men

464 493 573 538 tem
605 491 766 551 atque
800 483 1118 539 sententiam
1148 479 1473 537 Plutarchus
1529 483 1584 538 in
1623 498 1724 537 suo
1747 484 1822 539 De
1852 480 2060 555 syllaba
2087 477 2146 537 εἷ
2169 477 2273 551 (es)
2311 497 2433 552 qua:
2460 482 2719 552 Delphico
2770 486 2977 554 templo
3004 487 3266 559 inscripta
3316 498 3422 553 est,
3458 505 3694 560 opuscu-

463 573 537 642 lo,
565 575 907 645 interpretari
937 575 1070 629 velle
1095 575 1360 639 videatur,
1394 575 1482 631 his
1517 576 1723 631 verbis.

1056 664 1287 720 CAPUT
1328 663 1417 719 XI.

2643 641 3038 694 ΚΕΦΑΛΑΙΟΝ
3062 643 3164 700 IA'.

465 755 552 812 Ea:
572 756 849 813 Plutarchi
870 757 1137 826 opusculo,
1165 758 1229 810 de
1253 757 1461 826 syllaba
1484 753 1533 812 εἶ
1554 756 1802 827 Delphico
1829 756 1998 826 templi

2122 736 2510 805 πλουτάσοκου
2542 730 2804 827 “alio?
2852 731 3670 827 έίτιῖετξαιιιιέῖοιτσυττράμ

1105 828 1382 896 inscripta.

535 935 558 971 ι
600 916 862 988 Equidem
886 934 1057 987 neque
1089 934 1402 982 numerum,
1427 933 1601 988 neque
1629 920 2021 983 ordinem,.ne—

461 1025 568 1079 que
592 1009 890 1075 vinculum,
917 1026 1090 1079 neque
1112 1010 1256 1064 aliud
1281 1011 1557 1080 quodlibet
1581 1010 1874 1065 dimidiata:
1898 1025 2021 1079 par-

459 1100 640 1158 ticulaa
689 1116 861 1171 genus
906 1116 970 1155 ea
1032 1101 1239 1171 syllaba
1287 1101 1582 1171 signiﬁcari
1613 1101 1886 1156 existimo.
1922 1098 2020 1154 Est

458 1191 682 1248 omnino
708 1191 799 1246 Dei
831 1190 1127 1262 perfectum
1152 1207 1217 1246 ex
1249 1208 1368 1248 sese
1391 1192 1771 1261 integrumque
1797 1206 2015 1257 nomen,

458 1279 603 1348 quod
634 1280 706 1344 ei,
737 1294 768 1333 a
792 1294 900 1347 quo
922 1282 1325 1348 pronuntiatur,
1360 1296 1467 1334 una
1514 1296 1637 1334 cum
1676 1296 1810 1334 voce
1839 1281 2015 1349 ipsum

458 1366 716 1421 continuo
746 1368 1028 1436 potestatis
1056 1369 1253 1425 divinae
1294 1386 1516 1425 sensum
1549 1380 1603 1425 et
1633 1372 2015 1441 cogitationem

454 1456 683 1526 injiciat.
711 1455 845 1512 Nam
869 1474 993 1513 cum
1031 1474 1472 1529 unumquemque
1498 1468 1769 1524 nostrum,
1812 1461 1904 1529 qui
1951 1475 2016 1515 eo

455 1549 788 1614 accedimus,
816 1550 919 1605 hac
959 1552 1121 1607 veluti
1156 1550 1298 1606 Deus
1346 1551 1671 1605 salutatione
1698 1551 2007 1621 compellat,

451 1636 628 1694 Numae
661 1649 712 1693 te
745 1640 943 1710 ipsum,
975 1643 1120 1711 quod
1159 1642 1375 1712 quidem
1411 1643 1582 1697 nihilo
1616 1644 1799 1699 minus
1829 1653 2011 1710 sonat,

452 1745 615 1799 quam
642 1729 797 1786 Salve
842 1748 860 1786 :
910 1741 1023 1787 tum
1056 1749 1184 1789 vero
1229 1749 1348 1799 nos,
1404 1734 1736 1788 resalutandi
1771 1734 2013 1789 numinis

453 1823 645 1892 gratia,
672 1824 1063 1894 respondemus
1095 1821 1147 1877 εί
1176 1826 1298 1896 (es),
1335 1825 1491 1894 quasi
1537 1841 1719 1879 veram
1766 1841 1831 1880 ac
1883 1842 2011 1895 pro-

452 1919 647 1986 priam,
704 1918 947 1986 adeoque
1002 1918 1172 1972 solam
1230 1918 1388 1986 eique
1441 1917 1542 1971 soli
1599 1919 2007 1972 convenientem

2397 799 2603 875 ξιὶατος,
2632 801 2770 867 Περὶ
2806 801 2913 853 τοῦ
2940 801 3010 853 ἐν
3045 799 3292 871 Δελφοῖς
3317 799 3407 857 Εἴ.

2195 945 2213 976 ι
2247 921 2384 977 υθτε
2408 914 2500 972 οὖν
2540 915 2648 987 (51)
2682 914 2932 985 ἀριθμὸν,
2964 912 3087 966 οὔτε
3121 913 3293 981 τάξιν,
3339 915 3465 970 οὔτε
3512 917 3682 972 σύνδε.

2121 1030 2276 1085 σμον,
2308 1009 2430 1064 οὔτε
2458 1006 2583 1061 ἄλλο
2610 1004 2716 1057 τῶν
2746 1000 2977 1055 ἐλλιπῶν
3008 1004 3212 1075 μορίων
3244 1003 3393 1058 οὐδὲν
3432 1000 3584 1076 οἶμαι
3632 1009 3694 1061 τὸ

2118 1104 2352 1176 γράμμα
2401 1097 2717 1169 σημαίνειν*
2757 1093 2868 1148 ἀλλ’
2898 1092 3043 1147 ἐστιν
3078 1094 3368 1166 αὐτοτελὴς
3409 1097 3505 1149 τοῦ
3554 1098 3693 1152 Θεοῦ

2118 1194 2544 1267 προσαγόρευσις
2590 1190 2682 1242 καὶ
2731 1187 3133 1258 προσφώνησις,
3189 1187 3306 1258 ἆμα
3357 1189 3435 1260 τῷ
3486 1192 3691 1263 ῥήματι

2117 1286 2207 1339 τὸν
2239 1282 2603 1354 φθεγγόμενον
2639 1281 2716 1342 είς
2746 1278 2954 1333 ἔννοιαν
2985 1277 3285 1333 καθιστᾶσα
3308 1280 3405 1350 τῆς
3433 1282 3527 1334 τοῦ
3552 1282 3693 1335 Θεοῦ

2116 1376 2411 1446 δυνάμεως.
2450 1374 2505 1426 Ὀ
2538 1371 2645 1442 γὰρ
2688 1369 2818 1432 Θεὸς
2853 1368 3080 1423 ἕκαστον
3107 1369 3262 1439 ἡμῶν
3306 1371 3414 1424 τῶν
3455 1372 3692 1426 ἐνταῦθα

2116 1456 2446 1540 προσιόντων
2492 1458 2601 1516 οἷον
2645 1461 3020 1531 ἀσπαζόμενος
3068 1461 3465 1532 προσαγορεύει
3524 1462 3586 1516 τὸ
3633 1474 3689 1531 ι,

2114 1557 2307 1612 Γνῶθι
2325 1555 2573 1617 σαυτόν,
2624 1553 2651 1606 ὃ
2699 1551 2790 1605 τοῦ
2833 1551 3008 1618 Χαῖρε
3030 1549 3094 1621 δὴ
3122 1551 3271 1604 οὐδὲν
3317 1554 3465 1623 μεῖόν
3515 1556 3685 1609 ἐστιν.

2125 1650 2314 1718 Ἡμεῖς
2363 1647 2419 1700 δὲ
2454 1644 2634 1709 πάλιν,
2669 1643 3016 1713 ἀμειϐόμενοι
3056 1643 3147 1695 τὸν
3183 1643 3335 1706 Θεὸν,
3383 1641 3447 1696 Εἴ
3479 1660 3686 1715 φαμεν.

2112 1738 2185 1802 ὡς
2214 1737 2389 1809 ἀληθῆ
2419 1738 2508 1789 καὶ
2530 1735 2754 1804 ἀψευδῆ,
2782 1735 2875 1787 κα)¹
2906 1733 3072 1805 μόνην
3105 1734 3248 1804 μόνῳ
3278 1736 3686 1806 προσήκουσαν,

2113 1828 2207 1900 τὴν
2250 1828 2344 1883 τοῦ
2388 1823 2453 1880 Εἴ
2502 1824 2935 1897 προσαγόρευσιν
2986 1824 3345 1889 ἀποδιδόντες.
3382 1825 3544 1896 Ἡμῖν
3576 1827 3690 1900 γὰρ

2112 1917 2278 1980 ὅντως
2312 1914 2403 1969 τοῦ
2436 1910 2575 1967 εἶναι
2613 1913 2863 1984 μέτεστιν
2909 1913 3091 1965 οὐδέν’
3127 1912 3264 1966 ἀλλά
3314 1913 3482 1984 θνητὴ
3532 1916 3690 1969 πᾶσι

454 2009 596 2063 hanc
636 2024 666 2062 a
709 2008 868 2063 nobis
925 2008 1338 2078 appellationem
1371 2009 1535 2062 tribui
1572 2009 1855 2063 fateamur.
1898 2007 1998 2064 Nos

2112 2008 2270 2077 φύσις
2301 2008 2357 2059 ὲν
2392 2006 2539 2077 μέσῳ
2583 2005 2789 2075 φθορᾶς
2820 2004 2915 2057 καὶ
2961 2004 3226 2074 γενέσεως
3264 2006 3553 2077 γενομένη,
3582 2008 3690 2077 φά-

450 2100 594 2152 enim
622 2098 784 2169 528
802 2114 928 2154 vere
949 2100 1098 2153 nullo
1126 2104 1282 2153 modo
1307 2116 1495 2153 sumus
1525 2118 1539 2153 :
1572 2100 1664 2154 sed
1693 2100 1870 2154 omnis
1892 2115 2009 2153 om-

446 2189 580 2243 nino
600 2199 792 2243 natura
818 2191 1082 2256 mortalis,
1116 2190 1168 2243 in
1195 2192 1432 2259 quodam
1458 2192 1712 2244 interitus
1743 2200 2007 2259 ortusque

449 2281 627 2336 medio
668 2282 981 2348 constituta,
1013 2282 1260 2336 umbram
1309 2283 1395 2337 sui
1445 2282 1710 2336 duntaxat
1742 2281 2002 2351 aliquam,

448 2373 751 2441 cxilemque
792 2387 855 2427 ac
882 2371 1142 2428 lubricam
1191 2373 1502 2443 opinionem
1537 2371 1808 2438 ostendit;
1839 2388 2002 2443 quam

448 2464 492 2516 si
526 2462 869 2517 incumbente
896 2462 949 2517 in
979 2478 1099 2517 eam
1131 2479 1315 2517 animo
1341 2463 1798 2533 comprehendere
1828 2464 2007 2519 volue-

444 2552 544 2617 ris,
568 2559 682 2606 tum
711 2568 857 2621 vero,
890 2555 1344 2623 quemadmodum
1381 2569 1579 2624 aquam
1625 2554 1670 2609 si
1710 2569 1875 2608 manu
1922 2568 2006 2608 ve-

443 2638 752 2695 hementius
781 2641 1013 2696 retinere
1061 2642 1297 2704 coneris,
1341 2642 1469 2697 dum
1524 2642 1746 2711 premis,
1780 2642 1908 2696 dum
1947 2642 2002 2695 in

442 2747 613 2787 unum
645 2733 815 2802 cogis,
837 2733 1004 2788 ellluit
1028 2733 1117 2787 illa
1138 2735 1463 2803 penitusque
1490 2734 1773 2788 dilabitur.
1807 2731 1899 2787 Sic
1923 2749 2005 2788 ra-

441 2823 538 2884 tio,
573 2822 702 2879 dum
734 2840 944 2890 eorum,
976 2840 1097 2894 qum
1124 2825 1306 2880 varios
1336 2825 1565 2879 subinde
1595 2841 1756 2879 casus
1784 2840 1848 2880 ac
1882 2839 2002 2878 mu-

443 2915 674 2970 tationes
709 2916 961 2980 subeunt,
985 2916 1247 2971 illustrem
1278 2917 1449 2979 illam,
1478 2932 1600 2986 quae
1635 2917 1737 2972 sibi
1770 2917 2000 2986 objicia-

439 3015 550 3071 tur,
593 3008 825 3077 speciem
874 3008 1098 3077 propius
1137 3007 1460 3077 insequitur,
1493 3007 1709 3062 aberrat
1753 3023 1818 3061 ac
1860 3008 2000 3062 ludi-

438 3107 549 3161 tur,
574 3097 742 3167 quod,
780 3097 975 3168 partim
1011 3097 1064 3150 in
1102 3097 1153 3149 id
1181 3097 1321 3165 quod
1354 3097 1552 3161 oritur,
1603 3097 1801 3165 partim
1837 3097 1890 3149 in
1920 3096 1999 3159 id,

437 3189 584 3258 quod
629 3188 833 3251 interit,
894 3193 974 3243 sic
1024 3188 1283 3251 incurrat,
1320 3188 1454 3241 nihil
1487 3195 1543 3241 ut
1585 3187 1729 3256 quod
1762 3197 1997 3254 maneat,

436 3278 693 3350 quodque
723 3295 849 3334 vere
877 3279 970 3345 sit,
1002 3279 1460 3349 comprehendere
1515 3279 1741 3333 omnino
1798 3280 1991 3349 possit.

435 3370 571 3427 Nam
603 3380 664 3424 ut
705 3372 955 3426 eumdem
1001 3369 1247 3433 fluvium,
1283 3370 1429 3439 quod
1480 3368 1785 3425 Heraclitus
1816 3371 1996 3429 dicere

438 3463 668 3529 solebat,
697 3464 784 3518 bis
820 3478 977 3518 nemo
1007 3463 1192 3517 subire
1218 3470 1395 3533 potest
1425 3480 1438 3516 :
1472 3462 1545 3516 ita
1590 3463 1874 3517 mortalem
1906 3479 1999 3518 na-

436 3564 614 3611 turam
647 3555 841 3611 eodem
870 3556 922 3609 in
948 3565 1089 3610 statu
1121 3554 1413 3609 haerentem
1449 3569 1609 3609 nemo
1640 3554 1723 3610 bis
1744 3554 1993 3625 attingat,

435 3645 529 3702 sed
555 3646 838 3715 repentino
867 3642 1185 3698 mutationis
1234 3642 1438 3714 impetu
1470 3642 1771 3712 dissipatur
1825 3643 1993 3709 illico,

431 3752 762 3807 rursumque
786 3736 1093 3808 colligitur;
1140 3735 1224 3790 vel
1258 3736 1456 3806 potius,
1512 3749 1580 3790 ne
1622 3750 1842 3789 rursum
1873 3735 1996 3805 qui-

430 3829 555 3883 dem
585 3837 679 3882 aut
706 3836 914 3898 postea,
939 3816 1033 3882 sed
1064 3826 1276 3882 exsistit
1306 3826 1469 3881 simul
1499 3841 1563 3880 ac
1593 3825 1813 3889 desinit,
1838 3839 1995 3880 acce-

432 3920 512 3974 dit
546 3919 708 3974 simul
730 3918 1002 3987 simulque
1027 3916 1276 3971 discedit.
1306 3912 1381 3968 lta
1414 3930 1536 3985 quae
1565 3930 1693 3984 pars
1723 3915 1868 3968 illius
1896 3928 1993 3967 na-

433 4011 623 4074 scitur,
644 4023 705 4063 ea
729 4023 1027 4078 nunquam,
1052 4016 1110 4061 ut
1127 4005 1360 4076 perfecte
1380 4004 1470 4073 sit,
1492 4006 1821 4076 assequitur,
1847 4005 1992 4075 quod

430 4110 585 4155 ortus
613 4100 702 4154 ille
742 4114 918 4168 neque
949 4114 1183 4168 unquam
1235 4097 1467 4162 desinat,
1503 4112 1678 4165 neque
1727 4097 1993 4151 consistat

429 4206 683 4260 usquam,
720 4190 813 4245 sed
839 4190 952 4259 jam
986 4189 1110 4243 inde
1157 4188 1227 4241 ab
1267 4188 1495 4254 semine,
1543 4186 1712 4241 fetum
1769 4187 1992 4241 inchoa-

432 4292 571 4349 tum,
594 4296 719 4335 mox
760 4278 1044 4344 infantem,
1080 4292 1307 4347 puerum
1336 4278 1484 4339 inde,
1520 4279 1645 4331 inde
1670 4277 1990 4332 adolescen-

428 4380 560 4437 tem,
591 4379 705 4424 tum
740 4369 1016 4439 juvenem,
1046 4383 1253 4427 senem.
1287 4366 1551 4434 vetulum,
1579 4367 1837 4421 continua
1870 4382 1990 4421 mu-

430 4465 634 4516 tatione
660 4460 836 4530 fingit,
866 4476 930 4514 ac
955 4461 1167 4529 priores
1190 4467 1344 4514 ortus
1371 4467 1664 4528 aetatesque
1691 4459 1837 4514 delet
1860 4474 1988 4514 sue-

428 4552 677 4608 ccssione
708 4563 992 4605 novarum.
1039 4549 1107 4603 At
1153 4564 1252 4603 nos
1286 4549 1512 4603 ridicule
1549 4563 1681 4603 sane
1730 4547 1982 4614 facimus,

2111 2116 2224 2170 σμα
2258 2097 2485 2169 παρέχει
2514 2096 2607 2149 καὶ
2638 2096 2855 2167 δόκησιν
2887 2096 3131 2167 ἀμυδρὰν
3178 2096 3273 2150 κα)⁵
3313 2096 3563 2169 ἀϐέϐαιον
3588 2100 3689 2151 αὖ·

2107 2192 2223 2262 τῆς.
2259 2191 2355 2243 Ἂν
2378 2190 2435 2242 δὲ
2457 2188 2555 2260 τὴν
2584 2188 2820 2243 διάνοιαν
2844 2188 3111 2261 ἀπερείσῃ
3135 2205 3238 2251 τις,
3264 2186 3525 2242 λαϐέσθαι
3562 2188 3690 2260 βου-

2105 2283 2346 2353 λόμενος,
2378 2281 2565 2352 ὥσπερ
2593 2282 2624 2353 ή
2655 2280 2855 2352 σφόδρα
2878 2279 3189 2352 περίδραξις
3218 2278 3428 2343 ὓδατος,
3450 2279 3530 2352 τῷ
3558 2281 3688 2336 πιέ-

2106 2374 2217 2438 ζειν
2250 2374 2341 2425 καὶ
2366 2375 2445 2436 είς
2475 2372 2639 2425 ταυτὸ
2661 2370 2931 2440 συνάγειν,
2955 2370 3202 2441 διαρρέον
3224 2369 3485 2424 ἀπόλλυσι
3505 2370 3565 2423 τὸ
3587 2387 3688 2424 πεη

2106 2463 2566 2535 ριλαμϐανόμενον
2585 2480 2599 2493 ·
2628 2461 2770 2516 οὕτω
2799 2461 2906 2516 τῶν
2922 2461 3179 2532 παθητῶν
3200 2462 3296 2515 καὶ
3327 2461 3687 2533 μεταϐλητῶν

2105 2554 2217 2626 (52)
2249 2555 2478 2608 ἑκάστου
2508 2554 2604 2625 τὴν
2630 2553 2767 2623 ἀγαν
2794 2553 3070 2625 ἐνέργειαν
3096 2553 3261 2625 (55).6
3286 2552 3440 2621 λόγος
3468 2550 3685 2607 διώκων

2106 2646 2527 2723 ἀποσφάλλεται,
2560 2647 2624 2717 τῇ
2660 2646 2757 2718 μὲν
2788 2647 2867 2708 εἰς
2898 2644 2957 2697 τὸ
2989 2644 3269 2715 γινόμενον
3301 2643 3490 2706 αὐτοῦ,
3519 2646 3585 2715 τῇ
3622 2645 3683 2699 δὲ

2103 2739 2183 2801 είς
2221 2737 2282 2790 τὸ
2313 2737 2683 2810 φθειρόμενον,
2735 2736 2945 2799 οὐδενὸς
2974 2735 3231 2791 λαϐέσθαι
3262 2735 3534 2807 μένοντος,
3558 2736 3683 2791 οὐδὲ

2102 2826 2251 2890 ὄντος
2289 2826 2476 2890 ὅντως,
2496 2827 2817 2897 δυνάμενος.
2854 2826 3090 2897 Ποταμῷ
3115 2826 3223 2897 γὰρ
3254 2829 3354 2881 οὐκ
3399 2828 3547 2883 ἔστιν
3580 2832 3681 2901 ἐμ-

2102 2917 2261 2989 ϐῆναι
2305 2918 2386 2983 δὶς
2415 2918 2491 2990 τῷ
2535 2918 2682 2989 αὑτῷ
2728 2918 2848 2972 καθ’
2886 2917 3255 2989 Ἡράκλειτον,
3307 2920 3428 2973 οὐδὲ
3479 2920 3679 2990 θνητῆς

2100 3010 2283 3073 οὐσίας
2307 3010 2389 3073 δὶς
2416 3009 2654 3079 ἅψασθαι
2680 3009 2821 3063 κατά
2854 3008 2989 3077 ἕξιν,
3021 3009 3135 3061 ἀλλ’
3167 3008 3387 3081 ὀξύτητι
3436 3012 3530 3064 καὶ
3586 3013 3677 3065 τά-

2100 3118 2185 3172 χει
2215 3102 2515 3171 μεταϐολῆς
2543 3101 2786 3171 σκίδνησι
2822 3101 2917 3154 καὶ
2944 3100 3104 3156 πάλιν
3134 3102 3358 3170 συνάγει
3550 3104 3677 3174 μᾶλ-

2100 3189 2186 3243 λον
2207 3192 2263 3243 δὲ
2285 3189 2405 3244 οὐδὲ
2432 3191 2619 3255 πάλιν,
2650 3190 2772 3244 οὐδὲ
2797 3189 3041 3263 ὕστερον,
3070 3191 3185 3245 ἀλλ’
3219 3191 3333 3262 ἅμα
3362 3194 3673 3249 συνίσταται

2099 3284 2190 3335 καὶ
2215 3282 2518 3349 ἀπολείπει,
2553 3282 2646 3335 καὶ
2679 3281 2925 3354 πρόσεισι
2959 3284 3054 3337 καὶ
3084 3284 3321 3338 ἄπεισιν,
3363 3286 3524 3338 Ὅθεν
3551 3286 3675 3341 οὐδὲ

2097 3372 2177 3433 είς
2204 3372 2264 3424 τὸ
2305 3366 2441 3425 εἶναι
2480 3371 2724 3442 περαίνει
2758 3369 2819 3423 τὸ
2858 3371 3142 3442 γινόμενον
3167 3373 3357 3443 αὐτῆς,
3382 3374 3462 3444 τῷ
3509 3375 3672 3445 μηδὲ·

2097 3477 2226 3515 ποτε
2271 3461 2456 3533 λήγειν
2507 3462 2629 3533 μηδ’
2682 3462 2929 3517 ἵστασθαι
2968 3464 3067 3535 τὴν
3108 3465 3354 3532 γένεσινο
3402 3466 3517 3519 ἀλλ’
3565 3466 3672 3520 ἀπὸ

2097 3551 2411 3621 σπέρματος
2429 3552 2513 3604 ἀεὶ
2543 3550 3000 3622 μεταϐάλλουσαν,
3024 3550 3258 3621 ἔμϐρυον
3280 3554 3528 3622 ἐμποιεῖν
3552 3548 3670 3607 εἶτα

2099 3642 2284 3703 παῖδα,
2323 3642 2600 3712 μειράκιον
2630 3641 2845 3711 ἐφεξῆς,
2878 3640 3179 3707 νεανίσκον,
3206 3643 3398 3712 ἄνδρα,
3430 3646 3671 3715 πρεσϐὐο

2093 3752 2212 3806 την,
2254 3736 2501 3806 γέροντα,
2540 3735 2636 3798 τὰς
2675 3734 2893 3806 πρώτας
2934 3735 3262 3805 φθείρουσαν
3302 3737 3551 3804 γενέσεις
3576 3742 3670 3794 καὶ

2094 3826 2305 3900 ἡλικίας
2331 3824 2450 3890 ταῖς
2486 3828 2910 3897 ὲπιγινομέναις.
2958 3826 3096 3880 Ἀλλ’
3126 3828 3291 3898 ἡμεῖς
3329 3827 3427 3881 ἕνα
3472 3829 3667 3898 φοϐού-

2097 3915 2235 3987 μεθα
2269 3916 2492 3984 γελοίως
2544 3915 2789 3982 θάνατον,
2836 3915 3063 3979 πολλοὺς
3100 3915 3534 3987 ἀποτεθνηκότες
3564 3919 3665 3991 ἥδη

2093 4007 2430 4078 θνήσκοντες.
2480 4006 2554 4059 Οὐ
2599 4007 2706 4078 γὰρ
2758 4006 2934 4077 μόνον,
2980 4006 3052 4070 ὡς
3095 4007 3450 4076 Ἡράκλειτος
3491 4010 3663 4079 ἔλεγε,

2093 4100 2260 4166 πυρὸς
2287 4097 2533 4163 θάνατος,
2575 4098 2696 4169 ἀέρι
2728 4097 2939 4166 γένεσις
2969 4097 3102 4167 (55),
3141 4097 3255 4150 ἀλλ’
3283 4097 3399 4151 ἐστι
3429 4099 3541 4170 (56)
3574 4117 3665 4153 σα-

2091 4189 2346 4259 φέστερον
2378 4189 2463 4241 ἐπ’
2494 4186 2672 4240 αὐτῶν
2696 4186 2874 4258 ήμῶν.
2903 4186 3188 4257 Φθείρεται
3218 4188 3315 4256 μὲν
3345 4190 3373 4240 6
3400 4191 3659 4260 ἀκμάζων

2089 4281 2375 4351 γενομένου
2408 4278 2677 4351 γέροντος,
2709 4278 2916 4350 ἐφθάρη
2944 4278 3002 4330 δὲ
3032 4280 3061 4331 6
3092 4280 3212 4342 νέος
3236 4281 3319 4342 είς
3350 4281 3442 4335 τὸν
3494 4283 3668 4353 ἀκμά-

2089 4371 2269 4435 ζοντα,
2303 4370 2392 4423 καὶ
2425 4371 2453 4422 ὁ
2486 4373 2614 4433 παῖς
2645 4369 2847 4432 είς-τὸν
2877 4369 3019 4433 νέον,
3060 4372 3140 4432 είς
3176 4370 3233 4423 δὲ
3283 4370 3375 4425 τὸν
3408 4373 3577 4426 παῖδα
3604 4373 3669 4427 τὸ

2086 4465 2295 4533 νήπιον,
2324 4464 2352 4515 6
2374 4460 2431 4514 δὲ
2465 4460 2590 4531 χθὲς
2618 4462 2697 4523 είς
2728 4460 2819 4514 τὸν
2853 4463 3092 4532 σήμερον
3118 4460 3399 4532 τέθνηκεν,
3426 4466 3456 4516 6
3480 4464 3537 4518 δὲ
3568 4466 3669 4537 σή-

2091 4571 2275 4625 μερον,
2311 4553 2388 4616 είς
2425 4552 2515 4605 τὸν
2543 4550 2753 4623 αὔριον.
2799 4551 2965 4605 Μένει
2990 4551 3049 4605 δὲ
3078 4552 3199 4605 οὐδὲ
3232 4548 3333 4619 εἷς,
3362 4555 3485 4608 οὒδέ
3516 4556 3670 4611 ἐστιν

427 4641 522 4712 qui
555 4649 783 4695 mortem
820 4654 982 4693 unam
1019 4639 1330 4706 timeamus,
1377 4639 1493 4709 jam
1550 4640 1748 4693 mortui
1794 4638 1980 4705 toties,

2103 4640 2185 4708 ιίς,
2212 4643 2345 4697 ἀλλά
2390 4641 2649 4714 γινόμεθα
2680 4642 2883 4707 πολλοὶ,
2908 4644 3036 4714 περ).
3066 4643 3124 4696 ἓν
3148 4660 3199 4695 τι
3243 4645 3543 4716 φάντασμα
3573 4650 3670 4702 καὶ

426 4735 693 4799 totiesque
722 4731 1037 4787 morientes.
1070 4728 1179 4785 Nec
1232 4731 1375 4785 enim
1420 4731 1603 4794 modo,
1635 4730 1782 4801 quod
1816 4728 1983 4785 Hera-

495 4837 522 4865 ι
558 4821 714 4875 Forte
745 4820 843 4893 τῷ.

496 4913 617 5038 (ὅίὲ
639 4913 784 4967 Οὔτε
818 4907 950 4976 οὖν,
977 4920 1081 4967 etc.
1115 4912 1216 4967 Adi
1248 4910 1595 4968 Plutarchum
1640 4912 1696 4966 in
1729 4910 1978 4965 Moralib.

496 5001 546 5038 ε.
619 4984 707 5038 9|.
735 4983 837 5036 sub
866 4984 1047 5037 linem.

424 4983 677 5058 pag._39l
694 5025 707 5048 ,
735 4983 1047 5058 subﬁnem.

495 5048 604 5125 (52)
633 5048 916 5121 Παθητῶν
951 5052 1059 5125 καί
1082 5050 1485 5125 μεταϐλητῶν.
1518 5050 1734 5125 [tectius
1754 5093 1768 5117 ,
1810 5058 1870 5105 ut
1897 5051 1983 5103 vi-

422 5120 595 5187 detur,
628 5138 795 5194 quam
831 5124 973 5192 apud
1005 5120 1278 5178 Plutarch.
1313 5122 1419 5174 τῶν
1457 5121 1790 5193 παθημάτων
1820 5137 1984 5191 μετα-

420 5196 990 5335 δαῖἕῖῖνοᾘνέργειαν.
1023 5261 1373 5335 Plutarchum
1408 5269 1624 5316 secutus
1661 5277 1804 5326 sum,
1836 5259 1980 5329 apud

420 5332 579 5404 quem
608 5332 808 5404 editum
842 5344 922 5386 est
950 5333 1255 5404 ἐνάργειαν.

492 5403 599 5473 (54)
625 5401 931 5473 Σκίδνησι,
965 5398 1064 5473 καῖ
1092 5398 1275 5473 πάλιν
1307 5398 1573 5473 συνάγει.
1600 5400 1811 5455 Clarius
1842 5400 1982 5471 lege-

420 5482 567 5527 retur
582 5471 587 5473 “
602 5472 895 5534 σκίδναται,
930 5472 1023 5523 καὶ
1046 5471 1207 5525 πάλιν
1231 5472 1537 5538 συνάγεται.

491 5540 601 5612 (55)
644 5541 795 5608 Ἀέρι
826 5540 1081 5609 γένεσις.
1125 5540 1386 5612 Librariis
1420 5539 1743 5612 Eusebianis
1769 5540 1984 5612 excide-

421 5608 549 5664 runt
577 5625 697 5680 qua:
730 5608 1057 5677 sequuntur,
1086 5612 1180 5665 καὶ
1221 5611 1380 5682 ἀέρος
1421 5608 1664 5678 θάνατος,
1694 5610 1843 5664 ὕδατι
1888 5610 1981 5680 γέ-

420 5695 584 5743 νεσις.

2088 4737 2263 4791 κοινὸν
2286 4737 2576 4807 ἐκμαγεῖον
2599 4734 2709 4806 (57)
2740 4734 2872 4804 ὕλης
2899 4734 3412 4806 περιελαυνομένης,
3439 4739 3537 4793 καὶ
3565 4741 3670 4794 όλι.

2159 4910 2486 4983 (56)__’_A.1.1:
2506 4911 2659 4983 ἐστι,
2688 4917 2792 4964 etc.
2831 4907 3254 4983 Plutarcb._d11’
3280 4909 3363 4983 ἐτι
3399 4929 3535 4983 σαφ.
3578 4916 3669 4968 ἐπ’

2088 4979 2267 5055 αυτῴν
2295 4979 2423 5055 ἰξδοις
2591 4979 2728 5055 Lege
2764 4994 2915 5050 ergo,
2949 4980 3063 5032 ἀλλ’
3092 4979 3174 5034 ἔτι
3205 4979 3547 5055 σαφέστερον
3576 4985 3669 5040 ἐπ’

2089 5050 2264 5103 αὐτῶν
2290 5049 2443 5120 ήμῶν
2473 5050 2598 5120 ἴδοις
2626 5050 2709 5102 ἄν.

2161 5119 2271 5189 (57)
2304 5117 2520 5172 Κοινὸν
2564 5117 2896 5188 ἐκμαγεῖον.
2942 5119 3184 5189 Corpus,
3235 5128 3331 5175 aut
3378 5120 3669 5180 hominem

2090 5188 2483 5270 ipsum,_certa
2519 5188 2975 5270 quadamspecie
3019 5188 3300 5270 figuraque
3335 5195 3667 5270 praeditum,

2088 5259 2263 5311 κοινὸν
2310 5259 2600 5328 ἐκμαγεῖον
2634 5266 2789 5311 vocat
2825 5274 2839 5309 :
2873 5261 3097 5313 materia
3143 5259 3286 5313 enim
3335 5259 3467 5315 licet
3518 5264 3667 5318 assi-

2086 5330 2223 5382 duas
2266 5343 2374 5380 uno
2428 5330 2481 5381 in
2535 5343 2760 5401 corpore
2809 5330 3407 5401 mutationeseﬂiciat,
3463 5347 3668 5401 corpus

2084 5408 2262 5470 tamen
2291 5412 2482 5470 unum,
2516 5397 2671 5470 quasi
2702 5412 2989 5470 commune
3030 5399 3301 5467 quoddam
3352 5397 3663 5470 exemplar.

2083 5468 2225 5538 quod
2260 5467 2561 5538 adulterare
2608 5468 2680 5521 sit
2724 5465 2899 5531 nefas,
2932 5465 3190 5522 intuetur.
3240 5469 3315 5522 De
3362 5470 3472 5524 alia
3508 5465 3667 5527 vocis

2083 5536 2246 5606 hujus
2277 5536 2608 5606 acceptione,
2660 5551 2766 5605 qua
2815 5551 2912 5605 pro
2958 5541 3347 5606 conceptaculo
3388 5546 3659 5605 sumitur,

2081 5604 2303 5661 consule
2329 5604 2606 5659 Petavium
2643 5604 2889 5660 nostrum
2931 5606 2987 5660 in
3018 5604 3143 5661 Not.
3192 5610 3259 5662 ad
3285 5611 3603 5664 orationem
3628 5604 3657 5664 ί

2081 5676 2365 5731 Themistii
2389 5690 2513 5747 pag.
2547 5674 2672 5731 517.
2703 5673 2838 5732 Vide
2864 5677 3028 5733 etiam
3064 5675 3205 5734 infra
3234 5692 3358 5750 pag.
3390 5677 3526 5747 845,
3559 5678 3657 5736 ubi
