3826 6232
181 403 288 459 877

1376 406 1695 464 ΡΒΕΡΑΒ.
1738 408 1989 465 EVANG.
2032 409 2159 464 LIB.
2202 408 2292 464 XI.

3321 414 3426 468 878

179 521 519 594 σθαινούσης.
557 523 706 577 Ἐπεὶ
737 524 876 590 πῶς,
924 527 971 580 oi
1020 526 1172 581 αὐτοὶ
1229 527 1499 598 μένοντες,
1548 530 1711 603 ἐτέροι

1822 530 2016 594 ,ειίιιιε
2045 529 2281 595 dicebat,
2322 527 2466 599 ignis
2510 528 2785 594 interitus,
2843 530 2985 587 aeris
3034 541 3189 589 ortas
3217 544 3320 599 est,
3360 542 3417 590 et

176 616 438 686 χαίρομεν
465 614 580 681 νῦν,
611 616 820 688 ἑτέροις
855 618 1135 690 πρότερον,
1172 620 1431 674 τάναντία
1465 620 1746 692 φιλοῦμεν,

174 707 269 761 ια).
301 706 586 777 μισοῦμεν,
621 709 714 761 καὶ
744 709 1112 780 θαυμάζομεν,
1147 710 1239 765 καὶ
1272 712 1532 783 ψέγομεν,
1563 712 1746 780 ἄλλοις

169 797 433 870 χρώμεθα
460 799 659 868 λόγοις,
693 801 871 866 ἄλλοις
917 803 1163 868 πάθεσιν,
1191 805 1291 858 οὐκ
1328 803 1486 870 εἶδος,
1515 804 1577 859 οὐ
1607 822 1745 879 μορ-

168 893 299 961 φὴν,
335 889 398 945 οὐ
428 890 661 944 διάνοιαν
693 893 771 945 ἔτι
808 894 905 964 τὴν
950 894 1119 966 αὐτὴν
1162 893 1408 966 ἔχοντεςς
1452 895 1589 950 Οὔτε
1635 895 1746 969 γὰρ

164 982 298 1036 ἄνευ
337 983 637 1054 μεταϐολῆς
664 983 825 1055 ἔτερα
851 985 1080 1054 πάσχειν
1113 985 1282 1050 εἰκὸς,
1318 984 1441 1038 οὔτε
1477 986 1745 1057 μεταϐάλ-

161 1075 273 1129 λων
314 1077 342 1128 6
381 1075 540 1138 αὐτὺς
582 1075 646 1128 ἂν
692 1076 796 1146 εἴη.
829 1078 892 1130 Εἰ
929 1077 984 1129 δὲ
1022 1079 1051 1130 6
1092 1076 1253 1140 αὐτὸς
1286 1077 1385 1130 οὐκ
1420 1076 1587 1143 ἐστιν,
1633 1079 1741 1132 οὐδ’

159 1166 335 1228 ἐστιν,
362 1168 476 1220 ἀλλ’
505 1171 567 1221 ὲκ
589 1168 682 1220 τοῦ
713 1169 873 1220 αὑτὸν
932 1167 1306 1238 μεταϐάλλειν,
1333 1168 1612 1240 γινόμενος
1632 1170 1744 1224 ἐτε-

167 1276 263 1330 ρος
295 1259 351 1325 ἐξ
383 1259 564 1331 ἐτέρου
583 1276 596 1288 ο
623 1260 874 1329 ψεύδεται
901 1261 955 1314 δὲ
986 1262 1019 1330 ἡ
1052 1259 1304 1330 αἴσθησις
1328 1261 1517 1332 ἀγνοίᾳ
1544 1261 1637 1315 τοῦ
1660 1261 1742 1316 δν-

160 1367 276 1414 τος,
321 1347 459 1403 εἶναι
491 1352 551 1404 τὸ
581 1352 921 1422 φαινόμενον.
958 1353 1022 1404 Τί
1068 1348 1162 1405 οὖν
1195 1352 1361 1416 ὅντως
1394 1352 1452 1405 ὅν
1480 1354 1631 1418 tam;
1667 1353 1739 1407 Τὸ

159 1441 355 1499 ἀΐδιον,
380 1442 474 1493 καὶ
505 1443 783 1512 ἀγένητον,
822 1444 914 1495 καὶ
950 1443 1245 1514 ἄφθαρτον,
1270 1437 1313 1511 ᾧ
1342 1444 1532 1514 χρόνος
1557 1445 1735 1509 οὐδεὶς

162 1532 465 1603 μεταϐολὴν
499 1534 723 1601 ἐπάγειο
774 1534 989 1604 κινητὸν
1035 1536 1142 1606 γάρ
1192 1551 1265 1595 τι,
1311 1536 1405 1588 καὶ
1446 1536 1735 1608 κινουμένῃ

158 1625 679 1695 συμφανταζόμενον
727 1626 836 1694 (58)
885 1624 1005 1697 ὕλῃ,
1055 1629 1149 1679 καὶ
1203 1628 1325 1698 ρέον
1367 1629 1472 1694 ἀεὶ,
1519 1630 1613 1684 καὶ
1660 1629 1734 1700 μὴ

156 1714 375 1782 στέγον,
406 1715 592 1786 ὥσπερ
625 1717 841 1783 ἀγγεῖον
871 1715 1077 1787 φθορᾶς
1108 1717 1201 1770 καὶ
1230 1717 1519 1785 γενέσεως,
1556 1722 1585 1774 6
1616 1721 1737 1792 χρό-

153 1820 269 1867 νος.
320 1800 495 1870 Ἑξοῦ
528 1806 637 1876 (59)
670 1807 732 1876 δὴ
764 1805 825 1858 τὸ
859 1806 959 1877 μὲν
990 1806 1198 1872 ἔπειτα,
1232 1809 1326 1861 καὶ
1359 1810 1419 1863 τὸ
1447 1810 1730 1883 πρότερον,

1851 621 1996 677 aeris
2029 620 2316 686 interitus,
2355 634 2511 691 aqua:
2535 621 2778 677 vicissim
2821 630 2977 679 ortus
3009 645 3022 680 :
3056 640 3246 680 verum
3276 625 3329 679 id
3357 625 3414 680 in

1850 714 2010 768 nobis
2037 713 2200 768 etiam
2232 713 2364 782 ipsis
2396 712 2555 782 longe
2585 714 2854 771 illustrius
2897 716 3083 772 videre
3112 725 3198 772 est
3228 735 3244 773 :
3292 734 3414 774 suc-

1849 806 2071 862 cedente
2093 820 2224 860 sene
2257 806 2339 858 vir
2367 806 2750 876 exstinguitur,
2786 815 2844 861 ut
2889 806 2972 860 vir
3000 807 3221 877 juvene,
3249 808 3413 878 juve-

1850 899 1936 953 nis
1970 912 2160 967 pucro,
2191 913 2325 967 puer
2356 897 2560 952 infante
2576 898 2847 953 exstincto
2875 899 3117 955 succedit
3142 916 3156 953 :
3181 898 3295 954 imo
3327 901 3395 955 he

1849 998 2069 1045 sternus
2126 992 2180 1043 in
2233 990 2558 1045 hodiernum
2612 991 2839 1058 interiit,
2899 1000 2960 1046 ut
3000 992 3055 1047 in
3110 993 3412 1049 crastinum

1848 1081 2037 1137 interit
2074 1082 2391 1138 hodiernus.
2428 1082 2605 1138 Manet
2651 1092 2831 1138 autem
2860 1098 3041 1149 nemo,
3078 1099 3239 1140 nemo
3268 1100 3413 1142 unus

1847 1181 1956 1238 est,
1990 1174 2083 1229 sed
2118 1176 2343 1230 omnino
2371 1176 2529 1231 multi
2559 1174 2841 1243 eﬁicimur,
2890 1178 3019 1233 dum
3060 1178 3207 1235 circa
3238 1192 3411 1235 unum

1845 1264 2063 1335 aliquod
2100 1266 2453 1321 simulacrum
2478 1267 2861 1338 exemplarque
2886 1283 3175 1324 commune
3196 1270 3411 1325 voluta-

1844 1363 1934 1409 tur
1962 1357 2183 1412 assidue
2214 1358 2524 1427 labiturque
2557 1360 2803 1415 materia.
2832 1359 3125 1416 Enimvero
3155 1363 3203 1417 si
3242 1362 3407 1417 iidem

1842 1462 2153 1513 manemus,
2184 1448 2278 1517 qui
2305 1450 2519 1503 tandem
2547 1449 2653 1504 alia
2682 1450 2838 1506 nobis
2861 1451 3023 1506 modo
3052 1452 3285 1521 placent,
3310 1452 3406 1523 qui

1841 1538 1964 1595 aliis
2016 1549 2142 1594 ante
2181 1540 2554 1597 ducebantur?
2593 1541 2689 1610 qui
2742 1543 3017 1598 contraria
3044 1544 3129 1599 vel
3155 1560 3405 1601 amamus

1842 1638 1937 1685 aut
1965 1629 2202 1695 odimus,
2252 1631 2336 1684 vel
2387 1631 2745 1700 praedicamus
2794 1641 2890 1689 aut
2921 1632 3404 1704 damnamus?qui

1838 1708 2074 1792 denique
2107 1724 2265 1781 aliter
2294 1736 2457 1795 atque
2496 1723 2655 1780 aliter
2704 1723 2790 1780 vel
2838 1724 3136 1794 loquimur,
3188 1725 3273 1780 vel
3322 1724 3405 1780 af-

1838 1814 2073 1882 ﬁcimur,
2101 1831 2211 1872 non
2254 1819 2514 1888 speciem,
2566 1832 2676 1872 non
2720 1817 2955 1882 vultum,
3001 1833 3110 1873 non
3162 1822 3431 1874 mentem'

154 1897 255 1948 καὶ
282 1896 345 1948 τὸ
372 1896 519 1949 ἔσται
543 1896 850 1969 λεγόμενον,
883 1898 977 1951 καὶ
1004 1898 1070 1951 τὸ
1096 1899 1339 1966 γέγονεν,
1376 1900 1601 1954 αὐτόθεν
1643 1901 1711 1968 ἐξ·

1836 1909 2071 1978 amplius
2094 1911 2340 1966 eamdem
2369 1910 2700 1966 retinentes?
2726 1910 2937 1980 Quippe
2985 1924 3087 1965 nec
3133 1908 3252 1963 sine
3277 1923 3401 1963 mu-

154 1986 491 2057 ομολόγησίς
540 1989 654 2039 ἐστι
702 1984 796 2040 τοῦ
825 1988 899 2059 μὴ
928 1988 1096 2051 ὄντος.
1146 1989 1219 2041 Τὸ
1249 1988 1357 2059 γάρ
1388 1991 1446 2043 ὲν
1494 1989 1568 2059 τῷ
1597 1986 1734 2044 εἶναι

153 2078 388 2150 μηδέπω
423 2079 531 2150 (60)
565 2080 804 2149 γεγονὸς,
845 2081 879 2152 ἢ
920 2081 1268 2151 πεπαυμένον
1302 2082 1402 2151 ήδη
1446 2081 1539 2135 τοῦ
1573 2078 1731 2145 εἶναι,

149 2170 360 2239 λέγειν,
398 2171 473 2236 ὡς
518 2171 681 2237 ἔστιν,
728 2171 922 2244 εὔηθες
962 2173 1057 2225 καὶ
1088 2172 1305 2226 ἄτοπον.
1348 2173 1434 2227 Ἐν
1463 2167 1507 2241 ᾧ
1539 2174 1594 2226 δὲ
1628 2174 1732 2244 μά-

149 2262 317 2316 λιστα
345 2262 442 2334 τὴν
491 2262 673 2334 νόησιν
712 2263 1081 2333 ἐπερείδοντες
1142 2262 1236 2316 τοῦ
1283 2263 1497 2335 χρόνου,
1545 2264 1606 2317 τὸ
1643 2265 1733 2318 ὲν-

149 2350 376 2422 ἑστηκε,
427 2353 520 2406 καὶ
570 2353 632 2406 τὸ
681 2355 935 2425 πάρεστι,
980 2353 1072 2406 καὶ
1113 2353 1174 2406 τὸ
1224 2353 1318 2407 νῦν
1351 2354 1730 2426 φθεγγόμεθα,

146 2444 297 2495 τοῦτ’
336 2439 401 2497 αὖ
440 2444 598 2497 πάλιν
641 2444 965 2516 ἐκλυόμενος
990 2443 1099 2513 (61)
1141 2446 1169 2498 6
1207 2445 1364 2512 λόγος
1404 2446 1727 2501 ἀπόλλυσιν*

145 2534 458 2588 ἐκθλίϐεται
496 2537 601 2607 γὰρ
632 2536 744 2607 (62)
772 2539 852 2599 είς
884 2537 944 2589 τὸ
976 2536 1166 2607 μέλλον
1193 2537 1370 2589 καὶτὸ
1405 2538 1732 2609 παρῳχημέ-

144 2645 259 2690 νον,
294 2626 483 2699 ὥσπερ
514 2628 655 2699 αὐγὴ
687 2627 796 2698 (65)
840 2627 1181 2699 βουλομένοις
1217 2628 1365 2694 ἰδεῖν,
1397 2628 1456 2693 ἐξ
1482 2629 1728 2702 ἀνάγκης

143 2719 511 2789 διιστάμενον.
542 2720 605 2771 El
647 2718 702 2772 δὲ
739 2718 847 2790 (64)
889 2719 1061 2772 ταυτά
1089 2719 1166 2788 τῷ
1210 2719 1492 2790 μετροῦντι
1524 2721 1728 2780 πέπον-

140 2808 296 2882 θενή
331 2810 671 2882 μετρουμένη
706 2810 816 2883 (65)
850 2811 1030 2881 φύσις,
1067 2812 1187 2865 οὐδὲ
1228 2812 1363 2883 αὑτὴ
1394 2813 1553 2882 μόνον
1589 2814 1723 2889 (66),

140 2902 268 2956 οὐδὲ
319 2902 379 2955 ὃν
430 2907 560 2965 ἐστι,
610 2902 747 2956 ἀλλά
800 2903 1057 2974 γινομένη
1107 2902 1219 2973 (67)
1270 2903 1363 2955 καὶ
1396 2903 1722 2979 φθειρομένη

137 2995 288 3048 κατὰ
326 2994 425 3066 τὴν
464 2995 598 3067 πρὸς
640 2995 730 3048 τὸν
766 2996 952 3066 χρόνον
1002 2994 1344 3065 συννέμησιν.
1377 2996 1535 3063 Ὅθεν
1572 2998 1723 3053 οὐδὲν

136 3086 386 3140 τοιοῦτον
419 3085 527 3157 (68)
574 3090 715 3143 ἐστιν
758 3087 848 3139 ἐπὶ
881 3084 974 3139 τοῦ
1016 3086 1167 3149 ὄντος
1211 3086 1410 3155 λέγειν,
1456 3088 1531 3151 ὡς
1561 3084 1650 3160 ἦν,
1686 3089 1720 3160 ἢ

139 3180 330 3233 ἔσται·
376 3179 547 3232 ταῦτα
582 3180 690 3251 γὰρ
726 3179 999 3248 ἐγκλίσεις
1043 3178 1206 3244 τινὲς,
1243 3181 1337 3233 καὶ
1372 3180 1718 3251 μεταϐάσεις,

136 3272 236 3325 καὶ
263 3270 625 3341 παραλλάξεις
657 3271 749 3324 τοῦ
792 3271 971 3341 μένειν
997 3273 1054 3322 ὲν
1084 3270 1163 3341 τῷ
1198 3267 1337 3325 εἶναι
1369 3271 1443 3343 μὴ
1476 3274 1713 3342 πεφυκό-

132 3379 249 3427 τος.
299 3362 438 3416 Ἀλλ’
476 3362 621 3416 ἐστιν
647 3366 675 3417 6
709 3362 860 3426 Θεὸς,
891 3364 938 3415 εί
979 3362 1083 3434 χρὴ
1119 3362 1228 3435 (69)
1257 3365 1441 3432 φάναι,
1475 3367 1569 3418 καὶ
1599 3364 1713 3420 ἔστι

133 3457 260 3508 κατ’
290 3454 478 3507 οὐδένα
498 3455 706 3525 χρόνον,
749 3454 884 3508 ἀλλά
914 3454 1055 3508 κατὰ
1085 3455 1175 3508 τὸν
1207 3454 1377 3509 αἰῶνα
1404 3455 1494 3509 τὸν
1524 3455 1715 3529 ἀκίνη-

132 3562 225 3597 τον
278 3546 374 3599 καὶ
420 3548 664 3617 ἄχρονον,
708 3547 802 3601 καὶ
844 3547 1176 3618 ἀνέγκλητον
1216 3555 1264 3612 α’,
1297 3548 1391 3601 καὶ
1420 3541 1481 3600 οὗ
1521 3549 1713 3620 πρότε-

137 3655 230 3710 ρον
266 3637 378 3709 (70)
406 3638 556 3690 οὐδέν
586 3639 752 3702 ἐστιν,
778 3637 896 3691 οὐδὲ
925 3636 1168 3709 ὕστερον,
1196 3637 1318 3691 οὐδὲ
1349 3637 1560 3709 μέλλον,
1588 3639 1709 3695 οὐδὲ

202 3782 235 3814 ι
274 3769 438 3825 Forte
472 3770 803 3839 ἀνέγκλιτον.

130 3906 363 3960 materia
407 3921 543 3973 ipsa,
589 3922 767 3977 primo
793 3904 1058 3977 δεξαμένη
1078 3945 1092 3969 ,
1124 3917 1235 3959 tum
1284 3906 1577 3975 ἐκμαγεῖον
1604 3920 1705 3964 vo-

350 4046 462 4099 Kal
492 4046 814 4116 κινουμένῃ
847 4041 1242 4115 conportari,
1281 4052 1385 4099 etc.
1413 4041 1497 4116 ‘_Ita
1543 4058 1703 4116 repo-

129 4113 348 4205 suimus
378 4133 443 4205 εξ
465 4113 937 4205 Ριυωτέιιρ,ἐυω’
957 4130 1240 4205 perperam
1266 4124 1391 4169 ante
1412 4113 1699 4185 legeretur,

121 4195 154 4260 ἡ
195 4187 516 4256 κινουμένη,
547 4187 947 4268 φανταζόμενον
975 4184 1091 4255 ὅλη.
1476 4184 1483 4185 “
1686 4184 1689 4185 ⁷

129 4323 148 4325 _
197 4257 313 4325 (59)
357 4256 460 4320 Ἐξ
489 4254 582 4314 οὗ.
614 4256 802 4311 Μειιιιε
828 4258 1040 4310 abesset
1087 4267 1319 4323 praepes.
1350 4250 1428 4317 ἐξ,
1460 4261 1521 4308 ιιι
1557 4255 1700 4324 apud

122 4323 407 4381 Plutarch.
441 4328 790 4396 expungitur.

196 4396 311 4465 (60')
344 4390 727 4460 Μηδέὲτωῖιιι
777 4397 939 4450 etiam
985 4409 1109 4449 cum
1161 4390 1693 4465 Plutarchomalui,

121 4462 299 4534 quam
327 4466 614 4537 μηδέποτε,
648 4467 789 4535 quod
822 4466 1015 4520 melius
1044 4478 1169 4519 cum
1192 4462 1315 4533 ἤδη,
1343 4462 1487 4532 quod
1517 4465 1696 4534 sequi-

120 4544 233 4598 tur,
265 4539 530 4591 committi
562 4538 849 4590 videretur.

1834 2002 2059 2067 tatione,
2115 2010 2263 2056 tanta
2314 2017 2500 2057 rerum
2551 2002 2608 2056 in
2659 2014 2935 2071 quoquam
2988 1999 3244 2064 varietas,
3298 2011 3401 2054 nec

1833 2087 1903 2153 is,
1934 2090 2039 2161 qui‘
2068 2100 2325 2151 mutatur.
2367 2092 2512 2148 idem
2561 2106 2685 2147 esse
2729 2098 2926 2161 potest.
2980 2089 3124 2145 Idem
3153 2102 3320 2159 porro
3348 2089 3398 2144 si

1833 2196 1941 2236 non
1968 2191 2072 2246 est,
2100 2197 2168 2238 ne
2197 2191 2281 2239 est
2315 2185 2429 2253 ipse
2478 2182 2722 2254 quidem,
2768 2182 2862 2238 sed
2902 2197 2969 2237 ex
3006 2181 3267 2237 continua
3312 2179 3399 2236 sui

1832 2275 2131 2330 mutatione
2176 2275 2310 2330 alter
2348 2275 2577 2332 subinde
2610 2275 2672 2331 ﬁt
2710 2291 2777 2332 ex
2833 2275 3025 2330 altero.
3078 2272 3284 2328 Sensus
3315 2272 3400 2327 in-

1832 2375 2014 2434 terea,
2072 2366 2236 2439 529
2284 2369 2543 2438 quoniam
2596 2360 2738 2433 ejus,
2792 2365 2940 2436 quod
2991 2374 3094 2431 est,
3142 2373 3395 2419 naturam

1831 2456 2086 2530 ignorat,
2140 2458 2287 2527 quod
2339 2473 2462 2513 esse
2513 2457 2693 2513 adhuc
2745 2457 2981 2522 videtur,
3016 2455 3069 2510 id
3122 2462 3207 2509 est
3258 2452 3396 2509 falso

1830 2549 2110 2618 Opinatur.
2147 2545 2356 2617 Ecquid
2406 2546 2572 2617 igitur
2603 2544 2740 2600 illud
2772 2556 2876 2611 est,
2921 2543 3067 2614 quod
3104 2558 3230 2599 vere
3273 2544 3396 2600 est?

1829 2633 1886 2688 Id
1921 2651 2089 2690 unum
2121 2636 2311 2705 utique
2353 2635 2499 2705 quod
2532 2635 2926 2703 sempiternum
2959 2640 3065 2697 est,
3095 2632 3240 2702 quod
3269 2640 3396 2688 ortu

1828 2725 2162 2797 interituque
2198 2734 2370 2788 caret,
2406 2724 2495 2780 cui
2539 2725 2750 2780 nullum
2783 2732 2998 2793 tempus
3035 2722 3393 2777 mutationem

1826 2815 2003 2871 aﬂ‘ert.
2039 2815 2135 2872 Est
2162 2816 2307 2871 enim
2344 2817 2569 2870 omnino
2609 2824 2823 2885 tempus
2857 2814 3059 2869 mobile
3095 2813 3350 2883 quiddam
3372 2851 3389 2878 ,

1824 2906 2078 2975 quodque
2110 2905 2274 2961 simul
2304 2921 2428 2960 cum
2455 2904 2644 2960 mobili
2677 2905 2902 2959 materia
2937 2920 3154 2975 semper
3192 2904 3387 2972 ﬂuens,

1824 3013 1891 3053 ac
1933 2998 2070 3052 nihil
2113 3013 2346 3068 usquam
2385 2997 2661 3054 ﬁrmitatis
2706 2998 2951 3064 habens,
3005 2998 3085 3053 sic
3131 3008 3389 3068 tanquam

1824 3102 1919 3141 vas
1968 3087 2189 3157 aliquod
2246 3088 2501 3143 interitus
2549 3095 2834 3157 ortusque,
2890 3087 3180 3158 cogitatur.
3219 3086 3391 3158 Cujus

1822 3177 2070 3247 profecto
2118 3179 2203 3234 vel
2254 3178 2644 3249 appellationes
2687 3179 2818 3248 ipsae
2850 3178 3111 3247 posterius
3133 3219 3148 3245 ,
3200 3179 3387 3249 prius,

1820 3269 1943 3333 erit,
1981 3270 2105 3345 fait,
2150 3270 2281 3324 illud
2317 3285 2428 3324 non
2460 3284 2581 3325 esse
2610 3269 2791 3339 palam
2835 3284 2900 3323 ac
2931 3283 3027 3338 per
3059 3284 3191 3329 sese.
3216 3268 3388 3326 conﬁ-

1820 3370 2022 3417 tentur.
2058 3358 2195 3413 Nam
2228 3358 2374 3428 quod
2416 3359 2501 3414 vel
2532 3357 2775 3413 nondum
2819 3356 3011 3411 habuit
3045 3364 3104 3412 ut
3153 3357 3255 3424 sit,
3300 3356 3387 3411 vel

1813 3455 1925 3525 jam
1976 3466 2101 3508 esse
2148 3450 2334 3516 desiit,
2383 3449 2439 3505 id
2470 3464 2612 3514 esse,
2655 3462 2766 3503 non
2812 3448 2918 3503 nisi
2966 3447 3160 3503 stolide
3187 3448 3383 3504 absur-

1817 3546 1991 3617 deque
2020 3546 2194 3601 dicas.
2229 3542 2376 3611 Quin
2407 3542 2575 3597 etiam
2599 3540 2731 3596 illud
2765 3541 2968 3612 ipsum,
3004 3555 3114 3611 quo
3145 3541 3382 3603 maxime

1817 3638 2077 3711 temporis
2123 3636 2510 3709 cogitationem
2541 3635 2879 3690 sustinemus
2900 3642 3065 3704 atque
3101 3631 3379 3701 fulcimus,

1810 3899 1954 3966 apud
1997 3899 2181 3955 eumd.
2233 3896 2508 3953 Plutarch.
2556 3895 2797 3962 aﬂ‘ertur,
2828 3893 2895 3949 ἂν
2941 3897 3014 3967 γῇ
3054 3909 3170 3970 pro_
3199 3895 3377 3970 ἀκμῇ.

1809 3965 1935 4027 licet
1979 3972 2142 4025 etiam
2189 3970 2513 4039 depravata,
2565 3975 2767 4021 nostrae
2794 3965 3238 4039 tamen'propior
3268 3965 3375 4034 est,

1807 4055 1973 4110 quam
2010 4036 2556 4110 vulgataeQ'l‘antum,
2604 4044 2866 4106 sequente
2908 4051 3096 4104 versu,
3144 4036 3376 4093 libenter

1806 4105 2050 4181 legerim,
2077 4105 2220 4181 τδέξ
2250 4105 2447 4181 ἀνάγκ.

1803 4174 2085 4304 “((54,181
2128 4174 2216 4234 δέ.
2268 4174 2377 4233 Sic
2406 4177 2691 4249 legendum
2715 4217 2732 4244 ,
2780 4188 2892 4230 non
2933 4176 2964 4228 6
3004 4174 3084 4242 δέ,
3127 4185 3188 4232 ιιι
3229 4176 3373 4248 apud

1870 4266 1901 4303 ιι
1930 4266 2022 4304 arc
2065 4288 2080 4303 .

1870 4260 2080 4305 utarch.

1875 4320 2001 4390 (65)
2024 4320 2087 4375 Ἠ
2106 4316 2499 4390 μετρουμένη.
2531 4314 2677 4390 (Hinc
2704 4315 2866 4390 etiam
2896 4314 3369 4390 fmdum_errore_m

1875 4336 1987 4390 (οὒ)
2028 4336 2080 4375 11
2185 4336 2499 4387 τρουμενη.
2530 4336 2677 4398 .mnc
2704 4336 2866 4371 etiam
2896 4336 3102 4375 Imaum
3128 4336 3366 4372 errorem

1804 4389 2012 4466 tolle,ﬁ
2052 4336 2246 4466 (tng
2288 4388 2411 4459 μέν,
2452 4404 2545 4458 qui
2593 4386 2735 4466 apud
2777 4384 3366 4466 excusum__Plutarch.

1803 4455 2135 4540 inveteravit,
2158 4455 2271 4515 'nec
2293 4455 2487 4514 tamen
2518 4455 2747 4512 eruditis
2776 4455 3161 4527 interpretibus
3198 4458 3370 4527 impo-

1801 4540 1930 4583 SUII.

192 4587 319 4674 (61.)
358 4587 783 4675 Ἐλέλῦόζιιειὲοξ.
822 4604 973 4660 Hanc
1018 4605 1306 4675 lectionem;
1340 4601 1571 4675 vulgatg
1616 4603 1694 4658 illi

1868 4599 1979 4669 (66)
2012 4598 2165 4654 Οὑδέ
2196 4597 2349 4675 αὐτὴ
2369 4598 2579 4675 Mor.
2610 4593 3203 4675 MutuamrPlutarchus
3237 4610 3369 4675 ope-

119 4671 265 4742 apud
288 4671 586 4731 Ριυιπυὴξ
600 4677 946 4745 praetulerim,
974 4676 1110 4742 ἄγαν
1154 4672 1493 4742 ἐκδυόμενος.
1515 4671 1691 4745 ᾉΕεηι-

120 4747 239 4799 dem
278 4759 499 4800 secutus
523 4743 732 4800 videtur
761 4745 935 4800 Latin.
961 4746 1247 4812 interpres,
1278 4759 1401 4798 cum
1438 4743 1688 4810 reddidit,

118 4818 487 4883 elanguescens
519 4818 653 4869 ratio
693 4817 882 4880 perdit.
917 4818 981 4868 At
1025 4814 1230 4868 Gallico
1264 4828 1372 4883 non
1420 4814 1551 4883 satis
1582 4813 1687 4883 hic,

118 4881 348 4953 Opinor,
397 4901 523 4940 cum
574 4896 796 4941 auctore
823 4887 1099 4941 convenit.
1136 4884 1228 4953 qui
1267 4882 1346 4953 sic
1370 4881 1528 4953 vertit
1561 4899 1574 4935 :
1612 4882 1689 4937 La

118 4957 297 5008 mium
343 4956 392 5010 le
433 4957 775 5011 descouvrant
819 4952 1173 5019 incontinent,
1227 4953 1272 5007 ιε
1312 4952 1536 5007 destruit
1577 4961 1690 5007 lout

112 5041 208 5078 sur
237 5026 285 5078 le
304 5029 512 5095 clmmp.

184 5094 298 5165 (62)
340 5092 708 5152 Ἕκθλίϐεται
728 5095 858 5167 γάρ.
884 5094 1163 5165 Tempus?
1191 5109 1260 5148 an
1290 5092 1468 5151 ratio?
1497 5094 1688 5151 Poste-

109 5165 230 5237 rius
263 5167 451 5231 malui,
484 5168 554 5222 ob
599 5165 909 5237 sequentem
940 5182 1003 5221 ex
1038 5169 1157 5220 visu
1200 5166 1680 5237 comparationem.

109 5235 366 5292 Amiotus
398 5247 577 5292 tamen
606 5232 691 5293 ad'
719 5248 929 5307 tempus
962 5237 1179 5297 retulit,
1207 5232 1552 5307 quodetiam
1592 5250 1684 5290 ve-

112 5319 238 5359 reor
290 5316 347 5359 ut
396 5309 528 5361 satis
554 5322 680 5361 cum
725 5305 989 5376 superiori
1024 5307 1268 5361 membro
1300 5305 1590 5369 cohaereat,
1626 5307 1681 5361 in

106 5390 221 5443 quo
248 5376 509 5429 ἀπόλλυσι
537 5388 791 5443 verterat,
818 5377 1063 5442 destruit,
1115 5376 1216 5429 hoc
1244 5380 1346 5443 est,
1375 5376 1608 5442 perimit.

181 5447 294 5526 (66)
321 5447 560 5526 ’Ὠσπερ-
590 5442 785 5516 αὐγή,
798 5458 915 5526 εις.
967 5445 1242 5526 ξΙιιιετεὴ.
1291 5442 1678 5526 ᾥσπερβκμῇ

106 5514 433 5584 βουλόμενος
464 5518 610 5576 ἰδεῖν.
643 5514 746 5571 etc.
792 5515 924 5582 Quae
973 5516 1272 5571 foedissima
1304 5514 1680 5570 labes'doctisl

104 5586 249 5641 simo
292 5598 345 5641 et
393 5588 796 5653 elegantissimo
826 5588 1041 5641 Amioto
1076 5584 1353 5654 imposuit.
1389 5585 1481 5639 Sic
1530 5586 1675 5639 enim

103 5656 219 5721 ille,
249 5674 449 5710 comme
476 5658 525 5711 le
558 5657 765 5710 voulant
795 5658 935 5711 vcoir
961 5658 1386 5710 necessairement
1413 5662 1677 5725 mesparty

100 5741 171 5778 ert
194 5728 354 5792 deum,
386 5728 441 5781 id
486 5736 571 5783 est
595 5727 907 5797 quasiduas
937 5728 992 5779 in
1024 5737 1199 5795 partes
1245 5726 1675 5797 necessariam:-

102 5809 332 5853 tractum
381 5798 555 5851 videre
580 5794 718 5852 velit.
753 5796 945 5851 Latino
971 5794 1247 5865 interpreti
1274 5796 1340 5850 de
1365 5794 1670 5849 Eusebiana

97 5868 336 5927 lectione
384 5868 594 5926 aliquid
641 5868 972 5925 suboluerat.
1008 5866 1074 5922 Et
1118 5867 1286 5923 altera
1337 5866 1516 5934 lectio,
1546 5880 1671 5928 qua

1795 4664 1912 4723 ram
1969 4671 2299 4738 commodat,
2328 4664 2507 4738 apud
2548 4682 2732 4738 quem,
2762 4674 2920 4738 recte
2952 4664 3170 4738 legitur,
3218 4665 3369 4719 οὐδὲν

1791 4739 1958 4811 αὐτῆς
1994 4739 2171 4811 μένον.
2223 4737 2339 4794 Nisi
2387 4734 2579 4800 malis,
2629 4736 2749 4789 οὐδὲ
2802 4734 3177 4859 αὐτὲλμξνον,
3221 4740 3364 4804 quod

1791 4806 1930 4859 forte
1958 4809 2153 4859 melius
2189 4824 2313 4859 cum
2344 4807 2590 4859 seaueuti
2619 4805 2886 4859 membro.
3077 4804 3361 4859 γινομένη.

1790 4804 1930 4863 forte
1958 4804 2153 4864 melius
2189 4824 2313 4864 cum
2344 4807 2590 4876 sequenti
2619 4805 2886 4868 membro,
2911 4804 3046 4859 ἀλλὰ
3077 4804 3361 4875 γινομένη,

1791 4888 2131 4934 εοηαηιειιει.

1861 4942 1973 5018 (67)
2009 4945 2515 5018 Ἀλλὰῂτινομένη.
2550 4942 2881 5018 Plutarchus
2908 4942 3064 5018 ἀλλά,
3088 4943 3362 5018 ’γινόμενα

1788 5011 1984 5081 πάντα,
2016 5020 2109 5072 καὶ
2138 5011 2493 5087 φθειρόμενα,
2519 5014 2638 5070 κατ’
2669 5013 2858 5086 αὐτὴν,
2888 5013 3022 5086 πρὸς
3052 5011 3145 5066 τὸν
3170 5011 3361 5085 χρόνον

1787 5089 2071 5159 συνεμίγη.
2106 5087 2287 5159 Placet
2316 5087 2602 5159 Eusebius.

1858 5107 1912 5143 νε
1962 5107 2071 5159 ιγη.
2109 5107 2287 5141 rtacet
2316 5107 2602 5141 DUSCIIIUS.

1858 5107 1966 5230 (ϐξ)
2014 5156 2206 5212 Οὐδὲν
2258 5155 2547 5211 τοιοῦτον.
2605 5154 2770 5211 Recte
2823 5152 3152 5208 Plutarchus
3176 5189 3192 5215 ,
3245 5148 3358 5204 οὐδ’

1783 5230 1965 5370 ὄσῗέδ)
1998 5299 2070 5353 El
2101 5295 2239 5367 χρή.
2273 5294 2437 5352 Tollit
2473 5294 2796 5367 particulam
2829 5293 2880 5347 εἰ
2920 5289 3269 5356 Plutarchus,
3300 5296 3346 5344 et

1780 5377 1946 5425 recte.

1844 5439 1965 5519 $79)
2007 5437 2122 5519 Ξίφέ
2172 5430 2246 5519 οὗ
2279 5437 2586 5519 πράξεων·
2613 5432 2860 5519 ,παίσει
2902 5430 3353 5519 saevientes

1777 5499 1872 5564 τοῦ
1899 5499 2036 5580 8ὲοῦ
2059 5499 2373 5580 (ΙὶειιιιιιινίιΔ
2395 5499 2701 5580 Plutarcho,
2728 5517 2838 5557 non
2867 5499 2995 5580 περῐ
3017 5499 3111 5580 τοῦ
3134 5499 3349 5580 αίῷνος,
3386 5552 3397 5569 ,

1778 5588 1840 5633 ut
1881 5577 2210 5633 existimavit
2261 5575 2484 5631 Latinus
2520 5575 2805 5644 interpres.
2853 5569 3349 5644 Amiotusquidem

1776 5650 1843 5704 ad
1873 5648 2040 5703 Deum
2090 5647 2297 5712 retulit,
2330 5646 2422 5699 sed
2454 5638 2680 5708 vereor;
2695 5651 2755 5698 ut
2798 5643 2932 5697 satis
2964 5655 3031 5693 ex
3059 5638 3348 5712 Plutarchi

1775 5730 1957 5775 mente
1984 5710 2294 5780 reddiderit,
2324 5716 2513 5769 devant
2545 5713 2710 5784 laquei
2736 5714 2849 5767 rien
2876 5712 3028 5775 n’ut,
3056 5710 3109 5765 id
3136 5719 3223 5784 est
3244 5723 3350 5777 quo

1774 5791 1921 5859 prius
1960 5788 2092 5841 nihil
2124 5797 2222 5840 est.
2256 5787 2431 5859 Atque
2462 5785 2514 5840 id
2528 5780 2615 5859 _in'
2646 5798 2811 5859 causa
2837 5791 2954 5848 est,
2989 5780 3346 5859 quamobrem

1775 5851 1980 5917 'Gallica
2010 5870 2246 5929 sequens
2268 5851 2652 5931 oratio‘minus
2675 5853 2949 5910 cohaerere
2977 5851 3276 5921 videatur.,
3328 5920 3361 5933 η
