3826 6232
128 378 233 436 εει

1295 392 1616 452 ΡΗᾹΞΡΑΒ.
1661 393 1910 454 EVANG.
1948 399 2074 455 LIB.
2115 400 2211 455 XI.

3267 406 3374 464 883

130 500 227 554 καὶ
269 501 513 572 συνήθως
546 506 789 579 Ἕλλησι,
822 513 886 582 τῇ
932 508 1040 564 τῶν
1078 514 1338 568 πλειόνων
1378 516 1536 570 εἴωθε
1580 519 1675 591 χρῖ

1781 521 1888 579 .tia
1936 523 2190 590 praeditas
2225 523 2636 593 complectatur,
2693 524 2747 579 id
2795 539 2927 580 sane
2976 540 3254 596 nunquam
3292 528 3375 583 al-

132 592 258 644 σθαι
290 597 630 669 προσηγορίᾳ
660 602 752 653 καὶ
773 602 880 654 ἀπὸ
908 604 1006 673 τῆς
1036 604 1172 675 πρὸς
1200 606 1471 661 Διονύσιον
1500 609 1708 663 ἐπιστο-

128 682 251 754 λῆς,
284 687 343 738 ἐν
448 687 689 759 σύμϐολα
716 690 909 756 διδοὺς,
942 693 1049 747 τῶν
1080 713 1135 748 τε
1166 695 1253 749 διὰ
1299 698 1532 768 σπουδῆς
1560 699 1707 771 αὐτῷ

126 778 490 847 γραφομένων
519 782 837 849 ἐπιστολῶν,
885 786 1112 841 καὶτῶν
1150 789 1325 853 ἄλλως
1363 792 1707 862 ἀπερριμμέ-

124 880 256 930 νων,
296 865 403 919 τῶν
444 870 543 938 μὲν
586 872 750 942 μηδὲν
792 875 1029 945 ἐχουσῶν
1059 878 1342 932 σπουδαῖον
1380 884 1603 952 σημεῖον
1642 881 1703 935 τὸ

124 953 239 1010 τῶν
269 957 407 1047 θεῶν
434 959 602 1031 ὄνομα
632 965 951 1033 προστάξειν
983 980 1008 1008 ι
1038 969 1230 1040 ἔφησε,
1260 971 1368 1025 τῶν
1394 971 1450 1025 δὲ
1480 991 1704 1047 πεφρον-

120 1046 396 1117 τισμένως
423 1050 572 1120 αὐτῴ
621 1056 1057 1126 συνταττομένων
1094 1059 1155 1111 τὸ
1204 1059 1297 1113 τοῦ
1336 1062 1489 1115 Θεοῦ.
1535 1046 1698 1131 Λέγει

117 1137 171 1193 δ’
199 1135 295 1192 οῦν
322 1134 421 1194 ὧδε
452 1145 589 1197 κατὰ
629 1144 770 1209 λέξιν
790 1165 804 1177 ’
853 1168 872 1196 σ
913 1151 1047 1222 Περὶ
1074 1151 1129 1206 δὲ
1159 1152 1252 1206 τοῦ
1286 1154 1551 1225 συμϐόλου
1585 1156 1696 1227 (72)

116 1228 216 1284 τοῦ
248 1230 385 1301 πρὸς
422 1233 519 1295 τὰς
559 1236 846 1301 ἐπιστολὰς
877 1240 1008 1309 (75),
1040 1243 1172 1306 ὅσας
1217 1261 1276 1297 τε
1306 1244 1371 1298 ἂν
1400 1245 1697 1299 ἐπιστέλλω

119 1321 353 1390 σπουδῇ,
402 1324 496 1376 καὶ
548 1325 677 1388 ὅσας
738 1326 833 1397 μὴ,
883 1325 1034 1398 οἶμαι
1088 1331 1184 1399 μέν
1243 1349 1303 1385 σε
1362 1334 1692 1405 μεμνῆσθαι,

115 1409 274 1478 ὅμως
309 1411 353 1463 δ’
383 1414 570 1476 ἐννόει,
604 1419 697 1470 καὶ
741 1419 943 1492 σφόδρα
973 1422 1203 1494 πρόσεχε
1239 1425 1331 1478 τὸν
1377 1427 1499 1479 νοῦν
1521 1445 1532 1456 ·
1566 1428 1693 1481 πολ-

112 1498 207 1553 λοὶ
243 1502 352 1573 γὰρ
396 1506 443 1556 οἱ
473 1505 784 1573 κελεύοντες
812 1511 1063 1581 γράφειν,
1123 1515 1216 1579 οὓς
1261 1519 1322 1571 οὐ
1362 1518 1541 1589 ῥᾴδιον
1597 1537 1691 1589 φα-

112 1592 297 1663 νερῶς
321 1594 643 1652 διωθεῖσθαι.
676 1600 789 1671 Τῆς
830 1604 927 1674 μὲν
956 1602 1048 1660 οὖν
1071 1609 1364 1674 σπουδαίας
1405 1610 1691 1684 ἐπιστολῆς

109 1682 143 1733 6
185 1683 322 1746 Θεὸς
368 1686 543 1756 ἄρχει,
587 1688 700 1743 θεοὶ
744 1691 800 1744 δὲ
842 1696 938 1765 τῆς
974 1690 1157 1768 ἦττον.
1201 1718 1218 1749 ι
1272 1702 1576 1773 Διαρῤήδην
1631 1682 1687 1757 δὲ

111 1776 144 1828 6
187 1776 352 1840 αὐτὸς
396 1780 645 1850 ὁμολογεί
696 1785 762 1836 ἐκ
807 1787 1049 1843 παλαιῶν
1105 1791 1165 1846 τὸ
1220 1794 1348 1865 περὶ
1401 1794 1495 1848 τοῦ
1550 1795 1684 1850 Θεοῦ

1815 622 1990 667 terum
2032 613 2100 667 ab
2130 614 2302 669 altero
2343 614 2524 669 fuerit.
2564 633 2582 666 ι
2628 613 2889 669 Eumdem
2931 631 3115 685 porro,
3153 627 3212 673 ut
3248 617 3372 672 vnl-

1760 720 1770 730 ·
1809 702 1922 768 gari
1975 701 2290 757 Graecorum
2346 720 2498 759 more
2541 705 2779 775 plurium
2817 707 3099 762 numinum
3142 709 3373 779 appella-

1807 791 1955 846 tione
1996 792 2075 846 uti
2122 793 2316 859 soleat,
2363 791 2533 848 Deum
2588 804 2766 849 tamen
2817 812 2985 851 unum
3040 813 3365 869 agnoscere,

1804 880 1887 935 vel
1931 896 1998 935 ex
2054 897 2139 948 ea,
2177 898 2342 951 quam
2395 883 2462 935 ad
2518 881 2833 954 Dionysium
2877 886 3091 953 scribit,
3139 886 3366 955 epistola

1802 972 1981 1040 quivis
2012 972 2310 1047 intelligat:
2349 974 2438 1029 ubi
2492 990 2629 1045 quas
2662 977 2905 1032 studiose
2948 992 3013 1033 ac
3059 979 3201 1034 serio
3232 995 3386 1059 con-.

1801 1063 2067 1119 scriberet
2116 1066 2402 1135 epistolas,
2451 1067 2520 1120 ab
2569 1066 2719 1133 aliis,
2768 1084 2906 1139 quas
2944 1079 3147 1126 temere
3195 1073 3363 1143 negli-

1799 1162 2094 1225 genterque
2147 1156 2517 1225 proiunderet,
2554 1173 2652 1211 sua
2700 1159 2932 1228 quadam
2990 1171 3115 1218 nota
3177 1177 3362 1218 secer-

1799 1260 1973 1312 nens;
2010 1261 2131 1316 qute
2172 1262 2337 1317 grave
2377 1248 2517 1302 nihil
2566 1264 2632 1303 ac
2673 1249 2875 1304 serium
2905 1252 3265 1320 continerent,
3293 1253 3360 1310 iis

1800 1335 2027 1391 deorum
2051 1376 2065 1401 ,
2106 1353 2228 1407 qua:
2272 1353 2403 1393 vero
2452 1338 2739 1409 diligenter
2768 1340 2864 1396 abs
2906 1357 2965 1396 se
3000 1356 3064 1397 ac
3102 1344 3359 1399 meditato

1795 1426 2179 1493 scriberentur,
2212 1429 2320 1484 illis
2362 1428 2454 1484 Dei
2487 1445 2609 1486 sese
2652 1447 2873 1497 nomen,
2915 1434 3194 1502 proprium
3242 1435 3359 1491 vel-

1795 1517 1871 1570 uti
1919 1512 2289 1574 characterem
2349 1521 2745 1591 impressurum
2788 1538 2909 1579 esse
2954 1523 3213 1580 declarat.
3266 1525 3359 1584 Sic

1791 1608 1937 1661 enim
1966 1608 2035 1662 ad
2081 1609 2304 1664 verbum
2360 1612 2595 1667 scribit:
2656 1632 2674 1664 ι
2711 1610 2991 1683 PrOpriam
3031 1616 3177 1685 quod
3226 1617 3356 1672 attio-

1790 1706 1883 1753 net
1929 1700 2284 1769 epistularum
2322 1712 2531 1770 notam,
2585 1719 2680 1760 seu
2727 1720 2865 1774 quas
2910 1706 3081 1771 serio,
3121 1707 3356 1778 dataque

1791 1803 1978 1859 opera,
2024 1806 2119 1846 seu
2161 1806 2300 1862 quas
2342 1795 2702 1864 negligentius
2732 1797 2932 1861 scribo,
2978 1799 3194 1854 tametsi
3233 1801 3355 1870 ejus

107 1865 292 1938 δόγμα
319 1868 710 1941 μεμαθηκέναι,
739 1873 910 1943 λέγων
930 1877 988 1930 ἐν
1018 1880 1131 1942 τοῖς
1157 1859 1394 1949 Νόμοις-⁸
1435 1902 1455 1935 ι
1505 1884 1562 1937 '0
1588 1886 1675 1956 μὲι

1790 1889 1843 1935 te
1874 1883 2186 1938 meminisse
2214 1884 2489 1953 existimo,
2536 1902 2683 1941 nunc
2718 1897 2901 1942 tamen
2954 1889 3102 1943 illam
3147 1892 3353 1962 cogites

106 1957 174 2028 δὴ
217 1957 353 2022 Θεὸς
398 1960 531 2031 (74),
575 1962 649 2027 ὡς
689 1966 783 2018 καλ⁸
824 1969 852 2020 6
890 1968 1116 2034 παλαιὸς
1159 1970 1335 2040 λόγος,
1380 1975 1553 2046 ἀρχὴν
1594 1978 1675 2029 καῖ

1786 1972 1971 2039 velim,
2003 1988 2068 2028 ac
2095 1974 2381 2046 diligenter
2424 1978 2695 2033 attendas.
2741 1977 2854 2035 Nos
2906 1982 3050 2035 enim
3094 1957 3350 2050 permulti

103 2046 370 2120 τελευτὴν
392 2053 486 2105 καὶ
517 2053 656 2123 μέσα
685 2056 793 2109 τῶν
821 2058 986 2113 ὄντων
1017 2062 1266 2118 ἁπάντων
1285 2108 1300 2131 ,
1335 2068 1547 2122 εὐθεῖαν
1572 2071 1675 2141 (75]

1786 2063 1854 2116 ad
1884 2063 1985 2117 sibi
2036 2065 2385 2121 scribendum
2437 2068 2685 2137 invitant,
2721 2071 2921 2140 quibus
2956 2072 3009 2126 id
3057 2046 3215 2129 facile
3256 2089 3351 2130 ne-

106 2138 362 2227 περαίνει
393 2141 533 2194 κατὰ
586 2144 745 2212 φύσιν
791 2152 1302 2224 περιπορευόμενος.
1348 2156 1436 2227 Τῷ
1488 2158 1531 2210 δ’
1574 2138 1684 2214 nisi.

104 2224 402 2290 ξυνέπεται
425 2230 576 2302 Δίκη,
613 2232 718 2285 τῶν
738 2234 1180 2308 ἀπολειπομένων
1211 2239 1306 2293 τοῦ
1340 2224 1485 2296 θείου
1517 2246 1681 2317 νόμου

100 2317 382 2386 τιμωρός-
412 2314 480 2390 ἧς
509 2323 538 2373 6
586 2323 681 2391 μὲν
738 2324 1145 2398 εὐδαιμονήσειν
1186 2331 1393 2400 μέλλων
1430 2314 1682 2405 ἐχόμενος

102 2407 420 2475 ξυνέπεται,
468 2413 738 2479 ταπεινὸς,
781 2419 1222 2488 κεκοσμημένος·
1259 2424 1287 2475 6
1317 2422 1375 2475 δέ
1402 2440 1484 2487 τις
1519 2424 1679 2497 ἐξαρ-

98 2497 220 2561 θεὶς
265 2499 374 2551 ὐπὸ
427 2502 813 2574 μεγαλαυχίας,
857 2506 889 2577 ἢ
925 2510 1165 2580 χρήμασι
1217 2513 1592 2585 ἐπαιρόμενος,
1644 2517 1677 2589 ἢ

97 2591 315 2659 τιμαῖς,
348 2589 380 2661 ᾖ
416 2591 508 2644 καὶ
564 2592 811 2665 σώματος
862 2598 1151 2671 εὐμορφίᾳ,
1199 2601 1312 2674 ἅμα
1335 2605 1544 2678 νεότητι
1584 2610 1678 2663 καὶ

97 2679 283 2750 ἀνοίᾳ,
319 2679 572 2749 φλέγεται
624 2685 722 2756 τὴν
750 2685 927 2759 ψυχὴν
954 2688 1071 2758 μεθ’
1105 2689 1337 2762 ὐϐρεως,
1374 2693 1513 2747 ὥστε
1554 2696 1677 2751 οὐτε

94 2771 367 2842 ἄρχοντος
388 2772 511 2826 οὐτε
536 2777 676 2840 τινὸς
720 2780 984 2850 ἡγεμόνος
1004 2782 1273 2853 δεόμενος,
1318 2785 1451 2840 ἀλλὰ
1477 2791 1567 2842 καὶ
1592 2791 1679 2844 ἄλ-

95 2859 215 2925 λοις
244 2864 432 2927 ἱκανὸς
460 2863 536 2918 ῶν
569 2870 836 2938 ἡγεῖσθαι,
868 2874 1251 2929 καταλείπεται
1289 2880 1497 2951 ἔρημος
1517 2882 1672 2935 Θεοῦ.

100 2953 505 3042 Καταλειφθεὶς
534 2957 608 3022 δέ,
656 2962 748 3014 καὶ
789 2960 868 3015 ἔτι
910 2963 1100 3028 ἄλλους
1140 2968 1410 3032 τοιούτους
1450 2972 1677 3042 προσλα-

94 3041 230 3112 ϐὼν,
247 3048 450 3118 σκιρτᾷ
472 3049 753 3120 ταράττων
768 3055 942 3109 πάντα
965 3057 1099 3127 όμοῦ
1119 3059 1168 3124 δ,
1186 3061 1278 3113 καὶ
1307 3041 1521 3126 πολλοῖς
1535 3081 1674 3119 τισιν

1783 2154 1896 2223 gari
1920 2170 2026 2209 non
2055 2166 2248 2226 possrt.
2277 2155 2445 2229 igitur
2473 2159 2553 2214 sic
2588 2160 2785 2216 habeto
2814 2177 3006 2232 :quam
3043 2164 3187 2217 serio
3220 2165 3349 2220 scri-

1782 2244 1983 2315 bimus,
2029 2247 2173 2303 hanc
2201 2263 2231 2303 a
2268 2246 2379 2305 Deo
2409 2251 2778 2320 auspicamur,
2826 2268 2857 2306 a
2899 2253 3004 2308 diis
3040 2269 3187 2319 vero,
3226 2270 3349 2324 quae

1782 2337 1962 2393 minus
2002 2338 2163 2393 habet
2200 2340 2385 2395 studii.
2432 2360 2451 2393 ι
2490 2340 2554 2394 Et
2583 2357 2713 2397 vero
2755 2358 2813 2397 se
2854 2344 2921 2398 ab
2949 2344 3347 2414 antiquioribus

1781 2442 1969 2482 sanam
2001 2429 2068 2484 de
2116 2429 2226 2485 Deo
2271 2433 2592 2487 sententiam
2636 2433 2790 2504 531
2845 2436 3094 2490 hausisse
3149 2451 3346 2491 concc-

1779 2521 1885 2590 ptis
1929 2522 2044 2591 ipse
2084 2522 2415 2592 disertisque
2456 2525 2636 2579 verbis
2684 2525 2739 2578 in
2770 2524 2993 2596 Legibus
3036 2527 3347 2597 conﬁtetur,

1777 2612 1906 2666 dum
1946 2615 2055 2669 ait:
2099 2633 2117 2665 ι
2152 2613 2296 2670 Deus
2344 2624 2490 2671 certe
2539 2617 2782 2685 quidem,
2829 2619 2907 2671 uti
2937 2633 3003 2672 ex
3037 2620 3347 2688 priscorum

1776 2704 2024 2759 doctrina
2077 2714 2324 2771 constat,
2376 2720 2559 2760 rerum
2621 2708 2996 2762 universarum
3037 2710 3343 2780 principia,

1777 2794 1939 2849 ﬁnem
1969 2797 2317 2867 mediumque
2350 2798 2690 2867 complexus,
2740 2808 2888 2854 recta
2919 2800 3032 2868 illa,
3067 2802 3345 2871 quomodo

1776 2894 1973 2941 natura
2014 2887 2284 2957 postulat,
2332 2888 2583 2944 obeundo
2625 2891 2855 2959 perlicit.
2901 2891 3037 2946 Eum
3085 2901 3344 2962 perpetuo

1774 2978 1992 3035 Iustitia
2034 2979 2301 3048 sequitur,
2352 2994 2563 3046 eorum,
2603 2981 2696 3050 qui
2738 2982 2836 3037 abs
2866 2982 3049 3037 divina
3084 2983 3201 3054 lege
3226 2985 3344 3040 dis~

1777 3069 2000 3135 cedunt,
2065 3070 2229 3124 ultrix
2272 3079 2434 3141 atque
2479 3072 2716 3127 vindex:
2769 3074 2857 3128 cui
2893 3074 3111 3144 quidem
3151 3074 3343 3131 aﬂixus

92 3135 279 3202 ἔδοξεν
301 3133 444 3192 εἷναί
504 3157 605 3205 τις,
635 3144 773 3213 μετὰ
794 3145 852 3198 δέ
896 3148 1085 3220 χρόνον
1116 3152 1176 3203 οὐ
1211 3152 1378 3206 πολὺν
1418 3155 1671 3227 ὑποσχὼν

1781 3162 2014 3218 demisso
2049 3163 2461 3234 compositoque
2507 3165 2694 3220 animo
2736 3167 3048 3233 comitatur,
3090 3169 3344 3240 quisquis

1530 3241 1667 3311 ἴκον,
1706 3241 1738 3247 ⁷
1776 3253 1843 3308 ad
1896 3252 2207 3310 felicitatem
2264 3256 2508 3325 aspirat:
2560 3266 2749 3312 contra
2798 3274 2927 3314 vero
2975 3260 3070 3330 qui
3120 3261 3202 3316 vel
3252 3277 3345 3316 su-

89 3424 224 3462 των.
260 3411 336 3464 Σὺ
364 3410 423 3464 δέ
447 3429 510 3481 γε
526 3413 626 3483 τῷ,
659 3434 677 3466 ι
718 3417 775 3471 '0
796 3419 893 3488 μὲν
915 3418 977 3490 δὴ
1002 3420 1136 3485 Θεὸς
1163 3423 1336 3494 ἀρχὴν
1361 3426 1456 3480 καὶ
1488 3427 1672 3482 τελευ-

88 3499 193 3569 τὴν
212 3501 308 3552 καὶ
357 3501 500 3572 μέσα
537 3504 647 3558 τῶν
681 3505 849 3561 ὄντων
888 3506 1140 3565 ἁπάντων
1181 3513 1340 3583 ἔχων,
1371 3534 1391 3567 ›
1426 3519 1670 3589 παράθες

88 3590 202 3644 ἀπὸ
222 3592 324 3663 τῆς
364 3594 626 3666 Ἑϐραίων
652 3601 985 3670 προφητείας
1006 3603 1086 3669 τὸ,
1125 3623 1144 3655 ‹
1195 3605 1335 3672 Ἐγὼ
1357 3606 1487 3672 Θεὸς
1519 3610 1669 3681 πρῶ-

86 3699 205 3745 τος,
241 3685 335 3737 καὶ¹
363 3684 476 3752 ἐγὼ
496 3687 633 3756 μετὰ
665 3690 865 3744 ταῦτα’
901 3712 920 3746 ο
951 3693 1029 3764 τῷ
1069 3695 1145 3763 δὲ,
1173 3712 1191 3745 ι
1220 3696 1446 3753 Εὐθεῖαν
1474 3704 1665 3773 περαί-

89 3789 176 3826 νει
211 3774 356 3828 κατὰ
400 3776 559 3846 φύσιν
612 3779 1083 3854 ἐπιπορευόμενος,
1122 3804 1141 3836 ι
1178 3786 1257 3853 τὸ,
1282 3807 1300 3839 ι
1354 3789 1666 3857 Εὐθύτητας

88 3860 200 3917 εἶδε
235 3867 296 3919 τὸ
330 3868 622 3937 πρόσωπον
638 3872 820 3927 αὐτοῦ.
845 3893 864 3925 ι
897 3875 1007 3929 Καὶ
1030 3877 1166 3948 πρὸς
1196 3878 1280 3941 τὸ,
1321 3897 1339 3930 ‹
1368 3881 1458 3952 Τῷ
1483 3882 1531 3935 δ’
1553 3884 1664 3937 αἰεὶ

85 3954 379 4023 ξυνέπεται
414 3959 544 4031 Δίκη
586 3963 695 4017 τῶν
724 3965 1162 4039 ἀπολειπομένων
1194 3971 1288 4024 τοῦ
1317 3972 1460 4026 θείου
1499 3974 1662 4046 νόμου

81 4051 353 4121 τιμωρὸς,
385 4070 403 4103 ι
434 4053 720 4126 σύγκρινον
763 4057 846 4123 τὸ,
881 4077 900 4111 t
946 4060 1162 4126 Δίκαιος
1195 4063 1416 4135 Κύριος,
1466 4068 1560 4121 καὶ
1594 4067 1667 4121 δι-

84 4142 388 4207 καιοσύνας
434 4146 719 4219 ἠγάπησεν
741 4166 754 4179 ·
793 4174 811 4201 ι
846 4152 940 4206 καὶ
977 4154 1056 4217 τὸ,
1092 4172 1111 4206 ι
1158 4156 1312 4227 Ἐμοὶ
1362 4158 1660 4230 ἐκδίκησις,

82 4232 201 4300 ἐγὼ
258 4236 642 4305 ἀνταποδώσω,
698 4242 845 4312 λέγει
897 4247 1160 4318 Κύριοςσι
1194 4250 1290 4302 καὶ
1329 4252 1419 4324 Δτὸ,
1459 4270 1478 4303 ι
1518 4253 1661 4307 Διότι

81 4324 305 4391 ἔκδικος
360 4328 588 4400 Κύριος,
645 4334 739 4386 καὶ
778 4338 1168 4397 ἀνταποδίδωσι
1226 4344 1341 4405 τοῖς
1388 4345 1662 4415 περισσῶς

80 4417 333 4472 ποιοῦσιν
367 4421 760 4493 ὑπερηφανίαν
802 4446 821 4478 ι
853 4426 934 4497 τῷ
975 4429 1051 4499 δὲ,
1094 4450 1112 4484 t
1140 4425 1251 4496 Ἦς
1281 4436 1309 4488 6
1343 4435 1658 4509 εὐδαιμονή-

1771 3345 1960 3413 perbia
1994 3345 2382 3407 intumescens,
2433 3348 2517 3402 vel
2560 3363 2723 3419 opum
2753 3350 2806 3404 vi
2850 3351 3113 3421 copiaque
3157 3353 3342 3408 subla-

1775 3443 1884 3498 tus,
1930 3422 2014 3490 vel
2060 3437 2229 3492 etiam
2279 3437 2553 3492 honorum
2593 3440 2984 3510 amplitudine,
3029 3443 3343 3512 corporisve

1771 3524 1972 3593 specie,
2022 3540 2146 3580 cum
2189 3526 2497 3596 juventutis
2547 3527 2682 3584 ﬂore
2735 3529 3072 3600 stultitiaque
3109 3531 3342 3601 conjun-

1768 3621 1854 3667 cta
1896 3613 2250 3681 insolescens,
2278 3616 2462 3671 animo
2495 3617 2825 3686 petulantius
2866 3619 3191 3687 exardescit,
3222 3635 3340 3690 per-

1768 3703 1893 3758 inde
1947 3704 2079 3759 utsi
2122 3720 2223 3760 nec
2265 3706 2530 3776 principe,
2581 3723 2682 3763 nec
2734 3709 3077 3764 moderatore
3115 3710 3226 3765 ullo
3253 3711 3339 3764 in-
3451 3784 3453 3786 η

1766 3794 1965 3865 digeat,
2023 3796 2117 3851 sed
2169 3798 2349 3867 potius
2390 3798 2458 3853 ad
2502 3799 2715 3854 caeteris
2756 3799 3132 3869 imperandum
3176 3807 3337 3870 aptus

1763 3887 1999 3958 ipsemet
2044 3888 2378 3960 idoneusque
2426 3890 2517 3957 sit,
2571 3890 2621 3945 is
2678 3889 2787 3946 Deo
2825 3905 3033 3946 vacuus
3078 3891 3337 3961 relinqui-

1767 3987 1895 4033 tur:
1944 3978 2168 4034 relictus
2208 3988 2414 4058 autem,
2447 3980 2703 4037 adhibitis
2748 3980 2895 4036 illico
2935 3982 3164 4051 gemina:
3202 3996 3333 4053 pro-

1767 4068 1950 4123 terviae
1990 4068 2175 4136 sociis,
2211 4069 2447 4125 exsultat
2476 4078 2673 4125 cuncta
2697 4072 3022 4138 miscendo;
3061 4079 3222 4143 atque
3254 4074 3339 4127 in-

1766 4157 1925 4211 terim
1978 4157 2185 4227 aliquid
2225 4173 2347 4213 esse
2394 4160 2683 4229 permultis
2734 4162 2969 4228 videtur,
3014 4171 3071 4217 at
3118 4160 3337 4218 modico

1763 4258 1889 4318 post
1924 4260 2191 4319 tempore,
2223 4250 2418 4322 dignas
2455 4251 2524 4306 ab
2556 4266 2623 4306 eo
2666 4268 2854 4321 poenas
2888 4255 3138 4325 exigente
3178 4253 3336 4310 Justi-

1764 4340 1859 4408 tia,
1891 4341 2156 4411 seipsum,
2188 4342 2522 4414 domumque
2549 4345 2733 4410 simul,
2775 4362 2900 4402 cum
2933 4354 3043 4402 tota
3086 4345 3334 4403 funditus

1763 4433 1980 4489 civitate
2020 4434 2272 4503 perdit.»
2308 4433 2431 4491 Haec
2463 4434 2638 4491 Plato.
2680 4435 2800 4492 Jam
2846 4452 2998 4503 vero,
3029 4453 3153 4493 cum
3189 4438 3331 4502 illis,

80 4527 202 4563 σειν
229 4510 440 4579 μέλλων
468 4514 723 4584 ἐχόμενος
748 4514 1052 4584 ξυνέπεται,
1075 4524 1347 4589 ταπεινὸς,
1385 4543 1658 4600 κεκοσμη-

1781 4543 1788 4576 i
1831 4524 1974 4581 Deus
2005 4534 2151 4581 certe
2189 4526 2431 4597 quidem,
2479 4543 2659 4582 rerum
2706 4529 3086 4584 universarum
3129 4528 3336 4598 princi-

80 4602 270 4671 μένος,
299 4621 319 4654 ι
344 4603 609 4673 ἑπόμενὸν
640 4608 755 4661 ἐστι
776 4609 856 4676 τὸ,
877 4629 896 4661 ι
934 4612 1137 4667 Ὀπίσω
1166 4614 1369 4684 Κυρίου
1398 4617 1492 4671 τοῦ
1522 4618 1655 4673 Θεοῦ

77 4713 176 4749 σου
212 4699 489 4773 πορεύσῃ·
517 4721 535 4753 ι
555 4701 633 4773 τῷ
651 4703 729 4771 δὲ,
761 4722 779 4755 ι
827 4706 882 4760 '0
909 4706 954 4759 6’
985 4707 1231 4778 ἐξαρθεὶς
1251 4710 1355 4763 ὐπὸ
1382 4712 1654 4780 μεγαλαυ-

74 4788 204 4859 χίας
222 4788 610 4845 καταλείπεται
631 4792 833 4865 ἔρημος
857 4794 1013 4859 Θεοῦ,
1040 4817 1057 4848 ι
1102 4796 1184 4860 τὸ,
1233 4814 1250 4847 ι
1270 4798 1443 4862 ὀΘεὸς
1488 4801 1655 4874 ὑπερ..

80 4881 320 4949 ηφάνοις
347 4883 748 4953 ἀντιτάσσεται,
793 4889 1066 4952 ταπεινοῖς
1113 4889 1169 4942 δὲ
1193 4889 1375 4944 δίδωσι
1405 4891 1561 4964 χάριν
1583 4911 1596 4923 ·
1629 4912 1647 4944 ›

70 4970 194 5035 καὶ,
224 4989 245 5022 σ
280 4971 542 5044 Χαρμονὴ
566 4972 625 5025 δὲ
648 4974 881 5041 ἀσεϐῶν,
905 4976 1103 5048 πτῶμα
1133 4978 1385 5042 ἐξαίσιον.
1412 5000 1430 5033 ι
1470 4981 1654 5036 Ταῦτα

72 5078 179 5127 μεν
235 5059 331 5117 οῦν
379 5064 488 5118 ἀπὸ
540 5066 750 5138 μυρίων
800 5070 1006 5141 σμικρὰ
1044 5071 1292 5142 περὶτοῦ
1318 5074 1408 5126 ἐπὶ
1437 5075 1653 5128 πάντων

67 5153 233 5207 Θεοῦ.
280 5154 392 5209 Θέα
442 5156 500 5210 δὲ
525 5159 618 5212 καὶ
642 5158 710 5212 τὰ
774 5162 901 5231 περὶ
944 5160 1038 5215 τοῦ
1082 5162 1333 5236 δευτέρου
1362 5165 1533 5218 αἰτίου
1565 5162 1653 5220 οἷα

61 5247 142 5316 τῇ
168 5246 380 5319 διανοίᾳ
412 5249 568 5303 είσίν.

43 5407 53 5415 _
150 5340 173 5371 ⁸
209 5339 315 5396 lsa.
363 5359 471 5408 xu,
512 5344 566 5401 4.
642 5348 662 5379 ⁹
702 5345 847 5402 Psal.
888 5364 942 5411 x,
984 5349 1037 5403 8.
1118 5350 1160 5382 ¹⁰
1200 5351 1329 5405 ibid.

145 5442 174 5471 ι
214 5432 377 5488 Forte
412 5438 633 5507 προτὰξ.
712 5439 740 5478 δ
780 5438 881 5495 Ms.
920 5452 967 5495 et
1000 5442 1085 5494 Pl.
1127 5442 1260 5512 ἅμα.

150 5528 264 5609 (22)
295 5530 436 5609 Περὶ
482 5531 554 5609 δὲ
596 5535 702 5589 τοῦ
731 5538 1075 5609 συμϐόλου.
1110 5537 1350 5594 Platonis
1388 5540 1503 5596 hinc
1537 5541 1654 5609 epi-

66 5600 217 5654 Stola
241 5609 347 5679 ἐει
379 5600 897 5679 decima_l_ertia,_'ad
929 5606 1247 5679 Dionysium
1277 5624 1403 5679 vero
1437 5600 1652 5679 quarta,

62 5683 204 5740 pag.
241 5668 346 5749 738
405 5672 537 5727 edit.
578 5668 925 5749 Fici_ni.'Fuit
965 5668 1129 5746 igitur
1160 5694 1226 5733 ex
1261 5678 1329 5733 iis
1356 5668 1530 5744 Plaio,
1561 5668 1655 5749 qui

65 5737 425 5817 burnuDeum
474 5746 875 5817 cognovissent,
932 5737 1040 5803 non
1084 5756 1263 5805 tamen
1305 5751 1444 5806 sicut
1485 5737 1656 5807 Deum

59 5810 536 5868 (.orilicaverunt.

1762 4616 1887 4686 pia,
1942 4618 2133 4684 ﬁnem,
2180 4618 2530 4688 mediumque
2574 4619 2913 4689 complexus,
2949 4638 2969 4671 ι
3019 4619 3134 4674 haec
3172 4626 3231 4673 tu
3265 4633 3333 4673 ex

1764 4707 2116 4764 Hebrmorum
2160 4710 2444 4779 prophetia
2486 4705 2774 4780 compone,
2812 4728 2832 4763 ι
2889 4710 3003 4780 Ego
3040 4711 3183 4765 Deus
3227 4711 3336 4780 pri-

1763 4816 1909 4864 mus,
1937 4808 1992 4855 et
2022 4800 2352 4855 novissimus
2382 4815 2482 4870 ego
2512 4816 2630 4856 sum
2654 4800 2709 4867 ⁸;
2744 4820 2764 4854 ›
2801 4800 3041 4871 itemque
3066 4814 3191 4856 cum
3213 4800 3330 4869 illo,

1768 4910 1787 4943 ι
1830 4891 1994 4947 Recta
2025 4891 2256 4961 perlicit,
2297 4909 2316 4942 ι
2351 4891 2581 4945 alterum
2615 4892 2737 4957 hoc,
2775 4909 2793 4942 ι
2835 4890 3210 4948 Rectitudines
3239 4905 3334 4947 no-

1759 4984 1838 5038 vit
1879 4984 2062 5038 vultus
2086 4983 2205 5053 ejus
2237 4983 2277 5036 °.
2313 5001 2331 5034 ι
2389 4981 2591 5038 Deinde
2629 4998 2755 5039 cum
2810 4981 2939 5049 illis,
2974 5000 2992 5035 ι
3041 4982 3180 5037 Eum
3208 4996 3332 5052 per-

1760 5085 1924 5145 petuo
1946 5072 2163 5130 Justitia
2191 5074 2462 5145 sequitur,
2491 5089 2703 5141 eorum,
2736 5074 2830 5144 qui
2863 5075 2961 5130 abs
2989 5074 3172 5129 divina
3215 5073 3334 5143 lege

1760 5167 2071 5231 discedunt,
2108 5166 2271 5221 ultrix
2304 5173 2471 5236 atque
2496 5166 2714 5230 vindex,
2752 5184 2770 5217 ι
2803 5166 2906 5221 ista
2941 5165 3151 5232 confer,
3183 5183 3203 5217 ι
3234 5163 3333 5220 Ju-

1758 5266 1877 5314 stus
1907 5256 2189 5323 Dominus,
2218 5264 2274 5312 et
2297 5256 2538 5326 justitias
2568 5256 2757 5315 dilexit
2782 5258 2867 5324 ¹⁰;
2898 5276 2918 5310 ι
2953 5258 3190 5329 itemque
3215 5256 3332 5314 haec

1832 5540 1948 5611 (75)
1977 5539 2488 5611 Πρύςίεὰςμέπιστ.
2505 5537 2657 5611 Plato
2684 5539 2810 5611 περὶ
2836 5539 2937 5611 τὰς
2965 5539 3082 5603 ἐπ.,
3110 5536 3330 5594 melius.

1832 5607 1945 5679 (74)
1985 5607 2037 5679 ’ρ
2083 5610 2200 5677 μὲν
2247 5609 2323 5677 δὴ
2381 5610 2545 5675 Θεός.
2603 5607 2857 5679 Ρνοιιὶριε
2905 5610 3033 5679 haec
3058 5617 3223 5679 εαξη
3259 5618 3329 5665 ex

1761 5676 1956 5750 quarto
1990 5676 2202 5750 Legum,
2228 5676 2349 5750 pag.
2383 5679 2486 5733 600
2529 5680 2663 5750 edit.
2691 5676 3027 5750 Graeco-Lat.
3056 5677 3259 5750 Ficini,

1856 5749 1946 5820 75)
1979 5747 2252 5820 Εὐθεῖαν.
2282 5747 2553 5820 Manuscr.
2576 5748 2771 5820 εὐθέα.
2799 5748 2904 5806 Sed
2946 5748 3086 5805 infra
3115 5764 3173 5820 p.
3202 5748 3327 5819 793.

1856 5752 1946 5820 75)
1979 5752 2252 5804 Εὐθείαν.
2282 5752 2553 5803 Manuscr.
2579 5752 2702 5801 εὐθέ

1763 5752 1927 5887 huius
1950 5820 2079 5876 edit.
2102 5819 2313 5877 Atticus
2341 5819 2469 5886 legit
2503 5818 2707 5884 εὐθείᾳ.
