3826 6232
478 289 586 347 883
1155 279 1425 349 ΕῘῘΞῈΒΙΙ
1454 291 1935 349 CESARIENSIS
1971 291 2036 350 01

2172 292 2353 349 PARS
2389 292 2454 350 II.
2477 326 2535 337 --
2587 291 3089 351 APOLOGETICA.
3624 293 3716 352 881

477 413 583 468 alia
610 396 640 467 τ’
678 431 699 467 ι
736 413 853 470 Mea
891 423 976 471 est
1036 414 1194 482 ultio,
1230 425 1284 471 et
1319 431 1419 486 ego
1459 416 1777 481 retribuam,
1843 413 1976 470 dicit
2033 414 2299 469 Dominus
2328 416 2416 481 “;
2461 433 2479 468 ι
2524 430 2746 491 necnon
2813 416 2947 482 ista,
2989 434 3009 467 ι
3056 413 3326 481 Quoniam
3370 413 3569 470 vindex
3624 414 3718 468 Do-

476 505 683 569 minus,
750 514 803 561 et
845 505 1105 561 retribuet
1154 504 1479 561 facientibus
1540 504 1879 561 abundanter
1921 504 2229 575 superbiam
2258 505 2326 558 ".
2386 523 2405 556 ›
2460 504 2723 560 Praeterea
2784 521 2908 560 cum
2981 506 3123 572 illis,
3171 505 3318 561 «Cui
3363 506 3582 576 quidem
3625 506 3719 562 alii-

476 613 580 654 xus
639 597 874 655 demisso
925 602 1338 671 compositoque
1390 601 1574 656 animo
1629 601 1943 667 comitatur,
1980 600 2233 671 quisquis
2299 602 2368 656 ad
2414 600 2724 656 felicitatem
2772 601 3017 671 aspirat,
3058 621 3077 654 ι
3122 601 3375 672 congruit
3411 617 3545 656 sane
3585 603 3718 672 quod

480 688 757 759 sequitur,
797 713 823 742 τ
862 692 993 746 Post
1048 691 1334 747 Dominum
1387 691 1555 748 Deum
1608 702 1760 748 tuum
1826 692 2133 748 ambulabis
2170 691 2239 745 ".
2299 712 2318 745 ›
2352 691 2597 762 Denique
2650 708 2775 749 cum
2830 693 2958 759 illis,
3004 712 3023 745 ι
3074 694 3144 748 At
3179 709 3309 749 vero
3350 695 3607 765 superbia
3656 696 3722 750 in.

481 787 823 845 tumescens,
868 787 967 836 abs
1020 781 1132 836 Deo
1188 796 1397 837 vacuus
1455 782 1814 852 relinquitur,
1876 801 1896 835 ι
1949 782 2067 837 haec
2103 797 2403 853 compone,
2460 782 2658 839 tDeus
2716 784 2967 853 superbis
3006 784 3245 852 resistit,
3289 784 3590 841 humilibus
3644 801 3722 841 au-

481 878 587 924 tem
616 872 710 927 dat
738 885 968 943 gratiam
1005 875 1099 940 “,t
1132 885 1207 941 et,
1249 896 1267 928 ι
1306 875 1514 931 Laetitia
1558 877 1870 947 impiorum,
1920 893 2081 934 casus
2120 879 2378 934 terribilis
2402 879 2468 932 “.
2509 898 2528 930 ι
2556 878 2633 935 Ae
2668 880 2734 934 de
2768 894 2983 934 summo
3007 879 3225 950 quidem
3255 896 3438 935 rerum
3485 882 3721 936 omnium

480 962 825 1021 moderatore
868 964 1002 1031 Deo,
1040 967 1157 1023 haec
1190 969 1258 1023 de
1321 968 1550 1025 infinitis
1601 986 1776 1040 pauca
1824 970 2130 1038 sufﬁciant;
2170 971 2433 1042 deinceps
2468 972 2778 1043 cujusmodi
2827 972 2957 1037 sint,
2996 988 3119 1042 quas,
3157 972 3457 1028 secundum
3486 973 3552 1028 ad
3595 975 3724 1044 prin-

482 1054 692 1127 cipium
742 1058 1049 1128 pertinent,
1091 1060 1399 1116 considera.

1060 1150 1290 1206 CAPUT
1322 1148 1462 1207 XIV.

553 1238 631 1294 De
663 1241 890 1295 secundo
929 1240 1274 1298 Hebrazorum
1316 1244 1661 1315 Platonisque
1695 1246 1976 1315 principio.

558 1329 633 1387 De
660 1331 841 1402 primo
873 1332 1042 1388 totius
1077 1333 1318 1390 universi
1362 1333 1631 1404 principio
1670 1335 1786 1390 haec
1831 1349 1862 1389 a
1892 1333 2052 1391 nobis

2673 1144 3071 1200 ΚΕΦΛΛΑΙΟΝ
3110 1147 3204 1199 ΙΔ’.

2156 1240 2299 1311 Περὶ
2317 1239 2424 1294 τοῦ
2439 1236 2722 1305 δευτέρου
2735 1236 2948 1299 αἰτίου,
2978 1236 3259 1304 Ἐὀζοαίων
3269 1235 3368 1289 καὶ
3389 1235 3723 1304 Πλάτωνος.

2228 1332 2310 1385 Τά
2338 1331 2437 1402 μὲν
2458 1329 2523 1401 δὴ
2558 1327 2801 1400 περὶτοῦ
2831 1326 3050 1398 πρώτου
3074 1327 3181 1380 τῶν
3216 1326 3351 1381 ὅλων
3379 1328 3576 1393 αἰτίου,
3609 1328 3727 1383 τοῦ-

483 1439 584 1495 pro
625 1423 895 1482 confessis
941 1426 1263 1482 habeantur.
1312 1426 1472 1498 532
1511 1425 1667 1482 Nunc
1695 1441 1824 1481 vero
1868 1427 1923 1480 in
1958 1441 2036 1481 se-

2154 1442 2245 1478 τον
2274 1425 2404 1495 ἡμῖν
2456 1419 2894 1492 ἀνωμολογήσθω
2924 1419 3014 1472 τὸν
3057 1419 3278 1491 τρόπον.
3327 1420 3649 1490 Ἐπίσκεψαι
3678 1420 3727 1475 δὲ

480 1515 646 1571 eundi
687 1517 1205 1586 contemplationem
1242 1517 1547 1587 ingredere,
1588 1516 1735 1586 quod
1774 1514 1872 1571 Dei
1920 1514 2036 1570 Ver-

2151 1518 2246 1572 καὶ
2274 1514 2343 1568 τά
2377 1515 2506 1586 περὶ
2531 1512 2625 1566 τοῦ
2648 1512 2927 1583 δευτέρου,
2956 1510 3015 1564 δν
3041 1511 3106 1581 δὴ
3121 1510 3256 1564 Θεοῦ
3272 1512 3463 1580 Λόγον,
3481 1514 3572 1566 καὶ
3603 1513 3728 1566 Θεὸν

481 1610 643 1674 bum,
691 1622 757 1664 ac
799 1606 970 1663 Deum
1023 1624 1089 1664 ex
1129 1608 1240 1663 Deo
1281 1624 1404 1665 esse
1446 1607 1798 1664 Hebraeorum
1853 1609 2036 1663 docenl

2149 1611 2214 1663 ἑκ
2235 1607 2370 1661 Θεοῦ
2398 1602 2538 1659 εἶναι
2581 1604 2650 1658 τὰ
2690 1602 2958 1675 Ἐϐραίων
2985 1603 3230 1657 παιδεύει
3267 1604 3444 1673 λόγια,
3485 1604 3729 1676 καθάπερ

482 1698 728 1764 oracula,
761 1699 1070 1769 cujusmodi
1113 1700 1386 1771 theologia
1424 1715 1525 1754 nos
1565 1700 1730 1754 etiam
1772 1698 1968 1753 imbuti
1993 1707 2036 1753 et

2151 1703 2245 1756 καὶ
2284 1702 2445 1771 ἡμεῖς
2467 1697 2624 1751 αὐτοὶ
2667 1696 2937 1765 θεολογεῖν
2992 1695 3370 1769 δεδιδάγμεθα.
3418 1698 3474 1750 '0
3510 1699 3614 1768 μὲν
3646 1695 3730 1751 οὖν

480 1788 759 1846 informati
803 1806 1013 1846 sumus.
1068 1789 1280 1863 Moyses
1330 1799 1476 1846 certe
1520 1791 1740 1862 quidem
1794 1791 2036 1846 dominos

2149 1792 2352 1863 Μωσῆς
2398 1789 2694 1862 διαρρήδην
2767 1789 2860 1842 δύο
2916 1787 3157 1858 θεολογεϊ
3213 1790 3493 1860 Κυρίους,
3544 1791 3606 1842 ὲν
3658 1785 3729 1853 of;

480 1881 732 1951 agnoscit
775 1882 1140 1952 praedicatque
1188 1882 1348 1947 duos,
1393 1882 1522 1937 dum
1574 1882 1681 1949 ait,
1726 1900 1744 1934 ι
1803 1881 1869 1936 Ει
1910 1882 2036 1951 pluit

2155 1899 2320 1954 φησιο
2368 1901 2386 1933 ι
2424 1882 2534 1935 Καὶ
2582 1879 2767 1951 ἔϐρεξε
2815 1877 3019 1950 Κύριος
3050 1878 3202 1951 παρὰ
3252 1879 3457 1951 Κυρίου
3497 1879 3615 1951 πῦρ
3647 1881 3731 1935 καὶ

483 1969 749 2029 Dominus
796 1988 827 2027 a
859 1972 1090 2027 Domino
1124 1974 1304 2044 ignem
1345 1981 1400 2028 et
1451 1974 1700 2043 sulphur,
1747 1990 1911 2043 super
1954 1976 2036 2028 im-

2152 1975 2291 2028 θεῖον
2333 1973 2426 2027 ἐπὶ
2475 1973 2574 2044 τὴν
2606 1972 2714 2026 τῶν
2749 1971 2962 2025 ἀσεϐῶν
3015 1971 3186 2024 πόλιν.
3221 1990 3237 2021 ι
3276 1971 3443 2025 Ἔνθα
3491 1973 3730 2043 συνήθως

478 2064 693 2134 piorum
719 2064 987 2120 civitatem
1015 2066 1084 2132 ιθ,
1118 2084 1137 2117 ι
1166 2065 1256 2119 ubi
1280 2065 1440 2120 solito
1470 2081 1620 2120 more
1641 2066 1874 2120 similem
1906 2069 2036 2134 apud

2151 2065 2243 2118 ἐπὶ
2274 2065 2383 2117 τῶν
2404 2063 2496 2117 δύο
2527 2065 2626 2136 τὴν
2659 2062 2849 2135 ὁμοίαν
2869 2062 2979 2115 τῶν
3004 2062 3134 2133 παρ’
3162 2060 3433 2132 Ἑϐραίοις
3460 2064 3733 2134 χαρακτή-

480 2151 740 2208 Hebrzeos
774 2153 829 2207 in
862 2154 1128 2209 ambobus
1176 2154 1485 2209 litterarum
1529 2166 1708 2210 notam
1751 2156 2036 2225 expressit,

2152 2174 2259 2227 ρων
2288 2156 2583 2226 ἐποιήσατο
2632 2155 2964 2227 παράθεσιν⁵
2996 2154 3135 2226 αὕτη
3186 2155 3244 2208 δέ
3292 2157 3409 2207 ἐστι
3438 2157 3471 2225 ἡ
3506 2155 3598 2207 διὰ
3627 2155 3732 2209 τῶν

476 2260 601 2315 quae
630 2244 735 2299 alia
768 2260 878 2300 non
910 2254 995 2301 est
1025 2260 1188 2316 quam
1218 2246 1309 2301 illa
1348 2246 1487 2316 ipsa,
1519 2258 1683 2318 quam
1726 2247 1919 2303 efferre
1952 2264 2036 2303 ne

2146 2247 2429 2317 τεσσάρων
2469 2246 2745 2316 στοιχείων
2776 2244 3154 2317 ἀνεκφώνητος
3187 2247 3318 2315 παρ’
3347 2246 3531 2308 αὐτοῖς
3561 2244 3735 2298 θεολο-

475 2346 717 2409 queunt,
767 2337 1052 2393 elementis
1097 2347 1331 2407 quatuor
1375 2339 1669 2394 informata
1721 2339 1889 2394 divini
1934 2337 2036 2393 Nu«

2149 2336 2262 2403 γία.
2294 2335 2481 2407 Τούτῳ
2508 2336 2567 2388 δὲ
2604 2337 2697 2389 καὶ
2739 2335 2923 2399 Δαϐὶδ,
2968 2336 3125 2400 ἄλλος
3149 2338 3435 2406 προφήτης
3475 2335 3614 2406 ὁμοῦ
3642 2335 3735 2389 καὶ

482 2430 648 2487 minis
690 2430 1002 2502 appellatio.
1049 2429 1237 2486 Eidem
1283 2446 1502 2502 quoque
1557 2430 1724 2487 David
1769 2433 2036 2494 accinens.

2151 2427 2401 2497 βασιλεὺς
2432 2428 2716 2499 Ἑϐραίων,
2745 2428 2983 2499 συνᾴδων
3013 2428 3195 2499 φησίν·
3229 2447 3247 2479 ι
3293 2424 3506 2483 Εἴπενὺ
3531 2428 3733 2498 Κύριος

479 2522 621 2580 alius
668 2530 723 2578 et
771 2522 887 2593 ipse
925 2522 1275 2577 Hebraeorum
1330 2524 1595 2595 propheta
1638 2524 1800 2580 simul
1833 2532 1887 2579 et
1928 2540 2036 2588 rex1

2146 2525 2226 2595 τῷ
2258 2523 2449 2595 Κυρίῳ
2485 2541 2606 2594 μου·
2635 2522 2816 2576 Κάθου
2840 2525 2902 2575 ἑκ
2929 2521 3115 2587 δεξιῶν
3148 2539 3267 2593 μοψ
3298 2542 3316 2573 ι
3347 2522 3437 2575 τὸν
3466 2523 3565 2593 μὲν
3598 2525 3730 2576 ἀνω-

474 2615 551 2670 ita
588 2615 853 2686 loquitur:
904 2634 923 2668 ι
969 2616 1115 2671 Dixit
1148 2616 1415 2672 Dominus
1465 2614 1700 2671 Domino
1729 2631 1872 2681 meo,
1918 2618 2036 2671 sede

2146 2615 2293 2668 τάτω
2345 2614 2476 2667 Θεὸν
2533 2614 2620 2667 διά
2670 2613 2763 2665 τοῦ
2800 2612 3018 2683 πρώτου
3067 2614 3293 2684 Κυρίου,
3330 2612 3423 2665 τὸν
3450 2613 3509 2665 δὲ
3540 2615 3729 2669 τούτου

474 2722 505 2761 a
547 2706 753 2762 dextris
784 2706 919 2763 meis
944 2707 1015 2759 ":
1062 2726 1080 2759 ι
1112 2707 1201 2762 ubi
1240 2706 1695 2778 quemadmodum
1724 2706 1921 2776 prioris
1949 2705 2036 2761 Do

2145 2705 2396 2775 δεύτερον
2433 2704 2523 2758 διὰ
2572 2705 2669 2775 τῆς
2713 2703 2970 2774 δευτέρας
3011 2704 3295 2771 ἀποφήνας
3335 2704 3725 2775 προσηγορίας.

484 2798 619 2852 mini
663 2813 797 2854 voce
844 2798 1013 2854 Deum
1051 2799 1373 2862 maximum,
1420 2797 1496 2852 ita
1532 2797 1821 2867 posteriori
1871 2797 2036 2867 appel-

2147 2800 2266 2852 Τίνι
2297 2797 2406 2869 γὰρ
2443 2797 2587 2868 ἄλλῳ
2613 2797 2771 2868 θέμις
2791 2798 3037 2850 ὑπονοεῖν
3070 2795 3137 2849 τὰ
3167 2796 3317 2862 δεξιά
3336 2796 3426 2849 διά
3445 2797 3547 2868 τῆς
3576 2799 3725 2866 ἀγενο

474 2889 679 2946 latione
734 2890 967 2945 alterum
1024 2890 1092 2945 ab
1133 2890 1227 2947 illo
1287 2888 1605 2945 declaravit.
1670 2888 1843 2955 Quem
1899 2889 2036 2943 enim

2145 2890 2305 2960 νήτου
2337 2889 2599 2959 Θεότητος
2647 2887 3089 2959 παραχωρεῖσθαι
3122 2889 3155 2959 ἦ
3196 2888 3344 2958 μόνῳ
3372 2887 3451 2960 τῷ
3477 2884 3681 2959 περὶῶ
3700 2891 3725 2931 θ

472 2981 717 3051 cogitare
763 2981 847 3036 fas
905 2989 1025 3048 est,
1080 2982 1172 3051 qui
1237 2981 1304 3035 ab
1360 2979 1597 3052 ingenita
1643 2980 1929 3034 divinitate
1975 2978 2036 3033 ad

2146 2980 2329 3049 λόγος;
2363 2981 2421 3034 ὃν
2449 2982 2476 3033 ὁ
2525 2980 2683 3043 αὐτὸς
2731 2981 3015 3051 προφήτης
3061 2980 3118 3033 ὲν
3170 2979 3378 3050 ἑτέροις
3410 2980 3723 3051 λευκότερον

472 3072 646 3141 ipsius
689 3070 972 3126 dexteram
1017 3071 1337 3128 considendi
1377 3071 1469 3142 jus
1510 3070 1810 3141 acceperit,
1849 3080 2036 3140 praeter

2144 3072 2396 3141 διασαφεῖ
2435 3071 2606 3141 Λόγον
2650 3070 2747 3124 τοῦ
2787 3071 3018 3142 Πατρὸς,
3058 3070 3389 3144 δημιουργὸν
3441 3073 3552 3125 τῶν
3595 3073 3722 3125 ὅλων

473 3177 645 3216 unum
686 3161 865 3230 illum,
915 3178 1026 3232 quo
1077 3163 1144 3217 de
1188 3178 1368 3217 sermo
1412 3179 1441 3218 a
1486 3163 1643 3219 nobis
1701 3162 2036 3218 instituitur‘.i

2145 3165 2512 3235 ὑφιστάμενος
2571 3160 2709 3217 εἶναι
2744 3164 2834 3216 τὸν
2864 3162 3300 3242 θεολογούμενον,
3334 3165 3393 3217 ὲν
3433 3158 3517 3226 οἷς
3557 3181 3714 3234 φησιο

473 3251 649 3319 Quem
697 3253 842 3308 idem
896 3254 1012 3322 ipse
1054 3255 1353 3324 propheta,
1409 3255 1631 3324 planius
1686 3255 1867 3309 adhuc
1913 3255 2036 3309 alibi

2158 3275 2175 3307 ι
2203 3254 2292 3325 Τῷ
2329 3255 2486 3326 Λόγῳ
2516 3252 2719 3325 Κυρίου
2762 3256 2813 3308 οἱ
2843 3254 3060 3325 οὐρανοὶ
3092 3253 3527 3325 ἐστερεώθησαν.
3570 3277 3589 3307 ι
3623 3255 3724 3308 Καὶ

471 3340 647 3398 Patris
675 3342 911 3398 Verbum
941 3358 1063 3399 esse
1100 3345 1436 3413 pronuntiat,
1462 3346 1590 3400 dum
1624 3346 1775 3401 illum
1801 3346 2036 3401 universi

2146 3346 2375 3417 Σωτῆρα
2405 3345 2462 3398 δὲ
2511 3345 2601 3399 τὸν
2640 3344 2800 3399 αὐτὸν
2831 3344 2940 3397 τῶν
2970 3345 3238 3415 δεομένων
3260 3346 3360 3416 τῆς
3401 3347 3531 3418 παρ’
3566 3348 3723 3400 αὑτοῦ

474 3434 783 3490 molitorem
847 3448 969 3490 esse
1027 3441 1259 3497 testatur
1298 3452 1361 3491 ac
1400 3436 1572 3506 ponit,
1604 3455 1623 3487 ‹
1661 3435 1862 3503 Verbo,
1905 3456 1922 3488 ι
1963 3438 2045 3490 in-

473 3529 688 3601 quiens,
716 3547 735 3580 ι
761 3525 1113 3588 Dominicreli
1130 3529 1325 3583 ﬁrmati
1353 3538 1482 3584 sunt
1509 3530 1571 3585 ⁸⁸.
1598 3550 1616 3582 ι
1637 3528 1776 3597 Quin
1798 3531 2043 3585 omnium

473 3621 663 3683 etiam,
694 3619 815 3690 ejus
849 3634 952 3690 ope
979 3627 1034 3676 et
1067 3621 1354 3677 curatione
1379 3621 1764 3691 indigentium,
1793 3621 2044 3678 Servato—

474 3728 593 3768 rem
639 3713 795 3768 illum
838 3727 962 3769 esse
998 3712 1353 3781 confirmans,
1404 3712 1630 3782 (Misit,
1668 3715 1865 3785 inquit,
1908 3713 2043 3770 Ver-

472 3803 602 3859 bum
645 3819 830 3872 suum,
863 3812 918 3860 et
948 3803 1160 3859 sanavit
1186 3818 1279 3859 eos
1318 3806 1384 3859 ¹⁹.
1428 3823 1448 3858 ι
1494 3803 1758 3861 Similiter
1794 3805 2038 3875 ejusdem

473 3896 618 3951 filius
652 3897 818 3951 simul
865 3905 1028 3967 atque
1064 3911 1354 3952 successor
1399 3894 1679 3965 Salomon,
1716 3898 2037 3968 appellatio-

474 4003 547 4046 ne
573 3989 793 4058 quidem
834 3990 963 4056 alia,
1004 4004 1167 4044 sensu
1201 3998 1380 4046 tamen
1424 4004 1652 4058 prorsus
1693 3991 1903 4055 eodem,
1945 4007 2041 4060 pro

472 4075 654 4135 Verbo
688 4078 1021 4150 Sapientiam
1053 4081 1366 4145 nominans,
1401 4082 1517 4138 haec
1543 4082 1690 4139 illius
1719 4098 1783 4137 ex
1810 4098 2039 4152 persona

471 4170 899 4224 commemorati
954 4186 974 4220 ι
1026 4167 1136 4239 Ego
1183 4168 1459 4239 Sapientia
1510 4172 1762 4227 habitans
1810 4173 1866 4227 in
1906 4189 2039 4228 oon-

473 4260 616 4326 silio,
635 4267 689 4315 et
707 4260 1072 4331 cognitionem
1104 4270 1159 4316 et
1192 4262 1604 4333 intelligentiam
1635 4263 1883 4319 invocavi
1913 4266 1978 4318 '°.
2016 4285 2034 4317 ε

476 4350 615 4407 Tum
637 4353 800 4421 paulo
827 4359 953 4422 post
984 4351 1056 4406 ita
1086 4355 1462 4423 prosequitur:
1489 4373 1507 4405 ι
1536 4355 1796 4410 Dominus
1839 4358 2039 4411 creavit

471 4456 561 4497 me
590 4440 805 4495 initium
844 4441 1056 4495 viarum
1093 4455 1314 4497 suarum
1348 4443 1401 4495 in
1431 4456 1596 4512 opera
1622 4458 1742 4497 sua.
1772 4444 1910 4499 Ante
1939 4461 2038 4513 sa:-

2146 3439 2438 3510 θεραπείας
2470 3438 2702 3507 εἰσάγει,
2752 3438 2953 3506 λέγων’
2997 3456 3016 3489 ι
3069 3438 3381 3492 Ἀπέστειλε
3417 3442 3511 3493 τὸν
3556 3442 3724 3509 Λόγον

2143 3530 2330 3596 αὐτοῦ,
2399 3530 2493 3584 καὶ
2545 3530 2733 3583 ἰάσατο
2774 3528 2992 3592 αὐτούς.
3036 3548 3055 3580 ι
3091 3530 3202 3582 Kal.
3230 3533 3259 3583 ὁ
3292 3531 3483 3583 τούτου
3509 3531 3567 3583 δὲ
3598 3536 3723 3596 παῖς

2143 3620 2279 3693 ὁμοῦ
2333 3623 2428 3675 καὶ
2472 3619 2712 3691 διάδοχος
2742 3620 3014 3691 Σολομὼν,
3041 3620 3216 3693 ἑτέρῳ
3244 3625 3596 3695 προσρήματι
3626 3626 3725 3694 τὴν

2144 3711 2313 3782 αὐτὴν
2348 3710 2618 3780 παριστὰς
2651 3711 2908 3774 διάνοιαν,
2951 3711 3070 3764 ἀντὶ
3095 3712 3271 3775 Λόγου
3310 3714 3510 3782 Σοφίαν
3532 3715 3723 3780 εὶπὼν,

2141 3803 2268 3856 τάδε
2298 3805 2373 3866 ὡς
2396 3802 2456 3867 ἐξ
2484 3804 2654 3873 αὐτῆς
2684 3803 2973 3874 προσώπου
3009 3804 3259 3869 διέξεισιν
3278 3824 3291 3836 ο
3327 3825 3347 3859 ι
3401 3807 3543 3877 Ἐγὼ
3571 3812 3602 3879 ἡ
3629 3809 3727 3863 Σο-

2144 3897 2240 3964 φία
2293 3897 2685 3967 κατεσκήνωσα
2737 3896 2954 3966 βουλὴν,
2983 3898 3074 3950 καὶ
3117 3897 3342 3965 γνῶσιν,
3380 3900 3476 3953 καὶ
3517 3900 3725 3956 ἔννοιαν

2143 3986 2252 4055 ἐγὼ
2285 3986 2721 4058 ὲπεκαλεσάμην.
2766 4007 2784 4038 ι
2817 3984 2931 4041 Εἶθ’
2980 3988 3107 4059 ἑξῆς
3150 3990 3394 4060 ἐπιλέγει
3419 4009 3433 4021 ·
3467 4011 3486 4043 ι
3522 3993 3728 4064 Κύριος

2141 4076 2320 4130 ἑκτισέ
2348 4093 2414 4147 με
2480 4078 2653 4149 ἀρχὴν
2690 4077 2825 4130 ὁδῶν
2871 4078 3036 4131 αὐτοῦ
3072 4082 3152 4143 εἰς
3200 4081 3340 4153 ἔργα
3374 4083 3561 4137 αὑτοῦ.
3612 4086 3727 4158 Πρὸ

2141 4166 2233 4221 τοῦ
2266 4167 2460 4230 αἰῶνος
2486 4168 2813 4239 ἑθεμελίωσέ
2850 4187 2937 4239 με,
2970 4171 3026 4222 ὲν
3058 4171 3199 4241 ἀρχῇ
3229 4173 3335 4242 πρὸ
3368 4173 3463 4227 τοῦ
3494 4175 3593 4248 τὴν
3621 4179 3725 4247 γῆν

2141 4260 2384 4330 ποιῆσαι,
2420 4259 2525 4330 πρὸ
2546 4260 2638 4313 τοῦ
2657 4260 2756 4332 ὅρη
2787 4261 3130 4332 ἑδρασθῆναι.
3149 4263 3264 4334 Πρὸ
3295 4264 3353 4318 δὲ
3374 4267 3596 4320 πάντων
3616 4269 3723 4321 τῶν

2142 4348 2344 4419 βουνῶν
2375 4351 2539 4421 γεννᾷ
2567 4368 2652 4421 με.
2685 4351 2875 4405 Ἦνίκα
2906 4353 3169 4424 ήτοίμαξε
3194 4354 3285 4407 τὸν
3309 4355 3561 4427 οὐρανὸν,
3591 4375 3726 4428 συμ-

2141 4444 2287 4513 παρή
2298 4459 2403 4513 μην
2433 4441 2601 4513 αὐτῷ.
2626 4462 2645 4494 ι
2678 4442 2783 4495 Τοῦ
2806 4443 2850 4497 δ’
2890 4443 3055 4498 αὐτοῦ
3096 4445 3256 4498 πάλιν
3299 4449 3394 4500 καὶ
3421 4448 3549 4503 τάδε
3574 4453 3717 4503 ἑστί-

467 4532 653 4589 culum
688 4530 938 4587 fundavit
964 4547 1073 4598 me,
1106 4533 1158 4587 in
1199 4533 1471 4603 principio
1501 4544 1795 4604 antequam
1838 4545 2034 4594 terram

2148 4553 2166 4585 ι
2211 4535 2267 4587 '0
2289 4533 2421 4597 Θεὸς
2442 4535 2499 4587 ἑν
2521 4536 2587 4605 τῇ
2621 4535 2791 4606 Σοφίᾳ
2835 4535 3162 4607 ὲθεμελίωσε
3189 4538 3288 4608 τὴν
3328 4540 3432 4610 γῆν
3453 4581 3468 4605 ,
3495 4542 3722 4614 ἡτοίμα-

466 4623 694 4691 faceret,
713 4632 1005 4695 antequam
1032 4633 1247 4681 montes
1263 4626 1660 4682 constitissent.
1685 4627 1824 4683 Ante
1846 4644 2035 4686 omnes

466 4716 634 4772 colles
677 4716 850 4787 gignit
884 4731 989 4770 me.
1025 4714 1254 4783 Quando
1297 4718 1636 4787 praeparabat
1677 4720 1899 4784 coelum,
1933 4723 2032 4775 ad-

463 4824 613 4863 eram
638 4806 824 4877 ipsi“.
868 4824 888 4858 ι
929 4804 1185 4875 Ejusdem
1219 4822 1435 4876 quoque
1474 4815 1622 4875 sunt,
1647 4824 1768 4878 quae
1792 4826 2031 4879 sequun-

465 4909 591 4964 tur,
642 4919 664 4951 «ι
707 4898 849 4955 Deus
900 4899 954 4953 in
1002 4896 1279 4969 Sapientia
1333 4898 1582 4955 fundavit
1619 4909 1841 4969 terram,
1890 4918 2029 4971 prae-

462 4992 673 5067 paravit
720 4991 888 5047 caelos
938 4990 994 5045 in
1050 4992 1379 5061 prudentia;
1443 5010 1463 5044 ι
1520 4999 1634 5047 tum
1688 4993 1851 5048 etiam
1902 4993 2025 5061 ista,

468 5103 492 5139 ι
528 5081 721 5140 Omnia
749 5083 959 5138 occulta
992 5092 1048 5138 et
1076 5093 1258 5153 aperta
1294 5083 1456 5138 novi:
1492 5084 1737 5138 omnium
1768 5085 1912 5139 enim
1948 5101 2031 5140 ar—

2145 4644 2234 4681 σεν
2283 4628 2544 4700 οὐρανοὺς
2611 4629 2669 4680 ὲν
2717 4630 2993 4699 φρονήσει.
3042 4648 3061 4681 ι
3108 4631 3228 4683 Ἔτι
3268 4631 3324 4684 δὲ
3352 4633 3479 4686 τάδε
3504 4633 3721 4703 λέγεται

2141 4715 2384 4771 εἶναιτοῦ
2420 4714 2586 4770 αὑτοῦ
2611 4733 2625 4746 ο
2658 4735 2677 4767 ι
2710 4717 2823 4770 Kal.
2849 4717 2950 4769 ὅσα
2985 4714 3103 4770 ἐστὶ
3135 4718 3356 4788 κρυπτὰ
3386 4721 3485 4774 καὶ·
3502 4721 3723 4793 ἐμφανῆ

2139 4808 2307 4877 ἔγνων
2333 4825 2346 4838 ⁸
2371 4810 2404 4878 ή
2426 4808 2535 4878 γὰρ
2552 4806 2768 4860 πάντων
2790 4810 3025 4878 τεχνῖτις
3051 4806 3258 4875 ἑδίδαξὲ
3277 4827 3345 4879 με
3366 4810 3560 4880 Σοφία.
3575 4830 3592 4862 ι
3610 4813 3721 4865 Εἶτ’

2137 4898 2376 4967 ἐπιλέγει
2399 4917 2412 4929 ·
2444 4918 2463 4949 ι
2505 4899 2569 4951 Τί
2592 4898 2636 4952 δ’
2663 4898 2781 4951 ἐστὶ
2803 4899 2992 4967 Σοφία,
3013 4899 3109 4952 καὶ
3132 4899 3249 4964 πῶς
3275 4901 3495 4970 ἐγένετο
3518 4920 3537 4967 ;
3580 4902 3721 4972 Ἐγὼ

2132 4988 2451 5057 ἀπαγγελῶ,
2485 4990 2579 5042 καὶ
2627 4989 2727 5041 οὐκ
2769 4988 3074 5059 ἀποκρύψω
3114 4990 3241 5060 ὑμῖν
3270 4993 3571 5062 μυστήρια,
3606 4993 3719 5047 ἀλλ’

2131 5080 2192 5147 ἐξ
2225 5082 2400 5152 ἀρχῆς
2436 5081 2704 5150 γενέσεως
2760 5080 3066 5151 ὲξιχνιάσω.
3101 5100 3121 5132 ι
3159 5083 3272 5135 Καὶ
3313 5083 3445 5152 ἑξῆς
3468 5084 3721 5155 διασαφεῖ

459 5171 594 5231 tifex
636 5171 824 5228 docuit
867 5187 956 5228 me
986 5172 1261 5244 Sapientia
1291 5173 1357 5226 ι’.
1414 5191 1434 5225 ι
1488 5170 1700 5240 Quibus
1744 5175 2023 5243 sequentia

2144 5172 2195 5227 τὰ
2220 5173 2399 5227 τοιάδε
2421 5190 2435 5206 ’
2473 5194 2493 5227 ι
2528 5172 2683 5227 Ἔστι
2733 5173 2842 5244 γὰρ
2872 5172 3009 5243 αὕτη
3040 5173 3259 5244 πνεῦμα
3283 5177 3490 5247 νοερὸν,
3541 5178 3715 5246 ἅγιον,

458 5265 717 5333 deinceps
757 5263 1041 5333 adjungit,
1087 5282 1106 5315 ι
1154 5262 1296 5330 Quid
1329 5271 1508 5320 autem
1536 5271 1623 5319 est
1659 5262 1934 5334 Sapientia
1970 5273 2026 5321 et

457 5356 738 5428 quomodo
761 5356 946 5426 genita
988 5356 1111 5412 est?
1137 5354 1253 5425 Ego
1287 5354 1525 5411 referam
1562 5362 1617 5411 et
1660 5370 1768 5410 non
1797 5368 2027 5411 abscon-

2131 5263 2438 5334 μονογενὲς,
2494 5263 2821 5335 πολυμερὲς,
2876 5264 3089 5330 λεπτὸν,
3121 5264 3407 5335 εὐκίνητον
3430 5306 3445 5331 ,
3496 5267 3714 5339 τρανὸνς

2132 5353 2451 5425 ἀμόλυντον,
2505 5352 2929 5425 παντοδύναμον,
2988 5354 3419 5420 πανεπίσκοπον,
3482 5358 3581 5412 καὶ
3630 5359 3717 5411 διὰ

454 5444 583 5503 dam
629 5462 661 5501 a
694 5446 850 5504 vobis
893 5455 1259 5511 sacramenta,
1296 5447 1393 5502 sed
1427 5446 1497 5501 ab
1541 5445 1699 5501 initio
1726 5447 2028 5504 nativitatis

2144 5444 2350 5499 πάντων
2375 5443 2585 5517 χωροῦν
2618 5444 2942 5516 πνευμάτων
2965 5445 3186 5518 νοερῶν,
3216 5447 3496 5521 καθαρῶν,
3528 5450 3719 5506 λεπτο-

457 5537 797 5609 investigabo
824 5539 891 5596 “.
947 5558 968 5593 ι
1021 5537 1224 5594 Deinde
1280 5553 1393 5594 rem
1446 5538 1726 5596 illustrans
1784 5539 2029 5606 uberius,

527 5652 719 5709 "Deut
756 5655 994 5721 xxxn,7.
1056 5654 1257 5709 "Psal.
1282 5653 1514 5720 xxx,29.
1590 5654 1637 5686 “
1653 5654 1809 5709 Deut.
1837 5655 2026 5720 mut.
2106 5650 2438 5717 “Jac.'1v,8.
2515 5654 2674 5711 "Job
2699 5671 2792 5721 xx,
2824 5655 3188 5720 5,:ec.LXX.

2128 5537 2327 5592 τάτων.
2396 5537 2584 5609 Πάσης
2636 5537 2743 5610 γὰρ
2778 5540 3044 5610 κινήσεως
3082 5540 3714 5615 κινητικώτερονΣοφία.

3266 5660 3311 5691 ¹⁶
3331 5659 3470 5715 Gen.
3490 5676 3607 5727 xix,
3622 5661 3711 5715 24.

457 5720 666 5779 "Psal.
686 5740 794 5793 cu,
832 5727 881 5783 1.
963 5727 1004 5759 ¹⁸
1030 5724 1175 5781 Psal.
1200 5741 1370 5794 χχιιι,
1399 5725 1451 5782 6.
1529 5723 1726 5782 "Psal.
1747 5725 1959 5796 cv1,20.

2146 5724 2507 5793 rov.v1u,l.2.
2548 5726 2626 5801 -“
2658 5725 2786 5782 ibid.
2826 5725 2916 5783 2‘2.
2995 5729 3214 5809 “ibid”
3266 5729 3315 5763 ³³
3356 5720 3711 5804 Sap.vi,'2t.
