3826 6232
160 298 272 356 S85

1313 301 1632 360 PREPAR.
1672 300 1923 359 EVANG.
1967 298 2092 357 LIB.
2122 299 2214 356 XI.

3306 287 3411 348 868

154 424 347 494 Διήκει
372 421 429 475 δὲ
465 423 556 476 καὶ
586 427 757 496 χωρεῖ
781 425 872 480 διά
892 426 1112 482 πάντων
1137 428 1224 482 διὰ
1244 427 1340 499 τὴν
1375 427 1734 500 καθαρότητα.

1850 445 1868 477 ι
1912 426 2007 481 Est
2059 426 2227 485 enim,
2278 422 2485 492 inquit,
2537 420 2654 489 ipsa
2715 417 2952 491 Spiritus
3000 381 3409 484 intelligentiae,

168 515 366 587 Ἀτμὶς
394 518 502 588 γάρ
536 519 654 570 ἐστι
674 520 773 590 τῆς
822 519 915 574 τοῦ
946 519 1082 573 Θεοῦ
1114 522 1413 592 δυνάμεως,
1455 523 1548 574 καὶ
1572 519 1742 591 ἀπόρ-

157 608 284 678 ροια
320 608 417 678 τῆς
460 608 554 662 τοῦ
593 609 1041 684 Παντοκράτορος
1090 612 1248 684 δόξης
1295 613 1612 682 εἰλικρινής.
1644 612 1743 665 Διά

153 697 319 750 τοῦτο
367 698 519 752 οὐδὲν
573 701 979 773 μεμολυσμένον
1015 704 1096 767 εἰς
1135 703 1302 775 αὐτὴν
1342 703 1736 774 παρεμπίπτει.

164 788 539 860 Ἀπαύγασμα
588 791 699 864 γάρ
752 793 867 845 ἐστι
904 793 1080 863 φωτὸς
1109 794 1307 858 ἀϊδίου,
1343 794 1439 847 καὶ
1482 793 1740 864 ἔσοπτρον

152 880 491 950 ἀκηλίδωτον
526 883 627 954 τῆς
655 883 750 937 τοῦ
796 885 932 939 Θεοῦ
976 886 1277 956 ἐνεργείας,
1324 886 1420 940 καὶ
1461 887 1622 940 εἰκὼν
1646 885 1744 956 τῆς

155 972 497 1043 ἀγαθότητος
520 975 704 1028 αὐτοῦ.
752 996 842 1027 ι-
857 996 875 1029 ι
911 978 1171 1031 Διατείνει
1209 978 1265 1031 δὲ
1288 977 1394 1044 ἀπὸ
1417 978 1649 1049 πέρατος
1667 977 1746 1039 είς

154 1065 335 1137 πέρας
372 1066 680 1139 εὐρώστως,
708 1070 800 1122 καὶ
826 1069 1107 1124 διοικεῖται
1131 1070 1200 1124 τά
1222 1052 1397 1124 πάντα
1421 1069 1691 1141 χρηστῶς-
1721 1088 1739 1120 ³

155 1155 347 1211 Ταῦτα
367 1158 465 1230 μὲν
493 1160 526 1229 ή
558 1157 597 1211 Γ
598 1162 771 1232 ραφή.
789 1162 899 1233 Τὴν
922 1161 978 1214 δὲ
1006 1162 1091 1215 διὰ
1115 1162 1205 1216 τοῦ
1222 1162 1484 1233 δόγματος
1511 1160 1745 1214 διάνοιαν

151 1247 330 1301 Φίλων
363 1252 392 1303 ὁ
430 1250 678 1321 Ἑϐραῖος
710 1251 1021 1325 λευκότερον
1052 1252 1367 1324 ἑρμηνεύων
1405 1251 1552 1305 τόνδε
1582 1250 1742 1323 παρί-

152 1352 319 1411 στησι
352 1340 441 1393 τὸν
461 1340 681 1412 τρόπον.

1847 527 2096 583 sanctus,
2127 515 2463 587 unigenitus,
2502 513 2807 582 multiplex,
2857 509 3109 573 subtilis,
3157 504 3410 571 mobilis,

1848 608 2110 674 disertus,
2147 607 2617 677 incoinquinatus,
2648 618 2865 659 omnem
2897 602 3104 656 habens
3129 599 3409 663 virtutem,

1847 700 2032 754 omnia
2063 700 2422 769 prospiciens,
2460 713 2650 753 omnes
2696 709 2984 766 permeans
3028 692 3282 762 spiritus,
3327 689 3412 743 in-

1842 790 2169 861 telligibiles,
2189 804 2380 860 puros,
2403 788 2752 844 tenuissimos
2772 806 2785 840 :
2808 784 2965 857 533
2989 782 3245 846 omnibus
3264 779 3412 836 enim

1843 881 2142 936 mobilibus
2177 880 2433 935 mobilior
2458 887 2542 933 est
2577 876 2891 947 Sapientia:
2937 881 3186 945 penetrat
3228 882 3413 926 autem

1844 990 1910 1030 ac
1945 973 2189 1044 pervadit
2238 972 2423 1027 omnia
2466 980 2687 1041 propter
2716 984 2871 1024 suam
2920 966 3263 1022 munditiam.
3307 962 3413 1017 Va-

1844 1080 1945 1134 ροι-
1970 1065 2230 1121 est'enim
2273 1065 2491 1119 virtutis
2516 1063 2628 1126 Dei,
2664 1070 2718 1116 et
2742 1061 3023 1116 emanatio
3053 1060 3301 1128 quadam
3328 1068 3414 1113 est

1844 1153 2246 1225 Omnipotentis
2279 1155 2467 1226 gloria
2506 1155 2739 1210 sincera.
2778 1151 2843 1205 Et
2883 1151 3005 1205 ideo
3046 1149 3179 1204 nihil
3225 1146 3408 1217 inqui-

1847 1256 2039 1302 natum
2098 1246 2152 1301 in
2210 1262 2330 1302 eam
2390 1245 2642 1301 incurrit.
2686 1243 2900 1299 Candor
2949 1248 3034 1295 est
3078 1242 3222 1294 enim
3272 1238 3412 1293 lucis

1848 1347 2084 1403 aeterna,
2116 1347 2170 1394 et
2212 1338 2492 1409 speculum
2533 1336 2654 1392 sine
2682 1333 2895 1390 macula
2928 1332 3025 1389 Dei
3053 1329 3414 1398 efﬁcacitatis,

148 1436 212 1485 et
234 1429 418 1501 imago
462 1431 720 1488 bonitatis
755 1433 899 1489 illius
919 1433 986 1487 “.
1024 1452 1043 1485 ι
1086 1465 1141 1473 ά
1174 1451 1192 1484 ι
1222 1433 1447 1504 Attingit
1475 1440 1653 1487 autem
1689 1445 1719 1484 a
1747 1428 1853 1484 line
1891 1446 2064 1501 usque
2099 1430 2166 1486 ad
2208 1431 2369 1485 linem
2403 1429 2635 1492 fortiter,
2665 1437 2720 1483 et
2738 1427 2975 1496 disponit
3008 1425 3191 1481 omnia
3226 1423 3413 1479 suavi-

149 1529 242 1578 ter
268 1524 337 1577 ⁸⁸.
383 1544 401 1576 ι
453 1523 578 1582 Haec
631 1525 934 1597 Scriptura.
989 1526 1161 1599 Cujus
1206 1529 1425 1600 quidem
1483 1526 1743 1583 doctrinae
1780 1541 2001 1581 sensum
2061 1524 2221 1581 Philo
2277 1525 2536 1581 Hebraeus
2572 1536 2867 1594 exponens,
2927 1521 3128 1576 clarius
3170 1520 3316 1574 hunc
3356 1517 3412 1574 in

152 1621 385 1677 modum
420 1622 802 1695 illustriusque
838 1638 1210 1699 repraesentat.

674 1721 1071 1777 ΚΕΦΑΛΑΙΟΝ
1116 1724 1217 1777 IE'.

397 1813 664 1879 Φίλωνος
691 1815 827 1884 περὶ
852 1816 958 1871 τοῦ
986 1815 1267 1885 δευτέρου
1292 1817 1502 1871 αὶτίου.

229 1919 250 1952 ι
281 1902 566 1975 Εὐπρεπὲς
584 1904 691 1976 (76)
718 1907 825 1979 γὰρ
851 1910 963 1972 τοῖς
995 1910 1238 1981 ἑταιρίαν
1264 1908 1398 1978 πρὸς
1427 1908 1736 1978 ἐπιστήμην

151 1993 407 2064 θεμένοις
436 1995 681 2065 ἐφίεσθαι
717 1998 815 2068 μὲν
848 1998 941 2052 τοῦ
977 2000 1039 2052 τὸ
1085 1999 1143 2053 ὃν
1179 1999 1333 2054 ἰδεῖν·
1371 2002 1419 2052 εἰ
1459 1998 1515 2051 δὲ
1546 1998 1617 2069 μὴ
1648 1995 1736 2050 δύ-

148 2102 356 2150 ναιντο,
381 2086 478 2158 τὴν
510 2086 641 2156 γοῦν
668 2090 855 2143 εἰκόνα
886 2090 1052 2143 αὐτοῦ
1072 2091 1163 2144 τὸν
1194 2090 1479 2162 ἱερώτατον
1508 2089 1731 2158 Λόγον.»

164 2177 254 2228 Ἐν
289 2175 369 2247 τῷ
398 2176 441 2229 δ’
471 2178 618 2250 αὐτῷ
669 2181 1056 2252 συγγράμματι
1085 2183 1179 2236 καὶ
1206 2181 1330 2235 τάδε
1360 2182 1491 2253 φησί
1513 2199 1525 2211 ·
1561 2200 1579 2232 ι
1620 2180 1736 2234 Κᾶν

153 2268 386 2337 μηδέπω
451 2268 631 2338 μέντοι
688 2272 927 2343 τυγχάνῃ
976 2290 1060 2337 τις
1112 2274 1405 2345 ἀξιόχρεως
1444 2272 1555 2335 υἱὸς
1601 2269 1735 2325 Θεοῦ

152 2355 682 2434 προσαγορεύεσθαι,
731 2366 1083 2431 σπουδαζέτω
1116 2367 1437 2438 κοσμεῖσθαι
1477 2365 1616 2419 κατά
1646 2366 1737 2419 τὸν

151 2454 497 2526 πρωτόγονον
531 2455 694 2510 αὐτοῦ
727 2458 921 2527 Λόγον,
958 2458 1050 2511 τὸν
1081 2459 1325 2528 ἀγγέλων
1347 2458 1734 2529 πρεσϐύτατον,

148 2545 251 2600 καὶ
275 2545 349 2609 ὡς
378 2546 448 2599 ἂν
499 2547 833 2617 ἀρχάγγελον
879 2549 1230 2620 πολυώνυμον
1264 2548 1592 2621 ὑπάρχοντα.
1627 2548 1736 2601 Καὶ

147 2638 267 2710 γὰρ
328 2638 490 2710 ἀρχὴ,
522 2640 616 2693 καὶ
646 2640 813 2712 ὄνομα
829 2641 984 2707 Θεοῦ,
1009 2642 1103 2696 κα)⁸
1120 2642 1311 2710 Λόγος,
1345 2642 1437 2695 καὶ
1461 2642 1490 2694 ὁ
1516 2643 1634 2694 κατ’
1663 2641 1738 2693 εί-

144 2730 288 2786 αοόνα
327 2730 629 2801 ἄνθρωπος,
662 2733 755 2786 καὶ
784 2735 812 2786 ὁ
835 2733 1223 2806 όρῶνῚσραὴλ,
1253 2733 1734 2805 προσαγορεύεται.

152 2822 247 2877 Διὸ
280 2822 561 2895 προήχθην
594 2824 758 2894 ὀλίγῳ
802 2826 1063 2898 πρότερον
1102 2827 1383 2881 ἐπαινέσαι
1408 2826 1504 2891 τὰς
1537 2826 1736 2900 ἀρετὰς

147 2916 264 2970 τῶν
291 2915 608 2984 φασκόντων
639 2917 722 2970 ὅτι
752 2918 949 2982 πάντες
971 2919 1136 2990 ἐσμὲν
1159 2904 1266 2972 υίοῗ
1286 2920 1404 2983 ἐνὸς
1423 2918 1732 2992 ἀνθρώπου.

151 3009 267 3062 Καὶ
292 3009 403 3081 γὰρ
422 3010 469 3061 εί
514 3009 680 3080 μήπω
724 3011 899 3064 ἱκανοὶ
921 3010 1054 3063 Θεοῦ
1078 3012 1266 3076 παῖδες
1304 3011 1617 3082 νομίζεσθαι
1644 3028 1735 3080 γε·

2430 1708 2659 1766 CAPUT
2704 1707 2823 1763 XV.

2119 1803 2197 1860 De
2229 1804 2457 1859 secundo
2491 1803 2777 1873 principio,
2812 1814 2878 1856 ex
2908 1799 3144 1854 Philone.

1919 1939 1937 1971 ι
1973 1918 2138 1976 Decet
2166 1920 2335 1989 enim,
2367 1918 2564 1991 inquit,
2605 1934 2732 1983 eos,
2776 1917 2868 1989 qui
2904 1932 3027 1972 cum
3058 1914 3282 1971 scientia
3322 1925 3414 1968 so-

1843 2012 2092 2068 cietatem
2133 2013 2377 2068 inierunt
2415 2013 2535 2083 ejus
2568 2012 2714 2083 quod
2761 2020 2864 2077 est,
2898 2008 3115 2064 vivendi
3145 2007 3412 2063 desiderio

1845 2106 2060 2172 teneri;
2101 2114 2217 2175 aut,
2266 2107 2312 2162 si
2343 2107 2526 2162 minus
2572 2106 2624 2161 id
2654 2103 2887 2175 possint,
2912 2100 3031 2173 ejus
3057 2101 3247 2157 saltem
3277 2100 3414 2153 ima-

1843 2197 2006 2267 ginis,
2048 2198 2153 2254 hoc
2198 2207 2282 2255 est
2319 2197 2676 2255 sacratissimi
2725 2195 2908 2253 Verbi.
2959 2216 2978 2249 ι
3027 2194 3182 2263 Quod
3223 2194 3413 2250 eodem

1842 2291 2005 2356 libro,
2059 2292 2177 2347 hac
2235 2292 2421 2354 etiam,
2475 2307 2600 2362 quae
2645 2299 2965 2362 sequuntur,
3003 2291 3210 2343 habet:
3266 2306 3283 2339 ι
3343 2284 3414 2343 Ut
3484 2320 3493 2337 .

1844 2383 1976 2453 quis
2012 2383 2196 2439 minus
2224 2383 2403 2437 adhuc
2428 2381 2553 2437 Filii
2576 2382 2668 2437 Dei
2688 2382 3044 2453 appellatione
3070 2380 3266 2450 dignus
3293 2377 3413 2434 fue—

1844 2476 1932 2541 rit,
1966 2491 2026 2532 se
2068 2476 2246 2545 ipsum
2298 2483 2481 2530 tamen
2512 2475 2578 2530 ad
2611 2474 3033 2545 primogenitum
3083 2472 3228 2528 illius
3278 2469 3415 2526 Ver-

1844 2569 1995 2633 bum,
2032 2570 2128 2639 qui
2168 2568 2488 2638 angelorum
2527 2568 2967 2637 antiquissimus,
3016 2581 3081 2621 ac
3124 2566 3285 2620 veluti
3322 2580 3413 2619 ar—

1842 2660 2142 2730 changelus
2183 2659 2440 2729 plurimis
2488 2659 2806 2715 nominibus
2846 2657 3079 2728 insignis
3125 2665 3228 2722 est,
3276 2671 3411 2711 con-

1844 2750 2079 2806 formare
2118 2760 2369 2806 conetur.
2407 2748 2619 2805 Etenim
2659 2749 3008 2821 principium,
3050 2747 3145 2805 Dei
3178 2745 3408 2813 Nomen,

1844 2841 2110 2909 Verbum,
2157 2841 2332 2897 Homo
2392 2843 2692 2899 secundum
2746 2842 3073 2913 imaginem,
3125 2847 3179 2895 et
3226 2838 3412 2894 videns

1843 2933 2005 2989 Israel
2056 2937 2379 3005 appellatur.
2442 2935 2629 3007 Itaque
2707 2935 2777 2991 ad
2819 2934 3174 2990 celebrandas
3219 2946 3410 2987 eorum

1841 3024 2069 3079 virtutes
2099 3026 2262 3095 paulo
2290 3034 2418 3081 ante
2457 3034 2739 3097 permotus
2769 3041 2914 3090 sum,
2959 3025 3054 3095 qui
3087 3038 3189 3079 nos
3220 3036 3411 3077 omnes

149 3099 419 3171 γόναμεν,
450 3100 586 3155 ἀλλά
627 3118 709 3154 τοι
752 3102 852 3171 τῆς
878 3102 1089 3168 ἀειδοῦς
1132 3105 1338 3168 εἰκόνος
1366 3104 1530 3158 αὑτοῦ
1563 3104 1734 3173 Λόγου

1845 3115 2082 3171 hominis
2132 3117 2296 3171 unius
2347 3117 2489 3173 ﬁlios
2537 3133 2660 3174 esse
2711 3117 2921 3172 dicunt.
2982 3113 3119 3169 Nam
3169 3122 3230 3171 ut
3277 3127 3414 3167 non-

148 3193 249 3247 τοῦ
284 3194 580 3264 ἱερωτάτου
600 3211 613 3225 ·
669 3192 805 3249 Θεοῦ
853 3195 961 3268 γὰρ
992 3195 1156 3250 εἰκὼν
1188 3198 1359 3267 Λόγος
1378 3199 1406 3251 ὁ
1435 3197 1737 3268 πρεσϐύτα-

152 3293 271 3339 τος.
309 3298 326 3327 ι
376 3280 485 3331 Καὶ
528 3281 687 3333 πάλιν
733 3282 1005 3349 ὲπιλέγει’
1060 3304 1077 3334 ι
1120 3286 1363 3339 Ἤκουσα
1405 3288 1584 3358 μέντοι
1637 3287 1728 3341 καὶ

155 3365 270 3419 τῶν
304 3369 547 3432 Μωσέως
578 3369 806 3440 ἑταίρων
844 3372 987 3433 τινὸς
1024 3373 1504 3446 ἀποφθεγξαμένου
1529 3377 1726 3431 τοιόνδε

152 3458 338 3525 λόγιον
361 3474 375 3487 ⁸
417 3459 549 3514 Ἰδοὺ
589 3459 869 3530 ἄνθρωπος
910 3455 953 3529 ᾧ
995 3462 1163 3535 ὄνομα
1210 3465 1488 3538 ’Δνατολή.
1527 3470 1727 3521 Καινο-

148 3554 290 3625 τάτη
327 3555 645 3627 πρόσρησις,
674 3557 771 3609 ὲάν
818 3574 880 3626 γε
913 3557 1002 3610 τὸν
1034 3558 1096 3610 ὲκ
1146 3558 1395 3629 σώματος
1428 3561 1522 3613 καὶ
1559 3561 1737 3631 ψυχῆς

150 3646 468 3701 συνεστῶτα
511 3646 762 3716 λέγεσθαι
807 3647 1064 3719 νομίσῃς’
1103 3647 1197 3702 ἐὰν
1235 3648 1291 3702 δὲ
1324 3650 1415 3703 τὸν
1449 3642 1735 3722 ἀσώματον

150 3738 364 3791 ἐκεῖνον
391 3737 543 3792 θείαν
580 3739 723 3793 ἰδέαν
770 3738 1058 3810 φοροῦντα,
1119 3739 1316 3804 ἱκανῶς
1360 3740 1732 3812 ὁμολογήσεις,

149 3833 234 3887 δτι
284 3830 722 3886 εὐθυϐολώτατον
761 3832 931 3903 ὄνομα
982 3833 1330 3905 ὲπεφημίσθη
1369 3833 1430 3886 τὸ
1494 3834 1733 3907 Ανατολὴ

152 3923 323 3994 αὐτῷ.
352 3922 553 3978 Τοῦτον
588 3925 684 3995 μὲν
718 3924 824 3997 γὰρ
855 3925 1230 3997 πρεσϐύτατον
1258 3926 1383 3979 Υίὸν
1405 3929 1434 3979 ό
1466 3926 1572 3983 τῶν
1599 3927 1734 3981 ὅλων

152 4017 397 4073 ἀνέτειλε
442 4016 651 4088 Πατὴρ,
685 4016 744 4069 ὃν
792 4017 1016 4087 ἑτέρωθι
1069 4018 1418 4089 Πρωτόγονον
1463 4019 1729 4090 ὠνόμασε.

149 4110 262 4166 Καὶ
296 4110 325 4162 ό
358 4109 641 4179 γεννηθεὶς
671 4110 872 4181 μέντοι,
916 4109 1250 4180 μιμούμενος
1277 4110 1373 4175 τὰς
1398 4110 1492 4163 τοῦ
1524 4111 1733 4183 Πατρός

146 4202 324 4265 ὁδοὺς,
338 4201 472 4272 πρὸς
487 4201 900 4275 παραδείνματα
911 4202 1189 4273 ἀρχέτυπα
1202 4203 1270 4257 τὰ
1282 4204 1487 4258 ἐκείνου
1501 4204 1731 4275 βλέπων,

146 4292 397 4364 ὲμόρφου
421 4293 490 4347 τά
523 4293 659 4365 εἴδη.
698 4317 717 4344 ο
753 4291 938 4347 Ταῦτά
966 4310 1056 4364 μοι
1088 4294 1198 4348 ἀπὸ
1223 4294 1318 4348 τοῦ
1364 4296 1612 4368 Ἑϐραίου
1640 4296 1733 4350 Φί-

146 4385 319 4448 λωνος
352 4384 589 4439 ἐνταῦθα
624 4385 846 4450 κείσθω,
884 4385 1158 4456 ληφθέντα
1187 4389 1250 4440 ὲκ
1284 4388 1731 4459 συγγράμματος,

146 4468 195 4545 ᾧ
244 4476 491 4529 τέθειται
544 4476 846 4547 ἐπιγραφὴ,
908 4477 1045 4545 Περὶ
1082 4477 1190 4531 τοῦ
1231 4479 1299 4533 τὸ
1340 4480 1537 4549 χεῖρον
1578 4482 1738 4547 αὐτῷ

148 4569 451 4636 κρείττονι
480 4566 591 4637 (77)
626 4566 826 4637 φιλεῖν
851 4567 1240 4623 ἐπιτίθεσθαι.
1270 4569 1405 4642 Ἤδη
1430 4569 1487 4623 δέ
1525 4587 1612 4640 μοι
1646 4572 1741 4624 καὶ

147 4656 339 4710 ἄλλοτε
393 4655 464 4709 τὰ
507 4657 606 4726 τῆς
669 4655 779 4710 τῶν
826 4656 1071 4711 παλαιῶν
1141 4658 1408 4732 Ἐϐραίων
1463 4661 1742 4725 εὐσεϐείας

145 4748 396 4819 δόγματα
424 4748 790 4820 παραθεμένῳ
815 4751 872 4803 ὲν
894 4753 1005 4814 τοῖς
1032 4751 1128 4820 τῆς
1154 4752 1564 4822 Εὐατγελικῆς
1592 4758 1741 4823 Προ-

1842 3207 1971 3261 dum
2002 3206 2180 3263 idonei
2219 3207 2429 3275 simus,
2475 3209 2568 3279 qui
2614 3225 2715 3280 pro
2743 3208 2839 3265 Dei
2874 3206 3058 3263 liberis
3091 3206 3411 3267 babeamur,

1843 3299 1963 3367 ejus
1991 3298 2212 3369 quidem
2258 3299 2514 3371 imaginis
2556 3315 2777 3355 sensum
2813 3312 3029 3353 omnem
3075 3295 3410 3367 superantis,

1843 3387 2027 3457 Verbi,
2072 3390 2338 3460 inquam,
2387 3390 2743 3447 sacratissimi
2774 3406 2894 3447 esse
2950 3395 3267 3461 possumus.
3315 3387 3410 3442 Dei

1841 3479 1986 3535 enim
2040 3480 2220 3552 imago
2276 3479 2514 3537 Verbum
2580 3481 2685 3535 hoc
2739 3480 3182 3550 antiquissimum
3228 3487 3331 3532 est.
3385 3494 3407 3529 ι

1843 3565 1981 3627 Tum
2011 3572 2116 3628 ista
2139 3573 2454 3644 subjuugit:
2494 3592 2513 3624 ι
2549 3571 2691 3639 Quin
2719 3573 2883 3628 etiam
2918 3572 2986 3627 ab
3023 3571 3175 3627 socio
3205 3570 3412 3642 Moysis

1841 3665 2027 3735 aliquo
2068 3664 2341 3737 ejusmodi
2377 3664 2787 3735 pronuntiatum
2830 3678 2952 3719 esse
2984 3663 3268 3718 oraculum
3304 3677 3406 3716 au-

1840 3758 2076 3814 divimus
2116 3779 2131 3815 :
2186 3757 2325 3813 Ecce
2350 3758 2537 3821 homo,
2570 3757 2657 3813 cui
2691 3770 2891 3812 nomen
2925 3753 3117 3811 Oriens
3176 3751 3246 3809 ’⁸.
3304 3751 3412 3809 Νο-

1841 3866 1967 3905 vum
2002 3850 2245 3921 profecto
2278 3865 2503 3915 nomen,
2552 3849 2600 3905 si
2639 3848 2878 3919 aliquem
2913 3863 2980 3904 ex
3010 3861 3239 3917 corpore
3286 3844 3409 3900 aui-

1841 3955 2042 4010 moque
2084 3938 2382 3994 conflatum
2435 3938 2725 4009 intelligas.
2781 3937 2877 3992 Sin
2929 3946 3109 3997 autem
3154 3937 3411 4005 incorpo-

1841 4047 1993 4085 reum
2026 4032 2177 4085 illum
2201 4046 2267 4085 ac
2291 4030 2535 4085 divinum
2562 4029 2842 4100 exemplar
2866 4026 3127 4085 ferentem
3153 4026 3410 4096 accipias,

1842 4130 1956 4175 tum
1991 4120 2290 4187 enimvero,
2322 4120 2901 4176 convenientissimum
2939 4120 3042 4176 hoc
3074 4120 3179 4189 ipsi
3220 4119 3411 4175 Orien-

1840 4213 1911 4268 tis
1939 4227 2137 4268 nomen
2180 4212 2495 4281 impositum
2543 4228 2684 4278 esse,
2719 4211 2877 4268 facile
2917 4212 3207 4268 admodum
3239 4211 3414 4266 liben-

1842 4312 2027 4372 terque
2085 4300 2361 4359 fateberis.
2413 4302 2552 4357 Eum
2600 4303 2798 4374 quippe
2845 4301 3043 4357 Filium
3092 4302 3412 4371 antiquissi-

1841 4409 1990 4448 mum
2021 4393 2189 4450 edidit
2218 4394 2457 4449 universi
2490 4393 2718 4460 Parens,
2749 4411 2909 4465 quem
2944 4395 3107 4449 etiam
3141 4394 3268 4449 alibi
3299 4392 3413 4447 Pri-

1840 4486 2174 4555 mogenitum
2222 4489 2531 4557 appellavit.
2581 4485 2630 4543 is
2677 4497 2859 4543 autem
2895 4503 2960 4542 ex
3006 4485 3118 4542 Deo
3161 4486 3411 4557 genitus,

1841 4574 2002 4647 534
2053 4576 2107 4630 in
2158 4578 2447 4647 archetypa
2492 4577 2639 4632 illius
2688 4576 3020 4645 exemplaria
3069 4575 3413 4645 respiciendo

1841 4667 2112 4721 formavit.
2153 4688 2171 4719 ι
2208 4665 2481 4723 Hactenus
2509 4683 2574 4722 ex
2618 4669 2714 4723 illo
2758 4667 2970 4722 Hebraei
2998 4665 3247 4722 Philonis
3278 4682 3411 4736 ope-

1839 4771 1933 4823 re,
1963 4757 2121 4826 cujus
2149 4756 2237 4811 hic
2274 4757 2464 4812 titulus
2505 4765 2622 4812 est:
2666 4756 2913 4811 Deterius
2943 4755 3248 4826 perfectiori
3278 4770 3409 4810 sem-

149 4838 569 4909 παρασκευῆς,
596 4841 690 4894 καὶ
712 4840 781 4894 τὰ
816 4841 942 4912 περὶ
981 4840 1074 4893 τοῦ
1122 4841 1374 4915 δευτέρου
1409 4844 1578 4897 αἰτίου
1608 4844 1734 4897 διεί-

1845 4864 1929 4913 per
1971 4849 2223 4918 infestum
2265 4865 2396 4903 esse.
2433 4846 2635 4903 Verum
2676 4862 2800 4903 cum
2841 4848 2954 4918 jam
2994 4847 3122 4901 alibi
3160 4855 3405 4901 veterum

148 4930 353 5005 ληπται
410 4930 722 5004 αὐτάρκως,
773 4934 858 5004 ἐφ’
911 4933 947 4987 ἃ
1000 4935 1095 4987 καὶ
1128 4933 1223 4987 νῦν
1264 4936 1390 4999 τοὺς
1418 4935 1736 5007 φιλομαθεῖς

147 5022 483 5094 ἀναπέμψω.
523 5024 804 5078 Τοσούτων
838 5022 932 5079 οῦν
975 5025 1106 5097 παρ’
1139 5025 1431 5097 Ἑϐραίοις,
1462 5028 1555 5081 καὶ
1584 5028 1733 5082 τόνδε

146 5117 237 5171 τὸν
267 5118 471 5189 τρόπον
506 5118 633 5190 περὶ
657 5118 749 5172 τοῦ
776 5119 1028 5190 δευτέρου
1059 5118 1167 5173 τῶν
1194 5118 1330 5172 ὅλων
1363 5121 1535 5173 αἰτίου
1554 5121 1733 5174 τεθεο-

147 5209 491 5281 λογημένων,
543 5211 732 5283 καιρὸς
776 5212 877 5284 ἤδη
925 5212 1019 5267 καὶ
1074 5211 1169 5264 τοῦ
1222 5211 1506 5277 Πλάτωνος
1550 5216 1608 5266 ὲν
1655 5213 1733 5285 τῷ

160 5302 510 5372 Ἐπιμενίδῃ
534 5302 646 5373 (78)
668 5302 793 5357 τάδε
825 5303 1073 5373 λέγοντος
1111 5302 1432 5357 ἐπακοῦσαι.

216 5437 269 5473 ’⁸
301 5438 434 5507 Sap.
469 5455 567 5509 VII,
604 5441 696 5497 22.
771 5442 817 5474 ’⁸
841 5440 967 5512 Sap.
1001 5458 1122 5506 vm,
1161 5441 1215 5498 1.
1291 5441 1337 5473 ’⁸
1358 5439 1523 5496 Zacb.
1563 5459 1637 5507 vt,
1678 5444 1766 5501 12.

1844 4940 2198 4995 Hebraeorum
2231 4941 2483 5009 dogmata
2520 4940 2776 5010 pietatem
2805 4938 3232 5009 religionemque
3261 4952 3411 4992 com-

1842 5031 2000 5101 plexa
2030 5031 2370 5101 protulerim,
2391 5038 2506 5086 tum
2531 5046 2660 5085 vero
2684 5045 2807 5101 quae
2830 5030 3129 5085 secundum
3155 5029 3220 5082 ad
3250 5028 3402 5097 prin-

1837 5122 2040 5192 cipium
2073 5123 2365 5192 pertinent,
2398 5123 2501 5177 hoc
2546 5122 2599 5176 in
2625 5119 2955 5191 Evangelicw
2995 5116 3409 5186 Prwparationis

1840 5229 2024 5285 opere,
2062 5215 2197 5270 satis
2223 5213 2322 5269 abs
2354 5229 2439 5268 me
2468 5229 2568 5284 pro
2596 5213 2847 5268 instituto
2876 5211 3095 5282 quidem
3135 5224 3258 5264 meo
3294 5208 3403 5264 dis-

1839 5316 2032 5378 putata
2087 5316 2237 5376 sunt,
2285 5307 2352 5362 ad
2390 5322 2513 5377 quae
2554 5305 2782 5377 proinde
2823 5319 2969 5359 nunc
3008 5302 3088 5359 rei
3133 5301 3412 5359 studiosos

223 5549 720 5622 (76)_Ei:;zpenéc.
764 5550 1015 5622 Nondum
1059 5552 1299 5608 occurrit
1346 5552 1436 5608 bic
1482 5552 1729 5610 Philonis
1836 5561 1996 5613 σθαι.
2045 5553 2148 5622 Qui
2199 5555 2333 5608 liber
2383 5554 2678 5608 etiamnum
2733 5560 2949 5619 exstat,
3000 5563 3178 5619 neque
3229 5558 3413 5605 tamen

148 5619 893 5694 loeus._Profitetur_quidem
928 5621 1198 5677 Eusebius
1230 5623 1421 5693 pagina
1468 5639 1583 5694 seq.
1616 5625 1732 5679 haec

149 5691 295 5761 apud
332 5690 616 5746 Philonem
661 5690 866 5757 haberi,
900 5708 965 5746 eo
994 5694 1050 5746 in
1085 5694 1178 5747 lib.
1206 5690 1563 5747 cui'titulum5
1586 5694 1732 5749 fece-

149 5764 240 5830 rit,
272 5761 415 5831 Hspl
452 5761 559 5816 τοῦ
581 5761 782 5830 χεῖρον
812 5762 892 5843 τῷ
919 5763 1209 5831 κρείττονι
1249 5763 1447 5832 φιλεῖν
1478 5764 1733 5819 ἐπιτίθε-

1846 5628 1989 5682 hanc
2019 5628 2138 5695 ejus
2163 5626 2464 5695 orationem
2487 5631 2865 5695 Iepraasentat.

1912 5696 2027 5759 (77)
2047 5688 2236 5758 Ἀὐτῷ
2262 5695 2443 5762 κρείτ.
2487 5688 2706 5761 Repone
2734 5691 2811 5762 τῷ
2833 5688 3040 5762 κρείττ.

1908 5766 2020 5821 (78)
2069 5766 2170 5820 Ἐν
2209 5764 2291 5828 τῷ
2333 5762 2700 5827 Ἐπιμενίδῃ.
2735 5761 2812 5817 lta
2837 5761 3048 5821 omnes.
3074 5773 3175 5816 nec
3199 5767 3413 5815 mutare
