3826 6232
444 319 550 375 861

1089 309 1360 368 EUSEBll
1397 303 1876 366 CIESARIENSIS
1914 302 2064 360 OPP.
2108 300 2290 357 PARS
2331 299 2392 355 11.
2435 331 2505 341 --
2542 295 3047 354 APOLOGETICA.

3599 294 3707 351 868

443 438 685 507 objectas
724 433 1123 505 complectitur,
1167 445 1277 484 non
1332 427 1603 483 subtiliter
1641 433 1697 480 et
1739 422 2004 479 enucleate

2131 436 2266 485 νους,
2293 420 2373 482 εἰς
2405 416 2670 488 ἀνάληψιν
2688 394 2954 476 iaceas;
2981 411 3080 464 καὶ
3120 409 3397 481 σώφρονος
3431 406 3569 480 βίου.
3601 409 3709 464 Τὸν

440 530 605 601 vulgo
635 528 1040 599 explicandum,
1069 540 1169 579 nec
1204 522 1545 593 singularum
1583 527 1793 572 naturae
1820 529 2019 571 causas

442 622 667 692 plebeia:
711 618 1045 675 multitudini
1113 615 1436 685 aperiendas
1493 618 1861 681 putaverunt,
1910 606 2019 661 nisi

441 717 709 783 quantum
740 725 963 764 necesse
996 718 1135 771 erat,
1173 714 1231 760 ut
1254 716 1447 758 omnes
1478 701 1872 771 intelligerent,
1893 697 2017 751 uni-

438 818 657 858 versum
687 802 791 856 hoc
825 815 1000 870 neque
1022 815 1116 868 per
1139 813 1282 862 sese,
1321 809 1499 865 neque
1531 808 1663 847 casu
1691 806 1755 845 ac
1788 798 2016 855 temere,

442 893 667 949 fortuito
683 893 917 963 quodam
946 892 1145 960 impetu
1174 889 1455 944 exstitisse
1483 905 1497 941 :
1523 894 1578 939 at
1602 882 1803 939 summi
1835 880 2018 935 Mode-

437 986 640 1041 ratoris
674 985 765 1041 Dei
818 986 1054 1048 ratione,
1087 990 1141 1036 et
1173 980 1398 1035 infinita:
1457 976 1752 1046 Sapientiae
1793 972 2019 1026 numine

2123 510 2179 563 δὲ
2202 509 2367 581 βαθὺν
2398 509 2495 563 καὶ
2546 506 2806 579 λεληθότα
2842 504 2972 576 περί
3012 501 3219 556 τούτων
3251 501 3408 569 λόγον
3434 503 3493 554 ὲν
3534 501 3711 560 ἀποι-

2127 603 2312 674 ρήτοις
2347 602 2529 671 ζητεῖν
2558 616 2617 653 τε
2661 598 2755 652 καὶ
2782 595 3129 651 διδάσκεσθαι
3159 593 3567 665 κατελίμπανον
3593 594 3712 656 τοῖς

2123 693 2256 756 οἵοις
2282 709 2340 744 τε
2368 692 2438 745 τά
2462 690 2640 745 τοιάδε
2683 689 2913 761 μνῆσθαι
2950 701 2998 741 ι.
3034 686 3254 759 Βραχέα
3287 685 3345 739 δὲ
3383 685 3478 739 καὶ
3521 684 3600 748 ὡς
3654 685 3713 736 ἐν

2122 783 2278 853 τύπῳ
2301 783 2485 853 φάναι,
2513 779 2572 836 εὖ
2606 784 2671 836 ἂν
2697 782 2810 852 ἔχοι
2833 781 2929 834 καὶ
2959 782 3057 852 τῆς
3115 778 3319 834 τούτων
3351 777 3579 831 διελθεῖν
3610 777 3715 829 ἐπ·-

2124 876 2366 940 οπτείας,
2387 876 2479 929 τόν
2515 892 2575 928 τε
2603 875 2865 928 Πλάτωνα
2909 874 3011 927 κάν
3037 872 3212 943 τούτῳ
3234 871 3306 926 τά
3340 870 3470 940 φίλα
3498 885 3711 942 πεφρο-

2123 969 2330 1040 νηκότα
2353 970 2466 1032 τοῖς
2491 967 2841 1040 δηλουμένοις
2872 968 3244 1037 παραστῆσαι.

432 1081 753 1150 gubernari.
790 1078 896 1132 Res
929 1085 1112 1131 autem
1149 1074 1270 1128 illas
1301 1071 1447 1144 quod
1501 1074 1725 1135 attinet,
1756 1083 1879 1137 quae
1918 1064 2036 1121 sola
2074 1071 2255 1118 mente
2285 1061 2609 1132 capiuntur,
2659 1075 2783 1116 cum
2823 1059 3095 1129 ejusmodi
3141 1060 3356 1128 aliquas
3387 1070 3542 1122 esse,
3588 1063 3711 1111 tum

440 1149 656 1227 illarum
691 1185 910 1241 quoque
933 1169 1185 1236 gradum,
1212 1166 1343 1228 vim,
1377 1172 1540 1233 atque
1589 1161 1885 1215 discrimen
1915 1172 2024 1211 non
2066 1155 2227 1210 modo
2254 1169 2425 1210 sacrae
2458 1154 2663 1225 passim
2705 1154 2902 1208 litterae
2935 1154 3261 1217 docuerunt,
3308 1150 3402 1206 sed
3446 1149 3615 1205 etiam
3643 1162 3710 1202 ea

435 1240 749 1334 promiscue
781 1276 997 1329 semper
1023 1258 1282 1313 omnibus
1309 1254 1501 1309 audire
1548 1252 1728 1315 licuit,
1757 1257 2024 1320 quantum
2064 1246 2132 1301 iis
2167 1245 2387 1316 quidem
2421 1252 2551 1298 nota
2591 1258 2713 1298 esse
2745 1243 3079 1308 debuerunt,
3120 1240 3281 1312 523
3311 1241 3404 1310 qui
3443 1241 3708 1310 pietatem

436 1358 791 1428 proﬁtentur,
853 1367 913 1409 ut
957 1352 1322 1423 castigatioris
1364 1359 1419 1404 et
1451 1346 1785 1403 honestioris
1824 1344 1951 1399 vita:
1992 1342 2233 1397 rationes
2274 1339 2602 1410 intelligant.
2647 1338 2755 1394 Sed
2802 1347 2985 1393 tamen
3035 1337 3285 1392 altiorem
3324 1337 3484 1391 illum
3518 1336 3711 1391 occul-

439 1450 742 1519 liorcmque
786 1463 1043 1512 sensum,
1082 1461 1244 1514 quem
1283 1443 1610 1507 includunt,
1654 1441 1723 1495 iis
1767 1440 2059 1502 duntaxat,
2098 1435 2192 1506 qui
2217 1433 2336 1502 ejus
2369 1433 2690 1489 meminisse
2725 1426 2970 1503 possent,
3018 1431 3122 1486 sub
3151 1429 3367 1485 arcanis
3403 1428 3706 1483 verborum

435 1518 907 1596 acsententiarum
962 1538 1300 1603 involucris,
1343 1535 1698 1605 quaerendum
1732 1530 2166 1598 discendumque
2214 1526 2573 1596 reliquerunt.
2617 1524 2793 1594 Atque
2853 1523 2943 1577 hic
2983 1536 3164 1592 operae
3210 1520 3444 1590 pretium
3516 1518 3705 1585 fuerit,

430 1650 605 1704 pauca
655 1634 903 1704 quaedam
955 1631 1038 1685 vel
1088 1628 1448 1684 informandae
1495 1628 1572 1682 rei
1614 1625 1824 1695 gratia,
1860 1623 1927 1678 de
1961 1622 2066 1677 hoc
2102 1621 2266 1675 etiam
2319 1618 2493 1674 altero
2524 1632 2723 1688 genere
2766 1616 3062 1680 disserere,
3115 1628 3391 1685 quamque
3418 1612 3475 1666 in
3507 1612 3703 1667 eodem

433 1728 674 1785 Hebraeis
707 1728 888 1797 aliinia
930 1726 1183 1783 similiter
1212 1741 1276 1780 ac
1308 1724 1544 1796 genuina
1571 1722 1725 1777 Plato
1751 1719 2006 1783 senserit,
2047 1718 2448 1772 demonstrare.

1000 1817 1231 1873 CAPUT
1272 1816 1412 1870 VIII.

712 1912 787 1966 De
816 1928 993 1965 rerum
1014 1910 1339 1979 spiritalium
1365 1906 1719 1978 physiologia.

502 2025 795 2080 Enimvero
831 2023 1113 2080 Platonem
1150 2024 1339 2088 illum,
1390 2036 1551 2091 quem
1587 2029 1870 2089 tantopere
1898 2034 2017 2073 om-

426 2132 529 2172 nes
555 2116 918 2181 admirantur,
939 2115 994 2169 in
1013 2116 1118 2170 hac
1145 2128 1366 2184 quoque
1394 2127 1578 2167 rerum
1609 2111 1934 2180 spiritalium
1962 2120 2017 2164 et

428 2210 878 2280 incorporearum
913 2208 1161 2263 doctrina
1196 2215 1252 2262 et
1285 2201 1496 2260 ratione
1522 2204 1869 2274 explicanda,
1900 2218 2010 2257 non

427 2302 596 2357 modo
647 2300 1114 2371 sapientissimum
1168 2296 1396 2363 Mosem,
1443 2311 1630 2349 verum
1672 2294 1840 2349 etiam
1873 2293 2011 2347 alios

428 2390 783 2448 Hebraeorum
830 2392 1147 2462 preplietas,
1177 2397 1428 2454 secutum
1457 2402 1602 2454 esse,
1627 2386 1713 2442 vel
1758 2402 1828 2441 ex
1876 2384 2012 2455 ipsis

428 2483 551 2553 ejus
586 2484 762 2538 verbis
814 2481 1106 2538 manifeste
1154 2488 1419 2536 constat:
1467 2479 1583 2535 sive
1628 2493 1751 2534 eam
1790 2476 1934 2531 fama
1961 2484 2016 2531 et

426 2575 711 2631 auditione
726 2575 1023 2645 acceperit,
1059 2590 1185 2629 cum
1209 2582 1419 2628 certum
1453 2573 1545 2637 sit,
1565 2571 1708 2641 apud
1727 2569 2012 2641 Egyptios

426 2676 561 2722 tunc
606 2668 872 2737 temporis
928 2667 1081 2721 illum
1115 2665 1365 2735 degisse,
1410 2678 1536 2717 cum
1576 2658 1787 2717 Hebraei
1839 2659 2013 2729 patria

427 2759 668 2815 secundo
698 2759 839 2829 pulsi
867 2800 882 2825 ,
913 2757 1099 2813 Persis
1145 2756 1560 2812 dominantibus
1583 2796 1598 2821 ,
1660 2754 1716 2809 in
1772 2753 2010 2824 Egypto

426 2860 779 2906 versarentur
812 2868 825 2903 :
869 2851 983 2906 sive
1010 2866 1104 2920 per
1136 2864 1262 2905 sese
1309 2848 1592 2918 propriam
1631 2862 1818 2901 rerum
1845 2858 2011 2900 natu-

424 2956 544 2995 ram
576 2941 829 3008 rimatus,
862 2940 978 2995 sive
1018 2953 1351 3010 quocunque
1388 2936 1554 2992 modo
1584 2937 1637 2990 in
1663 2951 1783 2991 eam
1813 2934 2012 2990 divini-

425 3040 519 3087 tus
574 3031 942 3101 cognitionem
987 3030 1282 3099 perductus
1324 3029 1505 3084 fuerit.
1532 3017 1558 3079 ίι
1593 3026 1735 3082 Deus
1786 3025 1955 3089 enim,
1983 3042 2001 3075 ι

427 3122 606 3192 inquit
630 3123 926 3192 Apostolus
955 3122 1024 3188 9’,
1065 3141 1084 3173 ι
1118 3122 1254 3191 ipsis
1280 3120 1671 3177 manifestavit.
1710 3118 2005 3173 lnvisibilia

425 3215 575 3268 enim
610 3212 803 3282 ipsius,
850 3227 880 3266 a
919 3221 1170 3267 creatura
1218 3212 1409 3266 mundi
1442 3253 1457 3280 ,
1485 3226 1580 3281 per
1605 3226 1669 3266 ea
1695 3225 1817 3282 qua“:
1861 3209 2004 3265 facta

425 3313 579 3368 sunt,
638 3304 913 3359 intellecta
967 3306 1418 3376 conspiciuntur,
1477 3305 1596 3375 ipsa
1638 3320 1858 3375 quoque
1886 3306 2006 3376 ejus

426 3395 759 3466 sempiterna
787 3397 963 3451 virtus
990 3406 1152 3466 atque
1183 3396 1463 3464 divinitas,
1497 3407 1557 3451 ut
1587 3396 1698 3452 sint
1719 3397 2009 3452 inexcusa-

426 3486 588 3542 biles.
628 3505 645 3538 ι
672 3485 750 3541 Τυ
779 3502 909 3542 vero
924 3487 1082 3543 facile
1104 3488 1270 3559 hujus
1288 3489 1366 3544 rei
1384 3490 1665 3545 veritatem
1684 3505 1752 3545 ex
1774 3505 2009 3560 sequen-

429 3581 575 3637 tibus
603 3580 897 3651 intelligas.

1057 3673 1288 3729 CAPUT
1327 3674 1422 3731 IX.

617 3766 696 3821 De
724 3778 860 3832 ente,
893 3765 977 3820 Ex
1003 3765 1169 3821 Musis
1202 3765 1547 3838 Platonisque
1563 3766 1825 3822 doctrina.

496 3858 778 3928 Ejusmodi
814 3859 1099 3915 oraculum
1155 3858 1333 3915 Moses
1366 3860 1541 3915 sacris
1582 3860 1639 3915 in
1688 3860 1885 3915 litteris
1937 3874 2005 3914 ex

422 3965 653 4020 persona
681 3950 777 4005 Dei
811 3952 1130 4020 pronuntiat
1152 3952 1169 3981 ¹
1214 3970 1226 4005 :
1266 3969 1285 4002 ι
1324 3950 1437 4022 Ego
1468 3967 1590 4007 sum
1616 3954 1707 4023 qui
1743 3969 1887 4008 sum.
1913 3952 2006 4009 Sic

422 4043 573 4097 dices
602 4042 727 4097 ﬁliis
753 4042 917 4097 Israel
951 4041 1090 4108 :Qui
1113 4050 1222 4105 est,
1246 4044 1394 4098 misit
1416 4042 1485 4097 ad
1507 4059 1596 4099 me
1629 4060 1745 4099 vos.
1774 4062 1793 4096 ι
1823 4044 2003 4116 Atque

423 4134 500 4187 ita
522 4132 694 4188 Deum
722 4149 891 4188 unum
909 4150 977 4188 ex
995 4136 1251 4189 omnibus
1278 4147 1402 4191 vere
1431 4150 1575 4198 esse,
1609 4151 1674 4191 ac
1706 4138 2003 4207 genushoc

422 4225 665 4280 nominis
694 4225 749 4278 in
785 4239 912 4278 eum
948 4225 1166 4294 proprie
1201 4225 1379 4279 solum
1408 4233 1642 4295 apteque
1682 4227 1998 4290 convenire,

420 4316 681 4371 declarat.
740 4314 1003 4401 Similiter
1030 4316 1098 4369 de
1120 4330 1305 4369 rerum
1340 4333 1463 4386 quae
1491 4334 1655 4373 sensu
1689 4320 2003 4390 percipiun-

422 4414 536 4471 tur,
564 4423 793 4477 quaaque
821 4422 1052 4477 corpore
1109 4409 1348 4477 praeditas
1381 4418 1528 4473 sunt,
1564 4418 1685 4464 ortu
1724 4410 1888 4466 simul
1917 4418 2002 4466 at-

2636 1803 3035 1859 ΚΕΦΔΛᾹῘΟΝ
3063 1803 3147 1855 H'.

2331 1898 2469 1967 Περὶ
2496 1896 2606 1965 τῆς
2636 1895 2755 1950 τῶν
2793 1894 3026 1963 νοητῶν
3072 1891 3487 1963 φυσιολογίας.

2190 2016 2266 2069 Ού
2300 2015 2405 2087 μὴν
2440 2012 2577 2067 ἀλλά
2601 2012 2697 2066 καὶ
2723 2012 2851 2082 περὶ
2872 2011 2971 2081 τῆς
2992 2008 3099 2061 τῶν
3123 2004 3327 2076 νοητῶν
3356 2005 3451 2059 καὶ
3475 2000 3706 2073 ἀσωμάρ

2118 2127 2226 2164 των
2251 2107 2586 2170 παιδεύσεως
2623 2105 2719 2159 καὶ
2744 2104 2977 2176 θεωρίας
3013 2101 3089 2172 τῷ
3115 2100 3373 2169 πανσόφῳ
3394 2099 3588 2152 Μωσεῑ
3608 2095 3705 2149 καὶ

2117 2204 2230 2265 τοῖς
2267 2199 2530 2272 Ἐϐραίων
2568 2199 2875 2271 προφήταις
2922 2196 3149 2250 Πλάτων
3197 2195 3225 2247 ό
3255 2192 3560 2263 θαυμάσιος
3604 2192 3708 2243 ὲπ-

2116 2292 2498 2365 ηκολουθηκὼς
2521 2292 2610 2346 διὰ
2634 2291 2746 2345 τῶν
2771 2291 2986 2345 οἰκείων
3009 2285 3216 2358 φωνῶν’
3233 2287 3349 2339 ἐστι
3384 2284 3563 2356 δῆλοςο
3607 2283 3705 2337 εἴτ’

2117 2388 2177 2455 ἐξ
2202 2389 2371 2458 ἀκοῆς
2402 2389 2483 2451 εἰς
2505 2385 2666 2439 αὑτὸν
2696 2383 2936 2455 ἡκούσης
2968 2379 3174 2453 μαθὼν,
3192 2380 3316 2431 ἐπεὶ
3336 2378 3432 2431 καὶ
3459 2376 3708 2430 συνίστα-

2116 2496 2206 2532 ται
2234 2479 2363 2550 παρ’
2388 2478 2706 2547 Αἰγυπτίοις
2728 2474 2983 2547 τηνικάδε
3024 2471 3121 2535 τὰς
3167 2469 3451 2542 διατριϐὰς
3474 2486 3707 2540 πεποιη-

2121 2572 2300 2643 μένος,
2325 2572 2446 2626 καθ’
2466 2572 2524 2626 ὃν
2569 2571 2830 2643 Ἑϐραῖοι,
2852 2571 2951 2640 τῆς
2975 2565 3179 2629 οἰκείας
3210 2564 3462 2635 δεύτερον
3486 2565 3701 2616 ἀποπε-

2119 2666 2301 2729 σόντες
2323 2668 2445 2736 γῆς,
2493 2663 2809 2733 Αἰγυπτίοις
2866 2656 3258 2730 ὲπεχωρίαζον,
3291 2653 3519 2726 Περσῶν
3576 2657 3702 2707 ὲπι-

2117 2760 2476 2833 κρατούντων·
2505 2759 2614 2812 εῐτε
2653 2757 2749 2811 καὶ
2777 2754 2908 2827 παρ’
2949 2752 3140 2808 ἑαυτοῦ
3194 2753 3262 2822 τῇ
3285 2748 3393 2804 τῶν
3435 2747 3701 2819 πραγμά-

2114 2870 2225 2906 των
2248 2848 2522 2905 ὲπιὸαλὼν
2581 2848 2759 2919 φύσειο
2791 2848 2902 2901 εἴτε
2947 2843 3196 2899 ὁπωσοῦν
3248 2841 3353 2897 ὑπὸ
3385 2839 3525 2893 θεοῦ
3567 2856 3702 2892 κατ-

2116 2942 2368 3009 ἀξιωθεὶς
2388 2945 2485 3014 τῆς
2508 2940 2782 3011 γνώσεως.
2818 2959 2837 2992 ι
2874 2939 2934 2992 '0
2967 2936 3100 3001 Θεὸς
3128 2938 3288 3008 γὰρ,›
3332 2933 3522 3004 φησὶν,
3557 2950 3577 2983 ι
3599 2931 3700 2984 αύ-

2116 3039 2227 3101 τοῐς
2254 3036 2584 3108 ὲφανέρωσε.
2614 3034 2694 3087 Τὰ
2731 3033 2840 3105 γὰρ
2868 3033 3075 3105 ἀόρατα
3102 3028 3264 3083 αὑτοῦ
3305 3026 3417 3081 ἀπὸ
3467 3026 3700 3088 κτίσεως

2116 3128 2323 3199 κόσμου
2361 3131 2474 3191 τοῖς
2504 3128 2771 3198 ποιήμασι
2797 3124 3064 3195 νοούμενα
3095 3120 3418 3192 καθορᾶται,
3445 3119 3481 3190 ἦ
3516 3135 3577 3171 τε
3611 3119 3701 3171 αύ-

2108 3219 2204 3272 τοῦ
2233 3219 2402 3283 ἀΐδιος
2431 3218 2660 3289 δύναμις
2690 3216 2786 3270 καὶ
2847 3216 3080 3287 θειότης,
3118 3215 3196 3278 εἰς
3224 3212 3285 3266 τὸ
3312 3207 3452 3265 εἶναι
3500 3210 3699 3273 αὐτοὺς

2108 3311 2567 3382 ἀναπολογήτους.
2585 3329 2603 3363 ι
2633 3308 2843 3373 Μάθοις
2868 3308 2913 3361 δ’
2940 3307 3006 3362 ἂν
3035 3307 3097 3361 τὺ
3119 3304 3411 3378 εἰρημένον
3461 3296 3565 3357 ὧδέ
3620 3320 3697 3374 πη

2107 3402 2583 3474 διασκοπούμενος.

2650 3674 3045 3732 ΚΕΦΑΛΑΙΟΝ
3082 3673 3137 3729 8'
3146 3717 3158 3728 .

2267 3769 2409 3838 Περί
2438 3769 2543 3824 τοῦ
2571 3768 2765 3834 ὄντος,
2791 3768 3050 3834 Μωσέως
3063 3767 3161 3821 καὶ
3186 3764 3533 3833 Πλάτωνος.

2178 3862 2424 3925 Μωσέως
2467 3862 2524 3914 ὲν
2552 3863 2671 3923 ταῖς
2698 3860 3068 3933 ἱεροφαντίαις
3116 3858 3363 3931 χρησμὸν
3410 3860 3478 3912 ὲκ
3520 3872 3701 3930 προσ-

2108 3952 2260 4007 ώπου
2291 3951 2383 4006 τοῦ
2425 3951 2559 4006 Θεοῦ
2589 3952 2876 4023 φήσαντος
2910 3968 2928 4001 ι
2971 3947 3114 4018 Ἐγώ
3165 3950 3279 4019 εἰμι
3314 3948 3342 4000 ό
3368 3946 3466 4001 ῶν.
3503 3947 3700 4013 Οὕτως

2107 4045 2251 4116 ἐρεῖς
2281 4046 2394 4108 τοῖς
2414 4045 2550 4106 υίοίς
2591 4041 2831 4114 Ἰσραήλο
2886 4042 2945 4094 '0
2987 4040 3062 4093 ὣν
3090 4039 3404 4094 ἀπέσταλκε
3452 4056 3520 4111 με
3554 4041 3699 4114 πρὸς

2107 4138 2304 4207 ὑμᾶς’»
2343 4135 2721 4208 παραθεμένου
2750 4134 2806 4188 δὲ
2826 4134 2921 4188 καὶ
2946 4133 3039 4186 τὸν
3076 4133 3209 4187 Θεὸν
3242 4131 3404 4204 μόνον
3431 4134 3699 4207 ἄντικρυς

2105 4230 2255 4295 ὅντα,
2282 4229 2373 4282 καὶ
2405 4227 2565 4300 τῆσδε
2599 4227 2805 4298 κυρίως
2850 4228 2945 4280 καὶ
2971 4226 3244 4298 ἁρμοδίως
3265 4226 3572 4298 ἠξιωμένον
3596 4229 3702 4299 τῆς

2105 4321 2348 4393 κλήσεως
2403 4319 2848 4389 ἀποφηναμένου·
2902 4318 3061 4372 πάλιν
3096 4336 3154 4371 τε
3213 4313 3280 4371 αὖ
3343 4318 3701 4390 Σολομῶντος

2104 4415 2234 4487 περί
2259 4417 2358 4486 τῇς
2380 4413 2489 4467 τῶν
2534 4411 2806 4484 αἰσθητῶν
2845 4411 2938 4466 καὶ
2969 4409 3298 4482 σωματικῶν
3320 4411 3596 4480 γενέσεώς
3637 4429 3700 4465 τε

421 4513 530 4569 que
566 4498 786 4575 interitu
815 4498 1076 4553 Salomon
1109 4500 1181 4554 ita
1219 4500 1463 4568 loquitur
1493 4501 1513 4531 '
1550 4519 1562 4554 :
1602 4500 1767 4574 524
1800 4521 1818 4554 ι
1855 4500 1999 4568 Quid

2131 4507 2198 4560 ιαὶ
2224 4505 2429 4577 φθορᾶς
2452 4504 2782 4566 ἀνειπόντος·
2817 4521 2836 4554 ι
2867 4501 3012 4555 Τίτὸ
3045 4501 3295 4571 γεγονόςς
3321 4504 3456 4559 αὐτὸ
3497 4500 3562 4555 τὸ
3597 4519 3699 4572 γε-

419 4598 526 4654 est,
550 4589 697 4659 quod
728 4588 830 4643 fuit
860 4589 883 4642 *ἰ
908 4590 1089 4660 ipsum
1122 4591 1268 4661 quod
1292 4590 1542 4645 futurum
1578 4603 1681 4648 est.
1720 4592 1869 4647 Nihil
1896 4596 1999 4651 sub

420 4682 540 4737 sole
569 4697 793 4737 novum.
826 4681 938 4738 Nec
984 4684 1126 4738 valet
1154 4685 1446 4754 quisquam
1477 4685 1658 4741 dicere
1689 4704 1705 4740 :
1732 4686 1871 4741 Ecce
1897 4688 2000 4743 hoc

422 4787 613 4827 recens
632 4782 748 4827 est:
777 4772 889 4843 jam
922 4773 1065 4828 enim
1090 4776 1369 4844 praecessit
1403 4776 1458 4829 in
1487 4777 1860 4847 saaculis,qu:e
1879 4776 1997 4832 fue-

419 4872 551 4918 runt
576 4871 702 4917 ante
732 4880 853 4920 nos.
890 4883 908 4915 ι
938 4863 1103 4920 [idem
1133 4866 1293 4921 nobis
1316 4877 1715 4937 consequenter
1753 4868 1805 4923 id
1832 4884 1996 4924 omne

419 4953 569 5024 quod
594 4963 698 5018 est,
730 4955 784 5007 in
816 4955 924 5009 duo
954 4970 1150 5025 genera
1204 4956 1541 5025 partiuntur,
1575 4958 1836 5028 spiritale,
1865 4975 1994 5014 sen-

419 5060 596 5116 suque
633 5058 947 5116 perceptum
987 5064 1001 5099 :
1055 5054 1110 5101 et
1157 5048 1422 5116 spiritalia
1479 5050 1701 5119 quidem
1760 5066 1993 5121 corpore

418 5137 613 5202 libera,
644 5138 736 5192 sed
761 5153 792 5191 a
816 5146 1009 5192 natura
1040 5153 1164 5192 cum
1198 5140 1460 5196 instructa
1495 5143 1873 5208 ratione,.tum
1905 5143 1991 5196 in-

419 5230 613 5284 teritus
633 5243 697 5282 ac
723 5229 915 5283 mortis
937 5230 1175 5299 expertia
1210 5246 1329 5286 csse
1351 5241 1598 5288 statuunt
1622 5244 1844 5300 ;contra
1861 5251 1991 5290 vero

418 5321 673 5377 sensibus
716 5320 895 5384 obvia,
933 5321 990 5374 in
1034 5319 1184 5375 ﬂuxu
1225 5331 1278 5376 et
1303 5326 1693 5394 corruptione,
1737 5336 1903 5397 atque
1932 5329 1985 5382 in

418 5412 638 5467 assidua
667 5421 878 5466 naturae
909 5427 1023 5467 suae
1060 5415 1361 5470 mutatione
1394 5420 1623 5473 versari.
1663 5420 1732 5471 At
1768 5420 1986 5474 univer-

419 5504 497 5558 sis
525 5517 694 5557 unum
722 5504 789 5557 ad
809 5504 1138 5573 principium
1172 5516 1443 5577 caputque
1491 5510 1780 5566 revocatis.
1816 5528 1984 5566 unum

2107 4595 2426 4666 νησόμενον·
2485 4594 2577 4648 καὶ
2624 4595 2725 4648 οὐκ
2775 4592 2891 4646 ἔστι
2945 4597 3054 4648 πᾶν
3116 4594 3428 4665 πρόσφατον
3461 4596 3572 4649 ὑπὸ
3601 4598 3700 4652 τόν

2100 4684 2270 4755 ἥλιον.
2300 4685 2395 4746 Ὃς
2421 4682 2641 4753 λαλήσει
2666 4681 2759 4734 καὶ
2789 4682 2923 4754 ἐρεῖ⁸
2952 4682 3079 4747 Ἴδε,
3110 4684 3269 4738 τοῦτο
3301 4686 3489 4742 καινόν
3509 4690 3693 4745 ἐστιν·

2099 4775 2200 4847 ήδη
2232 4776 2451 4845 γέγονεν
2484 4776 2542 4827 ὲν
2570 4777 2683 4837 τοῖς
2726 4773 2888 4826 αἰῶσι
2929 4777 3042 4838 τοῖς
3086 4778 3406 4848 γενομένοις
3432 4779 3542 4834 ἀπὸ
3584 4781 3696 4855 εμ-

2099 4866 2334 4940 προσθεν
2356 4864 2566 4937 ἡμῶνοι
2597 4863 2802 4918 τούτων
2829 4863 2887 4916 δὲ
2920 4864 3011 4917 καί
3060 4867 3191 4937 ἡμῖν
3240 4866 3555 4934 ἀκολούθως
3610 4875 3697 4936 εἰς

2098 4958 2191 5013 δύο
2215 4958 2277 5013 τὸ
2306 4959 2414 5012 πᾶν
2440 4956 2812 5029 διαιρούντων,
2837 4957 2916 5021 εἰς
2950 4974 3008 5010 τε
3034 4959 3224 5030 νοητὸν
3279 4960 3377 5014 καὶ
3402 4962 3693 5034 αἰσθητόν·

2101 5052 2195 5105 καὶ
2226 5050 2286 5103 τὸ
2317 5051 2414 5121 μὲν
2456 5052 2644 5120 νοητὸν
2674 5048 2965 5119 ἀσώματον
3002 5051 3097 5103 καὶ
3121 5050 3336 5119 λογικὸν
3365 5052 3464 5125 τὴν
3498 5055 3694 5124 φύσιν,

2099 5138 2372 5209 ἄφθαρτόν
2418 5155 2477 5191 τε
2538 5139 2632 5190 καὶ
2680 5138 2946 5191 ἀθάνατον
2977 5134 3493 5212 εἶναιόριζομένων·
3529 5145 3599 5199 τὸ
3647 5148 3695 5201 δ’

2099 5232 2353 5302 αἰσθητὸν
2382 5230 2618 5301 ὲν.ρύσει
2642 5232 2735 5284 καὶ
2768 5231 2963 5303 φθορᾷ,
2998 5232 3267 5304 μεταϐολῇ
3291 5251 3350 5287 τε
3380 5238 3477 5291 καὶ
3502 5244 3693 5313 τροπῇ

2097 5329 2198 5398 τῆς
2228 5325 2415 5387 οὐσίας
2438 5324 2722 5394 ὑπάρχειν
2757 5324 2973 5376 πάντων
2995 5324 3040 5377 δ’
3066 5325 3161 5379 ἐπὶ
3188 5326 3317 5397 μίαν
3346 5328 3526 5401 ἀρχὴν
3560 5334 3693 5387 dva-

2098 5416 2595 5487 κεφαλαιουμένων,
2623 5415 2680 5468 ἓν
2708 5432 2767 5467 τε
2789 5410 2925 5469 εἶναι
2951 5414 3237 5486 ἀγένητον,
3265 5419 3363 5472 καὶ
3391 5420 3454 5473 τὸ
3474 5424 3690 5494 κυρίως

2097 5510 2190 5563 καὶ
2213 5508 2425 5596 ἀληθῶς
2456 5507 2515 5563 ὃν
2539 5506 2990 5579 δογματιζόντων,
3023 5507 3083 5560 τὸ
3116 5508 3334 5566 πάντων
3368 5512 3687 5585 ἀσωμάτων

487 5613 533 5645 ⁸⁸
574 5610 731 5665 Rom.
774 5629 815 5677 ι,
849 5613 942 5668 20.
1019 5615 1038 5645 ¹
1081 5615 1253 5675 Exod.
1297 5635 1377 5689 ιιι,
1421 5621 1507 5674 ιι.
1586 5623 1607 5654 ί
1647 5604 1826 5679 Eccle.
1875 5640 1914 5687 I,
1945 5622 2120 5691 9,10.

491 5736 519 5765 ι
559 5722 720 5779 Forte
756 5728 1084 5801 μεμνῆσθαι.
