3826 6232
120 315 235 372 369

1298 313 1621 369 PREPAR.
1663 313 1915 370 EVANG.
1958 314 2086 371 LIB.
2124 313 2216 371 XI.

3276 313 3382 369 870

127 449 188 490 τε
206 434 304 490 καὶ
338 432 604 505 σωμάτων
631 432 822 486 αἴτιον·
847 431 946 486 θέα
967 431 1091 485 τινα
1114 429 1314 501 τρόπον
1334 431 1397 483 οὐ
1426 431 1585 501 μόνον
1608 432 1706 501 τὴν

1824 446 1936 486 esse
1958 432 2227 487 duntaxat
2273 430 2419 500 quod
2450 444 2627 500 neque
2657 438 2839 486 ortum
2867 430 3141 497 habuerit,
3169 440 3226 486 et
3252 444 3382 500 pro-

128 527 390 589 διὰνοιαν,
419 525 556 580 ἀλλὰ
588 526 683 579 xal
714 523 814 587 τὰς
842 524 1015 588 λέξεις
1037 524 1227 587 αὐτὰς,
1260 524 1357 577 καὶ
1386 523 1455 576 τὰ
1481 523 1707 595 ῥήματα

1824 522 1926 589 πίε
1955 522 2131 576 solum
2166 534 2401 589 vereque
2442 518 2534 585 sit,
2563 520 2815 589 idemque
2845 519 3091 573 omnium
3120 519 3372 582 omnino,

128 619 229 691 τῆς
267 616 536 689 Ἑϐραίων
581 618 801 687 γραφῆς
835 614 1149 687 παραξέσας
1199 617 1228 668 ό
1274 615 1522 680 Πλάτων,
1572 613 1709 678 ἐξοι-

131 707 377 763 κειοῖπαι
405 708 468 761 τὸ
495 708 693 778 δόγμα,
726 707 1072 778 πλατύτερον
1102 701 1231 760 lose
1279 725 1354 778 πη
1405 705 1705 775 διασαφῶνο

135 820 156 854 ι
176 802 244 855 Τί
263 801 326 854 τὸ
349 800 410 854 ὃν
441 800 554 873 (54)
583 802 691 865 ἀεὶ,
750 800 962 868 γένεσιν
994 800 1050 853 δὲ
1073 802 1174 853 οὐκ
1220 799 1375 869 ἔχονς
1425 800 1536 853 Kal
1567 799 1619 851 τί
1648 797 1709 851 τὸ

130 890 419 961 γινόμενον
448 890 547 960 μὲν
572 891 660 942 ἀεὶ
715 890 849 959 (55),
883 889 942 943 ὃν
968 888 1025 941 δὲ
1057 888 1346 954 οὺδέποτε;
1385 889 1458 942 Τὸ
1499 889 1598 959 μὲν
1622 888 1707 959 δὴ,

130 982 318 1051 νοήσει
356 981 494 1050 μετὰ
532 980 691 1048 λόγου
747 980 1100 1051 περιληπτὸν,
1142 980 1231 1034 ἀεὶ
1279 980 1422 1034 κατὰ
1470 979 1539 1033 τὰ
1570 980 1710 1034 αὐτὰ

126 1071 191 1124 ὃν
217 1071 355 1141 (56)·
380 1072 443 1124 τὸ
466 1071 543 1134 δὲ,
572 1070 829 1141 αἰσθήσει
883 1070 1062 1141 ἀλόγῳ
1109 1067 1388 1135 δοξαστὸν,
1428 1070 1710 1141 γινόμενον

133 1164 229 1216 καὶ
273 1162 665 1232 ἀπολλύμενον,
712 1162 889 1225 ὄντως
942 1163 1000 1216 δὲ
1037 1163 1291 1218 οὐδέποτε
1327 1162 1442 1216 ὃν.»
1489 1158 1614 1232 Ἆρ’
1648 1162 1711 1214 οὐ

134 1254 325 1323 σαφῶς
350 1254 587 1324 πέφηνεν
609 1255 639 1306 ὁ
667 1254 968 1324 θαυμάσιος
993 1255 1054 1307 τὸ
1090 1255 1188 1325 μὲν
1210 1253 1360 1326 παρὰ
1401 1255 1591 1308 Μωσεῖ
1618 1255 1714 1322 φῆ-

134 1365 236 1402 σαν
262 1346 440 1414 λόγιον
460 1363 472 1374 ·
508 1366 526 1396 ι
568 1340 708 1414 Ἑγώ
728 1347 844 1416 εἰμι
870 1347 900 1398 ὁ
931 1344 1060 1409 ὣν,›
1116 1345 1485 1416 μεταποιήσας
1522 1343 1591 1398 δι’
1618 1345 1714 1396 αὐ-

132 1436 251 1490 τοῦ·
282 1456 301 1488 ι
329 1435 394 1489 Τί
418 1434 479 1488 τὸ
502 1433 561 1488 ὂν
580 1435 686 1497 ἀεὶ,
709 1433 920 1503 γένεσιν
944 1433 1002 1486 δὲ
1049 1434 1149 1487 οὐκ
1170 1426 1325 1503 ἔχον;
1366 1452 1386 1486 ι
1429 1435 1539 1487 Kal
1559 1433 1715 1507 τοῦτό

135 1544 201 1597 γε
231 1526 552 1597 λευκότερον
573 1524 913 1593 διασαφήσας
968 1523 1081 1595 (57)
1114 1526 1172 1576 ἐν
1196 1523 1276 1594 τῷ
1302 1525 1487 1594 φάναι,
1545 1543 1564 1576 ι
1591 1524 1714 1596 μηδ’

130 1616 265 1671 ἄλλο
307 1610 446 1668 εἶναι
465 1614 525 1666 τὸ
548 1612 606 1666 ὃν
631 1613 662 1683 ἢ
693 1612 753 1665 τὸ
778 1613 837 1665 οὐ
868 1612 1070 1683 σαρκὸς
1094 1613 1393 1684 ὀφθαλμοῖς
1414 1613 1713 1685 ὁρώμενον,

1808 627 1906 668 seu
1956 627 2186 682 corpore
2234 624 2490 681 careant,
2518 630 2613 669 seu
2648 630 2774 669 cum
2808 627 2874 668 eo
2898 611 3192 681 conjuncta
3248 612 3383 678 sint,

1810 718 2036 759 causam
2072 711 2236 775 atque
2264 708 2597 777 principium
2625 721 2748 761 esse
2769 704 3091 761 decernunt.
3118 702 3238 760 Jam
3264 705 3387 760 vide

1809 805 1866 851 tu
1891 796 2047 863 mihi,
2078 813 2188 867 quo
2220 807 2383 868 pacto
2410 816 2477 853 ex
2510 797 2860 854 Hebraeorum
2890 797 3087 853 litteris
3113 812 3220 851 non
3250 812 3380 853 seu-

1810 888 1981 942 tentia
2010 888 2195 956 modo,
2221 890 2315 944 sed
2352 890 2484 959 ipsis
2515 890 2681 945 etiam
2729 890 2954 944 vocibus
2979 889 3269 959 verbisque
3295 889 3391 944 de-

1811 979 1973 1042 rasis,
2004 978 2107 1034 hoc
2136 980 2241 1035 sibi
2271 980 2424 1035 Plato
2448 980 2646 1051 dogma
2670 980 2934 1046 vindicet,
2970 980 3193 1035 uberius
3225 980 3389 1049 paulo

1810 1084 1926 1122 rem
1963 1069 2035 1122 ita
2069 1068 2394 1125 declarans:
2436 1088 2455 1121 ι
2497 1068 2641 1135 Quid
2671 1071 2806 1123 illud
2855 1079 2960 1134 est,
2997 1069 3142 1139 quod
3170 1084 3390 1139 semper

1810 1168 1913 1225 est,
1946 1175 2045 1214 nec
2071 1169 2253 1214 tamen
2284 1169 2463 1216 ortum
2498 1162 2668 1216 ullum
2690 1162 2851 1217 habet
2880 1162 2902 1214 ?
2931 1160 3070 1227 Quid
3099 1162 3230 1215 illud
3254 1176 3391 1215 con-

1814 1257 1918 1315 tra,
1947 1250 2092 1320 quod
2120 1265 2334 1320 semper
2361 1252 2606 1306 nascitur
2627 1291 2643 1318 ,
2671 1262 2725 1306 et
2754 1267 3038 1321 nunquam
3062 1251 3190 1307 est?
3227 1250 3389 1306 Prius

1814 1342 1947 1396 illud
1976 1342 2217 1411 quidem,
2254 1342 2400 1412 quod
2446 1357 2662 1413 semper
2694 1353 2858 1414 atque
2888 1345 3076 1398 eodem
3105 1344 3266 1398 modo
3306 1355 3391 1399 est

1813 1433 1882 1488 ab
1925 1435 2038 1488 sola
2070 1433 2426 1504 intelligentia
2470 1449 2594 1489 cum
2630 1436 2844 1491 ratione
2872 1436 3192 1506 percipitur.
3236 1434 3388 1491 Alte-

1817 1540 1938 1577 rum
1990 1524 2116 1590 hoc,
2147 1525 2293 1594 quod
2319 1524 2496 1578 oritur
2544 1524 2708 1580 simul
2739 1534 2793 1581 et
2819 1527 3041 1593 occidit,
3074 1542 3250 1596 neque
3287 1543 3392 1582 un-

1816 1629 1979 1684 quam
2011 1629 2139 1668 vere
2181 1623 2283 1677 est,
2335 1613 2392 1667 in
2451 1628 2515 1668 ea
2545 1614 2832 1680 duntaxat,
2875 1630 3039 1684 quam
3088 1630 3284 1670 sensus
3318 1617 3391 1670 ab

135 1707 214 1777 νῷ
240 1707 298 1759 δὲ
330 1702 929 1774 καταλαμϐανόμενον.)
972 1703 1280 1774 Ἐρωτήσας
1306 1703 1456 1772 γοῦν,
1499 1722 1517 1756 ι
1562 1704 1627 1757 Τί
1655 1705 1708 1757 τὸ

1824 1707 1968 1761 omni
2015 1706 2225 1760 ratione
2274 1720 2478 1761 vacuus
2536 1706 2733 1773 ellieit,
2770 1708 3027 1777 opinione
3059 1714 3322 1763 versatur.
3364 1727 3385 1760 ι

110 1774 221 1859 ιὸν,
247 1816 267 1849 ι
308 1796 474 1858 αὐτὸς
504 1792 679 1864 ἑαυτῷ
705 1793 1082 1864 ἀποκρίνεται,
1112 1794 1305 1862 λέγων’
1340 1814 1359 1846 ι
1382 1794 1455 1846 Τὸ
1508 1795 1605 1866 μὲν
1651 1796 1708 1866 δὴ

1824 1795 1959 1864 Quid
1980 1797 2004 1850 ἲ
2024 1796 2219 1851 Annon
2244 1795 2374 1851 illud
2412 1796 2578 1853 Mosis
2602 1774 2883 1853 oraculum
2915 1817 2927 1852 :
2961 1817 2981 1850 ι
3002 1799 3113 1869 Ego
3141 1814 3263 1854 sum
3290 1799 3385 1870 qui

136 1890 322 1960 νοήσει
341 1886 479 1959 μετὰ
489 1886 645 1955 λόγου
663 1883 994 1957 περιληπτὸν
1007 1886 1086 1940 ὃν.
1116 1906 1136 1940 ι
1157 1888 1230 1940 Τὸ
1249 1888 1307 1941 δὲ
1329 1888 1635 1960 Σολομώντε
1643 1907 1719 1943 ιον

139 1985 340 2053 φῆσαν,
370 1998 390 2031 ι
422 1979 487 2032 Τί
516 1979 580 2032 τὸ
627 1979 845 2047 γεγονός
863 1996 879 2045 ;
900 1981 1043 2034 Αὐτὸ
1086 1976 1149 2031 τὸ
1195 1976 1575 2048 γενησόμενον
1626 1979 1722 2033 καὶ

139 2073 193 2124 τί
250 2069 317 2124 τὸ
394 2069 798 2141 πεποιημένον;
857 2071 1000 2124 Αὐτὸ
1020 2070 1080 2124 τὸ
1102 2071 1584 2144 ποιηθησόμενονί
1618 2073 1715 2126 αὐ-

114 2161 252 2223 ·τοῖς
282 2160 472 2231 σχεδὸν
497 2162 707 2233 ῥήμασι
755 2161 1153 2233 διερμηνεύσας
1205 2162 1363 2235 δῆλος
1388 2164 1456 2218 ἂν
1500 2165 1608 2236 εἴη,
1640 2165 1721 2218 λέ-

137 2267 271 2318 γων·
303 2268 323 2301 ι
342 2251 416 2303 Τὸ
440 2251 541 2321 μὲν
568 2264 616 2315 ι,
650 2250 899 2322 αἰσθήσει
931 2251 1116 2322 ἀλόγῳ
1134 2251 1408 2321 δοξαστὸν,
1438 2254 1719 2325 γινόμενον

135 2342 233 2394 καὶ
259 2341 648 2413 ἀπολλύμενον,
700 2342 868 2405 ὅντως
918 2342 974 2396 δὲ
1016 2343 1271 2397 οὐδέποτε
1314 2344 1428 2398 ὅν.»
1490 2343 1584 2409 Οἷς
1626 2347 1720 2400 καὶ

137 2432 414 2503 ὲπιφέρευ
450 2452 468 2483 ι
495 2432 575 2485 Τὰ
599 2432 822 2486 τοιαῦτα
846 2435 955 2505 (58)
978 2435 1087 2505 γὰρ
1130 2438 1306 2489 πάντα
1331 2437 1472 2508 μέρη
1504 2438 1716 2509 χρόνου,

137 2525 199 2578 τὸ
222 2523 324 2596 ἦν,
349 2526 442 2578 καὶ
475 2527 662 2580 ἔσται·
698 2526 734 2581 ἃ
764 2527 828 2598 δὴ
857 2528 1112 2599 φέροντες
1132 2528 1467 2601 λανθάνομεν
1498 2532 1592 2585 ἐπὶ
1621 2532 1718 2603 τὴν

116 2618 308 2671 -ἀῖδιον
340 2619 546 2683 οὐσίαν,
589 2620 687 2673 οὐκ
731 2620 924 2691 ὀρθῶς.
971 2620 1214 2692 Λέγομεν
1244 2621 1353 2694 γὰρ
1405 2622 1498 2694 δὴ,
1520 2622 1595 2688 ὡς
1616 2621 1716 2695 ἦν,

134 2710 270 2764 ἔστι
301 2727 365 2764 τε
416 2711 510 2764 καὶ
550 2711 740 2765 ἔσται·
771 2713 837 2782 τῇ
879 2712 937 2765 δὲ
992 2712 1054 2765 τὺ
1094 2714 1223 2767 ἐστι
1250 2714 1409 2784 μόνον
1440 2715 1577 2769 κατὰ
1629 2716 1719 2769 τὸν

137 2801 316 2874 ἀληθῆ
348 2801 504 2870 λόγον
534 2803 818 2875 προσήκει.
846 2803 919 2856 Τὸ
946 2803 1001 2857 δὲ
1027 2803 1125 2873 ἦν,
1157 2805 1251 2859 καὶ
1282 2805 1343 2859 τὸ
1371 2804 1565 2871 ἔσται,
1590 2807 1719 2877 περὶ

135 2893 235 2965 τήν
262 2894 324 2945 ὲν
342 2893 520 2965 χρόνῳ
548 2893 760 2963 γένεσιν
812 2891 977 2949 οὖσαν
1022 2896 1130 2969 (59)
1196 2899 1395 2970 πρέπει
1440 2898 1715 2969 λέγεσθαιο

135 2987 384 3056 κινήσεις
411 2986 519 3057 γάρ
542 2987 717 3040 ἐστον.
769 2987 918 3041 Τὸδὲ
965 2990 1052 3043 ἀεὶ
1103 2990 1246 3044 κατὰ
1292 2991 1361 3045 τὰ
1402 2991 1542 3046 αὐτὰ
1596 2993 1718 3065 ἔχον

1820 1903 1963 1954 sum,
1992 1908 2011 1940 ι
2044 1887 2296 1959 egregius
2323 1887 2478 1942 Plato
2504 1888 2791 1944 manifeste
2851 1898 3219 1959 repraesentat,
3258 1890 3390 1945 dum

1819 1978 1937 2032 suis
1988 1978 2165 2048 ipsum
2197 1979 2271 2032 ita
2304 1980 2486 2034 verbis
2535 1980 2792 2049 exprimit
2822 1995 2845 2035 :
2882 1999 2901 2032 ι
2935 1978 3075 2046 Quid
3107 1980 3238 2035 illud
3285 1988 3389 2045 est,

1819 2071 1964 2140 quod
1981 2086 2194 2141 semper
2216 2080 2319 2137 est,
2350 2087 2449 2126 nec
2481 2082 2658 2127 tamen
2684 2086 2864 2127 ortum
2902 2073 3071 2127 ullum
3108 2074 3268 2128 habet
3296 2073 3321 2127 ?
3352 2091 3373 2125 ι

1818 2160 1974 2227 Quod
2005 2163 2169 2216 etiam
2205 2162 2490 2218 candidius
2522 2172 2577 2218 et
2604 2165 2844 2233 apertius
2878 2164 3195 2224 illustravit.
3252 2164 3384 2217 dum

1819 2250 1913 2316 ait,
1936 2250 2080 2306 aliud
2116 2252 2260 2322 quod
2293 2252 2384 2318 sit,
2416 2267 2537 2307 esse
2567 2254 2722 2319 nihil,
2749 2254 2852 2308 nisi
2876 2254 3021 2323 quod
3044 2269 3156 2308 non
3191 2268 3393 2324 corpo-

1819 2344 1897 2397 ris
1930 2343 2103 2399 oculis
2161 2345 2429 2411 videatur,
2466 2346 2559 2400 sed
2590 2355 2771 2401 mente
2805 2347 2920 2401 sola
2953 2347 3219 2416 capiatur.
3252 2345 3391 2400 Nam

1819 2437 1908 2491 tibi
1939 2438 2208 2507 quaesivit,
2242 2439 2370 2509 quid
2400 2440 2472 2493 sit
2505 2439 2657 2500 illud,
2691 2438 2836 2509 quod
2882 2447 2965 2494 est
2995 2457 3008 2504 ;
3040 2439 3116 2493 ita
3157 2453 3385 2508 respon-

1819 2527 1912 2581 det
1945 2529 2059 2598 ipse
2089 2528 2191 2582 sibi
2232 2546 2243 2580 :
2276 2548 2293 2581 ι
2327 2527 2593 2583 Nimirum
2618 2530 2774 2593 illud,
2802 2530 2945 2599 quod
2976 2528 3045 2582 ab
3081 2529 3194 2583 sola
3231 2529 3394 2582 Entel-

1818 2619 2037 2690 ligentia
2067 2621 2385 2690 percipitur.
2427 2641 2446 2673 ι
2484 2618 2770 2685 Similiter,
2822 2620 3050 2675 alterum
3085 2620 3188 2673 hoc
3235 2619 3395 2673 Salo-

1819 2712 2002 2765 monis
2040 2729 2053 2764 :
2096 2710 2272 2778 «Quid
2305 2721 2389 2768 est
2419 2713 2565 2781 quod
2593 2712 2741 2766 luit?
2767 2711 2944 2781 ipsum
2976 2711 3120 2781 quod
3148 2711 3393 2767 futurum

1817 2813 1921 2859 est.
1955 2803 2095 2871 Quid
2119 2805 2382 2875 estquod
2412 2805 2616 2859 factum
2641 2815 2723 2857 est
2750 2803 2774 2855 ?
2812 2804 2985 2872 ipsum
3010 2803 3153 2872 quod
3190 2801 3394 2857 facien-

1817 2902 1947 2957 dum
1984 2911 2090 2970 est,
2130 2921 2151 2954 ι
2191 2902 2372 2957 verbis
2396 2917 2531 2972 pene
2560 2900 2785 2955 totidem
2819 2901 3228 2971 interpretatur,
3258 2901 3389 2955 dum

1819 2996 1896 3049 ait
1922 3013 1937 3049 :
1975 3013 1994 3045 ι
2036 2994 2091 3048 ld
2127 3003 2331 3059 autem,
2352 2994 2495 3064 quod
2525 2993 2701 3049 oritur
2717 2992 2879 3047 simul
2898 3002 2951 3047 et
2970 2991 3190 3059 occidit,
3212 3007 3393 3062 neque

136 3078 413 3149 ἀκινήτως
443 3076 564 3130 οὔτε
588 3079 957 3151 πρεσϐύτερον
1002 3080 1125 3135 οὔτε
1149 3082 1413 3155 νεώτερον
1450 3086 1708 3156 προσήκει

1824 3102 2061 3156 unquam
2088 3102 2213 3141 vere
2245 3095 2346 3152 est,
2382 3087 2436 3140 in
2469 3101 2532 3139 ea
2562 3085 2850 3149 duntaxat,
2879 3098 3043 3154 quam
3082 3098 3277 3138 sensus
3320 3082 3392 3137 ah

134 3169 383 3239 γίνεσθαι
414 3171 502 3225 διὰ
562 3173 752 3243 χρόνον
804 3172 936 3245 (40)·
961 3174 1084 3227 οὐδὲ
1126 3176 1378 3243 γενέσθαι
1416 3178 1547 3230 ποτὲ
1580 3178 1712 3251 (41),

133 3261 258 3315 οὐδὲ
283 3261 566 3329 γεγονέναι
598 3261 713 3327 νῦν,
770 3263 878 3316 οὐδ’
911 3264 1154 3329 εἰσαῦθις
1197 3266 1413 3322 ἔσεσθαι
1462 3269 1523 3322 τὸ
1549 3272 1717 3342 παρά-

135 3367 248 3404 παν
284 3351 417 3421 (42),
440 3352 546 3405 οὐδ’
572 3353 673 3406 ὅσα
701 3354 913 3421 γένεσις
942 3358 1056 3419 τοῖς
1110 3358 1169 3409 ὲν
1216 3358 1464 3430 αἰσθήσει
1493 3362 1719 3432 φερομέ-

135 3460 251 3507 νοις
283 3444 585 3515 προσῆψεν·
614 3444 755 3499 ἀλλὰ
785 3446 974 3516 χρόνου
1024 3447 1213 3513 ταῦτα,
1252 3450 1423 3504 αἰῶνα
1450 3453 1719 3524 μιμουμέ-

128 3555 231 3591 νου
261 3539 357 3592 καὶ
414 3540 536 3592 κατ’
566 3538 798 3610 ἀριθμὸν
825 3540 1218 3612 κυκλουμένου,
1271 3545 1494 3613 γέγονεν
1524 3538 1711 3618 ἐῖδηη

134 3630 253 3684 Kal
284 3630 425 3701 πρὸς
457 3630 569 3703 (45)
597 3631 807 3695 τούτοις
832 3631 911 3685 ἔτι
943 3632 1011 3686 τὰ
1037 3633 1235 3686 τοιάδε·
1276 3654 1294 3687 ι
1318 3635 1390 3689 Τὸ
1420 3636 1476 3690 δὲ
1498 3639 1720 3706 γεγονὸς

124 3720 280 3776 εἶναι
306 3724 548 3790 γεγονὸς,
578 3722 671 3777 καὶ
703 3723 764 3776 τὸ
788 3725 1071 3796 γινόμενον
1116 3722 1256 3780 εἶναι
1304 3728 1606 3799 γινόμενον
1638 3730 1717 3784 ἔτι

122 3832 193 3869 τε
222 3814 287 3869 τὸ
313 3815 676 3884 γενησόμενον
710 3811 848 3872 εἶναι
885 3817 1248 3889 γενησόμενον
1273 3818 1408 3889 (44).
1442 3838 1461 3871 ι
1494 3821 1603 3874 Kal
1632 3823 1719 3875 ἵνα

132 3923 200 3975 γε
234 3906 311 3977 μή
340 3923 427 3968 τις
464 3907 611 3976 ἡμᾶς
668 3908 1104 3978 παρερμηνεύειν
1165 3910 1440 3981 ἡγήσηται
1492 3910 1590 3976 τὰς
1622 3913 1717 3966 τοῦ

128 3997 435 4067 φιλοσόφου
462 3997 665 4067 φωνὰς,
691 3998 1047 4069 ὑπομνήμασι
1092 4000 1389 4071 χρήσομαι,
1414 4002 1580 4058 τῶνδε
1611 4003 1719 4056 τῶν

204 4148 235 4177 ι
262 4134 429 4189 Forte
451 4134 530 4191 δέ.
957 4154 989 4189 ι

207 4226 328 4351 (5.ιέ
365 4227 426 4279 Τί
450 4227 584 4309 τό...
617 4227 716 4290 ὅν,
747 4234 850 4281 etc.
897 4227 1024 4310 Adi-
1056 4226 1336 4309 Platonem
1388 4225 1441 4304 in
1471 4222 1718 4289 “Timeo,

207 4314 261 4351 ιι.
330 4295 421 4351 26.
446 4297 575 4351 edit.
596 4296 940 4351 Graeco-Lat.
966 4298 1161 4351 Flcml.
1193 4295 1284 4349 ubi
1309 4295 1527 4351 legitur.
1560 4298 1623 4350 Τί
1654 4298 1717 4351 τὸ

129 4295 575 4422 εςὰὲΞΞὲἒίοόίι.
596 4296 940 4353 Graeco-Lat.
966 4298 1161 4361 Ficini,
1193 4295 1284 4349 ubi
1309 4295 1527 4365 legitur,
1560 4298 1623 4350 Τί
1654 4298 1717 4351 τὸ

206 4438 226 4505 (

230 4383 341 4492 g3,
506 4435 618 4489 ἀει.
647 4434 802 4492 Plato
831 4436 974 4492 delet
1000 4437 1106 4491 ἀεί.

136 4574 261 4657 μετ’
292 4574 613 4655 αἰσθήσεως.
645 4575 837 4657 αλόγου
860 4577 1113 4643 δοξαστόν
1136 4574 1357 4660 ,’γιγν..
1377 4619 1393 4643 ,
1440 4587 1545 4634 ete.
1602 4574 1715 4701 (sic

136 4661 283 4701 enim
318 4660 386 4699 eo
412 4646 534 4700 loco
561 4644 1051 4701 distinguendum.)
1078 4647 1235 4701 Plura
1267 4650 1485 4701 quidem
1513 4662 1605 4701 ver
1647 4663 1711 4701 a:

131 4644 283 4702 enim
318 4660 386 4699 eo
412 4644 534 4700 luco
561 4644 1051 4719 distinguendum.)
1078 4644 1235 4719 Plura
1267 4644 1485 4719 quidem
1513 4644 1711 4719 verba:

133 4732 339 4773 sensus
366 4724 547 4787 tamen
576 4715 746 4787 idem.
770 4715 1039 4771 Caeterum
1075 4715 1301 4787 longior'
1319 4719 1421 4773 iste
1450 4717 1715 4773 orationis

130 4789 357 4860 ductus,
386 4784 560 4860 magis
595 4783 836 4860 Platonis
865 4802 933 4841 ex
960 4786 1138 4860 genio,
1163 4783 1305 4860 ἱῙιῙειο
1332 4804 1453 4860 pag.
1480 4787 1601 4860 526.

209 4854 326 4926 ('57)
363 4854 730 4927 Λευκότερον
771 4854 1175 4927 ᾇιασαςὲήσας.
1218 4854 1347 4913 Hoc
1368 4854 1455 4913 est
1487 4856 1712 4927 ἐναργέ-

135 4925 356 4995 στερον.
394 4925 690 4998 Ι-ια-ςιὶοῐηί
716 4925 880 4998 infra,
917 4925 1133 4998 τὴν-διὰ
1173 4928 1267 4980 τοῦ
1306 4928 1573 4998 δόγματος
1590 4925 1716 4998 διά-

135 4994 293 5069 tota!
334 4995 430 5069 καὶ,
471 4994 697 5069 (Ιξίλωνό
736 4994 985 5069 Ἐϐραῖος
1024 4996 1342 5069 λευκότερον
1375 4994 1709 5069 ἑρμηνεύων.

138 5064 205 5119 Et
237 5066 340 5138 lib:
373 5066 470 5138 ult.
497 5065 708 5138 λευκοῖς
729 5064 846 5129 τοῖς
867 5066 1109 5136 ἐλέγχοις
1133 5064 1713 5138 ἀπεγύμνὼσαζαδιιτι-

134 5135 285 5189 tonis
320 5135 699 5205 lamhograplii
731 5152 969 5202 versum,
998 5135 1141 5205 apud
1168 5135 1483 5192 Athenaeum
1508 5136 1604 5191 lib.
1635 5151 1712 5203 ιχ,

135 5221 262 5274 pag.
308 5205 436 5269 585,
480 5204 840 5261 Casaubonus
884 5204 1106 5261 sensum
1154 5208 1298 5261 hunc
1332 5216 1571 5274 secutus,
1620 5220 1713 5261 so-

137 5278 305 5329 lerter
337 5275 665 5343 emendavit.
694 5274 986 5343 Perperam
1022 5284 1148 5330 ante
1177 5278 1479 5343 legebatur:

207 5343 414 5416 Πηγός
440 5342 760 5416 πάρεστιν;
786 5342 1013 5414 Πηγός;
1042 5348 1177 5416 οὐχὶ
1205 5342 1427 5413 λευκὰς
1451 5348 1505 5401 ει

220 5414 425 5481 Ἐρεῖς,
456 5412 832 5484 σαφέστερόν
857 5412 907 5470 θ’
937 5417 968 5470 ὃ
991 5412 1207 5481 ,βούλει
1228 5435 1331 5487 μοι
1356 5412 1589 5488 λέγειν;

136 5484 405 5543 Reposuit
432 5486 541 5543 ille.

184 5496 405 5554 eposutt
432 5496 541 5554 itte,

206 5554 411 5679 (ἒητός
438 5553 730 5677 πιῗρεστιν
743 5572 765 5622 ;
790 5557 1023 5625 Πητός;
1048 5557 1185 5627 οὐχὶ
1208 5558 1397 5613 λευκὰ
1421 5557 1503 5612 σὺ

287 5642 433 5679 οεις.
461 5641 491 5677 e
517 5642 568 5679 e.

222 5626 433 5689 Ἐρεῖς,
461 5634 568 5679 etc.

136 5694 314 5752 Herus
362 5695 446 5749 sal
488 5697 797 5762 postulabat
821 5712 850 5751 a
880 5713 1077 5764 coquo,
1124 5698 1350 5751 idenim
1380 5707 1495 5753 erat
1535 5695 1712 5767 πηγὸς

136 5769 433 5840 πάρεστιν;
470 5779 679 5837 coquus
714 5769 864 5825 vocis
893 5769 1055 5840 hujus
1094 5770 1355 5834 insolens,
1383 5784 1445 5824 ac
1488 5769 1706 5833 dubius,

206 4438 306 4505 (35
354 4438 486 4489 Μὲν
506 4438 618 4489 ἀει.
647 4438 802 4492 Plato
831 4438 974 4492 delet
1000 4438 1106 4491 ἀεί.

206 4438 486 4580 (§6)_Post
509 4506 778 4580 at’mlor,
807 4503 960 4580 Plato
994 4509 1080 4580 sic
1114 4508 1216 4579 leg.
1256 4508 1316 4562 τὸ
1346 4508 1390 4563 δ’
1420 4503 1512 4562 οὖν
1566 4506 1714 4580 δόξῃ,
1747 4491 1799 4551 ι)

1817 3181 1966 3233 omni
2008 3178 2220 3234 ratione
2270 3193 2480 3233 vacuus
2517 3176 2711 3242 elﬁcit,
2754 3176 3013 3246 opinione
3058 3185 3326 3231 versatur.
3367 3195 3388 3229 ›

1816 3267 2027 3335 Quibus
2056 3268 2219 3322 etiam
2257 3283 2379 3337 qua
2412 3272 2739 3336 sequuntur,
2782 3265 3029 3336 adjungit
3062 3283 3077 3319 :
3111 3283 3129 3316 ι
3158 3263 3391 3335 Quippe,

1822 3361 2087 3430 temporis
2116 3360 2499 3429 enim,inquit,
2526 3367 2709 3427 partes
2740 3358 2856 3412 ista:
2878 3367 3027 3419 sunt,
3048 3365 3182 3420 erat,
3206 3365 3390 3427 atque,

1819 3452 2125 3520 erit;quas
2190 3450 2569 3519 imprudentes
2619 3450 2965 3517 sempiternae
2991 3449 3153 3501 etiam
3186 3458 3396 3502 natura:

1818 3542 2020 3611 injuria
2085 3541 2400 3595 tribuimus.
2430 3537 2606 3609 Vulgo
2641 3540 2785 3593 enim
2805 3540 2878 3592 ita
2926 3539 3221 3608 loquimur,
3253 3549 3390 3602 erat,

1817 3643 1916 3698 est,
1967 3633 2099 3686 erit:
2123 3647 2244 3686 cum
2270 3639 2456 3685 tamen
2487 3630 2538 3684 ei
2566 3629 2765 3692 solum,
2794 3639 2892 3693 est,
2916 3631 3133 3699 proprie
3161 3644 3396 3699 vereque

1818 3723 2127 3778 conveniat.
2174 3722 2327 3785 Erat,
2363 3731 2566 3788 autem,
2602 3722 2708 3785 vel,
2743 3722 2865 3786 erit,
2900 3721 2966 3774 de
2993 3730 3138 3785 ortu,
3178 3721 3270 3789 qui
3293 3721 3395 3774 ali-

1820 3830 1930 3881 quo
1956 3822 2195 3883 tempore
2252 3814 2366 3880 ﬁat,
2400 3813 2755 3883 pronuntiare
2789 3813 2967 3877 decet,
2989 3812 3134 3881 quod
3166 3819 3397 3882 utraque

1822 3923 1953 3964 voce
1983 3916 2165 3960 motus
2212 3906 2410 3975 aliquis
2443 3904 2800 3975 signiﬁcetur.
2832 3903 2901 3957 A't
2926 3903 3068 3973 quod
3115 3905 3306 3959 eodem
3336 3920 3396 3961 se

1820 4001 1985 4056 modo
2017 4013 2232 4069 semper
2264 3997 2487 4053 ac'citra
2513 4007 2720 4052 motum
2748 3995 2917 4051 ullum
2944 3995 3164 4060 habeat,
3196 3995 3250 4050 id
3268 4011 3397 4067 pro-

1820 4219 2029 4290 πηγός;
2064 4218 2261 4290 inquit,
2289 4218 2581 4273 admiranti
2628 4217 2842 4290 similis.
2866 4216 3023 4290 Tum»
3053 4215 3284 4290 instans,
3315 4218 3394 4272 uti

1814 4288 1955 4359 quid,
1974 4289 2103 4344 velit
2138 4288 2338 4343 clarius
2368 4291 2593 4356 aperiat,
2622 4290 2740 4358 οὐχὶ
2781 4288 2948 4341 λευκὰ
2979 4288 3043 4341 σὺ
3076 4288 3249 4358 ὲρείς;
3284 4297 3394 4344 etc.

1818 4358 1897 4413 Ita
1946 4358 2149 4424 λευκά,
2201 4368 2255 4414 et
2299 4359 2631 4432 σαφέστερον
2677 4360 2862 4430 ἐρεῖν,
2909 4372 3009 4427 pro
3061 4359 3249 4413 eodem
3298 4372 3394 4413 su-

1818 4437 2061 4484 muntur.

1894 4498 2006 4568 (58)
2043 4498 2118 4553 Τὰ
2166 4496 2439 4561 τοιαῦτα,
2465 4508 2568 4552 etc.
2601 4496 2801 4551 Eodem
2836 4492 3146 4568 infimam,
3177 4511 3231 4565 p.
3263 4494 3389 4551 529.

1821 4564 1926 4623 Sed
1958 4564 2033 4623 ibi
2076 4569 2228 4622 locus
2271 4567 2356 4621 hic
2398 4570 2469 4621 ita
2514 4569 2857 4635 concipitur:
2890 4564 3075 4618 Ταῦτα
3104 4564 3390 4629 aenum,

1820 4639 1986 4709 μέρος
2009 4638 2220 4709 χρόνουο
2252 4638 2345 4709 καὶ
2389 4638 2449 4691 τό
2480 4654 2543 4709 τε
2584 4633 2687 4709 ἦν,
2710 4635 2771 4689 τό
2800 4637 2847 4687 τ’
2873 4635 3067 4709 ἔσται,
3088 4635 3277 4705 χρόνου
3299 4652 3393 4703 γε-

1816 4704 2174 4779 γονότοςέῐδη
2199 4707 2454 4779 φέροντες
2478 4704 2719 4779 λανθανη
2747 4714 2850 4759 etc.
2879 4704 3142 4779 Eusebius
3169 4720 3389 4760 sensum

1816 4775 2077 4846 relinquit
2110 4775 2401 4846 integrum,
2426 4778 2589 4846 verba
2622 4775 2947 4846 decurtavit.

1889 4841 1998 4918 (59)
2031 4841 2285 4900 Γένεσῖν
2313 4843 2529 4918 οὖσαν.
2562 4845 2717 4901 Plato
2743 4841 2956 4913 γένεσιν
2991 4841 3174 4897 ἰοῦσαν
3194 4882 3210 4909 ,
3245 4842 3390 4914 quod

1815 4917 1906 4972 est
1927 4933 2053 4972 cum
2085 4927 2231 4971 motu
2262 4917 2631 4985 coniunctius.

1911 4986 2001 5055 40)
2036 4987 2140 5040 Διὰ
2172 4989 2414 5055 χρόνον.
2446 4985 2620 5050 Plato,
2653 4985 2801 5055 ποτέ.

1910 5052 1998 5123 41)
2025 5052 2485 5123 οὺδὲὴενέσθαι
2528 5053 2690 5109 ποτέ,
2726 5054 2850 5108 Ηεεο
2879 5052 3032 5108 Plato
3062 5068 3170 5107 non
3207 5052 3390 5121 habet,

1815 5123 1937 5197 qua:
1968 5123 2147 5181 tamen
2179 5128 2409 5197 libenter
2437 5141 2558 5179 cum
2584 5125 2817 5197 Eusebio
2852 5123 3192 5197 retinuerim.

1888 5197 1996 5266 (42)
2029 5199 2311 5249 Ἔσεσθαι
2354 5196 2419 5248 τὸ
2465 5196 2767 5266 παράπαν,
2794 5203 2898 5248 etc.
2932 5194 3245 5266 Sinceriora
3275 5191 3393 5266 ltaac

1813 5261 2086 5331 videntur,
2118 5283 2281 5335 quam
2331 5276 2391 5320 ut
2432 5261 2572 5332 apud
2618 5265 2895 5318 Platonem
2930 5264 3125 5332 legitur
3171 5261 3392 5315 ἔσεσθαι

1813 5338 1874 5391 τὸ
1904 5338 2164 5408 παράπαν
2184 5354 2285 5408 πε,
2312 5335 2474 5408 οὐδὲν
2499 5336 2599 5388 ὅσα
2628 5335 2869 5404 γένεσις,
2900 5342 3027 5397 ete.,
3055 5347 3177 5403 qua:
3208 5340 3391 5391 tamen

1813 5406 2357 5474 lectio'improbanda
2385 5420 2491 5459 non
2523 5414 2627 5459 est.

1886 5477 1998 5549 (45)
2035 5469 2157 5549 Κάὲ
2172 5547 2179 5549 _
2202 5477 2349 5549 πρὸς
2412 5475 2643 5541 τούτοις
2668 5472 2784 5549 ,ἔτι
2945 5469 3166 5549 τοιᾷδεἶ
3215 5469 3391 5527 Verba

1813 5540 2109 5603 etiam'liaec
2126 5540 2366 5600 Platonis
2378 5554 2522 5606 sunt,
2539 5540 2645 5597 non
2667 5543 2903 5609 Eusebii,
2920 5551 2979 5596 ut
2998 5540 3166 5595 videri
3183 5549 3387 5611 posset.

1886 5619 1997 5689 (44)
2031 5614 2202 5672 Εἶναι
2235 5616 2662 5689 γενησόμενον.
2693 5612 2899 5670 Sensus
2925 5612 3208 5689 integritas
3254 5626 3389 5689 pau_-

1813 5680 1933 5743 cuia
1968 5680 2083 5743 htec
2111 5680 2397 5754 exigebat,
2424 5680 2547 5754 quae
2596 5691 2899 5751 sequuntur
2924 5683 2981 5754 in
3012 5680 3263 5754 Platone.
3292 5681 3391 5738 καὶ

1812 5759 1873 5813 τὸ
1906 5758 1980 5830 μὴ
2008 5757 2087 5825 ὃν,
2120 5749 2277 5829 μὴ’ὃν
2302 5749 2459 5810 εἶναιῖ
2491 5749 2566 5810 ὧν
2594 5749 2744 5809 οὐδὲν
2773 5752 3015 5824 ἀκριϐῶς
3045 5752 3295 5825 λέγομεν.
