3826 6232
426 276 526 336 87!
1105 270 1378 329 EUSEBH
1416 268 1900 326 CIESARIENSIS
1937 268 2088 325 OPP.
2126 268 2309 325 PARS
2347 268 2413 324 ll.
2460 299 2531 310 -—
2567 266 3071 327 APOLOGETICA.
3619 269 3723 325 87:!

428 405 550 466 pter
576 395 755 466 ipsum
781 402 996 465 tempus
1022 408 1202 463 neque
1233 392 1504 448 vetustius
1531 408 1800 468 unquam,
1834 406 2013 462 neque

2202 408 2293 457 των
2326 392 2427 464 τὴν
2469 390 2707 446 διάνοιαν
2734 389 3071 460 ἐκφαίνουσι.
3114 390 3342 458 Πλείους
3383 389 3484 463 μὲν
3515 386 3616 445 οῦν
3646 393 3726 453 εἰς

430 488 706 545 recentius
729 486 845 543 ﬁeri
873 493 1052 556 potest
1079 503 1093 540 :
1122 484 1282 556 525
1307 485 1419 539 imo
1449 500 1627 555 neque
1658 483 1860 539 factum
1892 499 2017 541 esse

2202 500 2222 535 ν
2254 480 2460 537 τούτων
2506 478 2918 554 ¹ἐπιδεὸλήκασι
2976 480 3235 553 θεωρίαν·
3263 483 3390 553 ἐμοὶ
3414 483 3460 536 δ’
3488 481 3723 553 ἐξαρκεῖ

430 578 747 646 aliquando,
789 591 968 646 neque
1017 590 1166 629 nunc
1193 577 1431 644 primum
1478 575 1758 630 exstitisse
1783 614 1799 636 .
1837 590 2014 645 neque

2202 573 2285 626 νῦν
2320 572 2514 643 ἀνδρὸς
2546 570 2847 642 ἐπιφανοῦς
2870 572 3185 644 Νουμηνίου
3219 574 3314 628 τοῦ
3343 572 3726 645 Πυθαγορείου

429 671 656 724 omnino
684 667 932 723 futurum
962 682 1085 721 esse
1107 707 1123 732 ,
1172 681 1275 721 nec
1314 681 1504 721 eorum
1536 665 1685 721 aliud
1713 666 2013 736 quidquam

2204 666 2463 739 ραθέσθαι
2482 664 2678 730 λέξεις,
2707 665 2774 729 ἀς
2798 668 2858 720 ἐν
2885 664 2962 736 τῷ
3019 665 3165 734 Περὶ
3192 666 3457 739 trimam?
3478 665 3729 739 δευτέρῳ

429 760 637 824 subire,
666 775 787 829 quae
817 760 1050 829 ipsemet
1071 768 1227 814 ortus
1272 758 1362 821 iis,
1398 773 1522 828 quae
1543 773 1806 815 sensuum
1838 759 2016 813 incer-

2202 761 2521 833 γγρὰμματι
2542 754 2647 815 ὧδέ
2670 775 2748 832 πη
2775 760 3054 828 διέξεισιν.

327 883 331 887 -
428 850 661 905 titudine
684 852 982 921 jactantur,
1012 849 1299 919 adjunxit:
1331 864 1459 904 cum
1516 850 1624 905 ista
1678 847 1874 903 formae
1921 849 2172 919 quaedam
2212 853 2321 908 sint
2344 862 2639 923 partesque
2663 852 2948 922 temporis,
2966 853 3116 924 quod
3174 855 3539 911 aeternitatem
3591 852 3730 909 imi-

429 952 575 1000 tetur
598 944 843 1015 quidem,
875 942 972 1000 sed
997 952 1178 997 tamen
1230 951 1381 998 certa
1446 941 1681 1012 quadam
1731 954 2089 995 numerorum
2127 942 2492 998 conversione
2521 942 2789 999 volvatur.
2824 961 2843 995 ι
2879 942 3000 1010 Quo
3038 946 3206 1000 etiam
3237 947 3340 1002 ista
3392 946 3680 1015 pertinent
3709 959 3727 997 :

433 1054 452 1087 α
487 1034 644 1102 Quod
678 1035 881 1090 factum
910 1036 1003 1100 sit,
1035 1034 1091 1089 id
1117 1049 1240 1089 esse
1264 1032 1471 1089 factum
1510 1052 1530 1089 τ
1555 1033 1704 1104 quod
1753 1032 1866 1100 ﬁat,
1896 1031 1952 1087 id
1981 1049 2104 1090 esse
2140 1036 2287 1107 quod
2323 1037 2385 1091 lit
2418 1054 2433 1090 :
2473 1035 2711 1106 denique
2765 1036 2913 1106 quod
2966 1036 3213 1093 futurum
3244 1039 3338 1104 sit,
3383 1037 3641 1094 futurum
3674 1034 3729 1092 id

427 1142 572 1183 esse.
609 1147 629 1180 ι
660 1127 740 1184 Ae
769 1142 837 1182 ne
865 1128 990 1197 quis
1027 1124 1339 1196 philosophi
1365 1125 1529 1180 verba
1561 1125 1615 1179 in
1641 1123 1882 1179 alienum
1916 1139 2003 1179 me
2041 1139 2266 1181 sensum
2307 1136 2566 1197 torquere
2615 1127 2963 1195 criminetur,
3024 1143 3123 1185 eos
3167 1130 3318 1201 ipsos
3368 1136 3730 1185 commenta-

430 1221 562 1283 rios,
595 1220 796 1291 quibus
838 1220 1056 1274 illorum
1102 1219 1373 1274 sententia
1401 1219 1734 1284 declaratur,
1758 1219 2006 1289 proferre
2041 1219 2217 1291 juvat.
2247 1220 2387 1276 Cum
2419 1229 2605 1276 autem
2634 1222 2740 1279 hoc
2789 1222 2845 1277 in
2909 1222 3305 1294 interpretandi
3352 1239 3552 1294 genere
3602 1224 3727 1295 ple—

427 1316 586 1385 rique
606 1312 806 1366 versati
831 1312 960 1377 sinl,
996 1308 1130 1364 mihi
1169 1309 1390 1379 quidem
1425 1310 1560 1366 satis
1613 1311 1719 1365 hoc
1771 1311 1893 1365 loco
1957 1309 2145 1373 fuerit,
2195 1307 2453 1366 Numenii
2503 1309 2878 1383 Pythagorici,
2945 1312 3107 1384 cujus
3169 1314 3486 1385 percelebre
3516 1328 3730 1372 nomen

428 1419 536 1476 est,
562 1408 835 1481 ipsissima
866 1404 1067 1475 quibus
1088 1403 1333 1458 secundo
1362 1401 1441 1456 De
1465 1401 1599 1455 bono
1622 1401 1816 1469 utitur,
1848 1402 2015 1457 verba
2055 1401 2324 1473 proferre.

1045 1494 1277 1551 CAPUT
1316 1492 1392 1551 Χ.

496 1593 583 1648 Ea:
608 1591 745 1647 libro
784 1592 1011 1659 secundo
1038 1587 1298 1642 Numenii
1323 1585 1678 1657 pythagorici,
1710 1583 1786 1639 De
1803 1584 1960 1639 bona.

507 1770 528 1804 ι
572 1751 686 1822 Age
707 1750 1061 1821 vero,inquit
1092 1749 1204 1812 ille,
1241 1756 1406 1818 atque
1444 1746 1512 1802 ad
1538 1746 1698 1810 illud,
1736 1745 1886 1816 qu'od
1915 1754 2020 1812 est,

431 1842 1168 1914 quantumlieet,aspiremus
1198 1860 1212 1896 :
1239 1840 1576 1910 omninoque
1608 1839 2023 1910 pronuntiemus

2674 1492 3075 1548 ΚΕΦΑΛΔῘΟΝ
3127 1494 3181 1546 i'.

2134 1584 2272 1639 Ἀπὸ
2297 1585 2405 1641 τοῦ
2436 1584 2721 1655 δευτέρου
2747 1585 2889 1653 Περὶ
2917 1583 3199 1654 τάγαθοῦ,
3234 1585 3585 1655 Νουμηνίου
3615 1588 3731 1644 τοῦ

2703 1656 3132 1725 Πυθαγορείου.

2205 1764 2225 1797 ι
2280 1746 2416 1819 Φέρε
2446 1743 2561 1814 οὖν,
2606 1748 2706 1820 ὅση
2755 1746 3006 1820 δύναμις,
3050 1746 3328 1817 ἐγγύτατα
3377 1748 3517 1821 πρὸς
3562 1748 3629 1803 τὸ
3670 1749 3731 1804 ὂν

2128 1838 2481 1911 ἁναγὼμεθα,
2512 1840 2610 1894 καὶ
2640 1839 2908 1911 λέγωμεν,
2923 1836 3000 1893 Τὸ
3032 1839 3093 1894 ὃν
3120 1838 3246 1894 οῦτε
3289 1842 3423 1894 ποτέ
3454 1837 3546 1913 ἦν,
3597 1840 3732 1896 οὔτε

431 1934 578 2002 quod
596 1943 699 1997 est,
727 1933 780 1988 id
795 1949 972 2003 neque
989 1932 1158 1988 fuisse
1171 1945 1414 2001 unquam
1429 1945 1607 2000 neque
1626 1945 1867 2001 unquam
1885 1928 2023 1985 futu-

2202 1930 2257 1982 τέ
2284 1930 2358 2001 μὴ
2382 1929 2606 2000 γένηται
2626 1946 2640 1959 ·
2670 1928 2783 1983 ἀλλ’
2820 1928 2967 1984 ἔστιν
2994 1930 3080 1983 ἀεὶ
3121 1931 3180 1982 ἐν
3205 1931 3382 2002 χρόνῳ
3404 1931 3729 2003 ὡρισμένῳ,

431 2039 554 2081 rum
572 2039 714 2089 esse,
730 2032 783 2078 at
797 2034 944 2079 certo
959 2024 1221 2079 duntaxat
1238 2022 1603 2093 praesentique
1627 2033 1868 2092 tempore
1881 2037 2026 2078 sem-

433 2131 530 2187 per
554 2130 704 2169 essc:
724 2116 869 2185 quod
894 2130 1026 2171 sane
1046 2124 1260 2185 tempus
1274 2114 1377 2170 hoc
1388 2114 1551 2169 modo
1570 2114 2024 2184 prmsens,siquis

435 2208 796 2262 aeternitatem
829 2208 1012 2263 dicere
1060 2206 1316 2273 voluerit,
1351 2221 1440 2261 me
1467 2213 1695 2262 auctore
1714 2206 1932 2276 quidem
1969 2206 2024 2262 id

432 2298 615 2353 faciat.
644 2298 718 2355 At
744 2313 873 2353 vero
919 2306 1136 2367 tempus
1192 2297 1531 2367 praeteritum
1553 2335 1570 2360 ,
1623 2296 1891 2366 ejusmodi
1921 2310 2022 2351 nos

432 2392 746 2446 existimare
803 2389 979 2455 decet,
1031 2389 1175 2459 quod
1222 2388 1338 2458 jam
1401 2403 1635 2458 prorsus
1720 2386 2019 2459 aufugerit,

432 2494 598 2553 atque
625 2483 699 2536 ita
730 2481 1045 2547 evanuerit,
1074 2488 1134 2535 ut
1154 2472 1383 2549 penitus
1418 2494 1541 2535 esse
1569 2479 1795 2534 desierit
1822 2497 1836 2534 :
1876 2478 2023 2535 futu-

432 2591 556 2630 rum
590 2582 792 2635 autem.
849 2573 997 2643 quod
1032 2572 1281 2627 nondum
1336 2571 1442 2635 sit,
1474 2571 1692 2627 tametsi
1730 2579 1790 2625 ut
1824 2575 1895 2626 sit
1918 2572 2022 2625 ali-

433 2667 673 2735 quando,
699 2665 900 2720 habere
933 2679 1096 2735 posse
1146 2664 1380 2719 dicatur.
1424 2663 1603 2720 Minus
1628 2680 1758 2736 ergo
1790 2680 2024 2721 consen—

432 2768 592 2814 tanee
614 2757 824 2825 fecerit,
842 2756 959 2827 qui,
983 2758 1127 2826 quod
1153 2764 1259 2821 est,
1290 2756 1343 2811 id
1376 2755 1559 2825 ipsum
1590 2771 1701 2812 uno
1725 2758 2025 2827 eodemque

438 2849 624 2915 mpdo,
656 2849 742 2905 vel
769 2849 1017 2905 absolute
1049 2863 1159 2902 non
1202 2864 1345 2915 esse,
1368 2850 1452 2904 vel
1489 2865 1600 2904 non
1630 2849 1890 2920 amplius,
1936 2850 2024 2904 vel

435 2942 679 2996 nondum
722 2955 846 2995 esse
893 2940 1169 2995 statuerit.
1206 2939 1312 3006 Qui
1367 2940 1514 2996 enim
1547 2942 1629 2997 sic
1665 2941 1947 3011 loquatur,
1976 2940 2023 2997 is

437 3049 579 3099 rem,
613 3047 738 3103 quae
796 3046 1077 3100 nunquam
1131 3031 1290 3102 plane
1322 3031 1439 3087 ﬁeri
1492 3032 1711 3104 possit,
1765 3031 2023 3103 loquatur

2124 2021 2201 2093 τῷ
2243 2022 2500 2075 ἐνεστῶτι
2531 2021 2699 2093 μόνῳ.
2732 2021 2934 2076 Τοῦτον
2965 2022 3066 2093 μὲν
3096 2017 3191 2076 οὖν
3218 2021 3312 2076 τὸν
3361 2023 3642 2078 ἐνεστῶτα
3680 2024 3739 2077 εἴ

2123 2130 2207 2178 τις
2234 2113 2406 2167 ἐθέλει
2434 2114 2621 2168 καλεῖν
2648 2114 2843 2179 αἰῶνα,
2875 2113 3033 2183 κάγὼ
3071 2113 3430 2185 συμϐουλεύω
3453 2126 3480 2155 ι
3500 2130 3520 2144 ·
3546 2115 3649 2168 τὸν
3674 2115 3737 2169 δέ

2123 2204 2459 2276 παρελθόντα
2492 2204 2684 2275 χρόνον
2709 2204 2917 2259 οἴεσθαι
2946 2205 3054 2277 χρὴ
3088 2207 3260 2276 ἡμᾶς,
3287 2205 3733 2275 διαπεφευγότα,

2122 2296 2223 2367 ήδη
2270 2295 2715 2364 διαπεφευγέναι,
2765 2296 3195 2368 ἀποδεδρακέναι
3248 2314 3308 2350 τε
3352 2298 3433 2361 είς
3481 2296 3544 2351 τὸ
3577 2294 3733 2351 εἶναι

2127 2388 2354 2461 μηκέτι’
2390 2389 2418 2442 ὅ
2450 2405 2511 2441 τε
2543 2382 2611 2442 αὖ
2649 2387 2858 2459 μέλλων
2890 2389 3007 2441 ἐστὶ
3043 2388 3141 2459 μὲν
3179 2389 3414 2452 οὐδέπω,
3446 2389 3737 2458 ἐπαγγέλ-

2119 2479 2274 2535 λεται
2328 2480 2386 2534 δὲ
2434 2474 2547 2544 οἷός
2594 2498 2654 2534 τε
2705 2479 2923 2534 ἔσεσθαι
2967 2480 3119 2553 ἥξειν
3170 2485 3251 2546 εἰς
3293 2482 3355 2535 τὺ
3387 2478 3548 2537 εἶναι.
3578 2483 3736 2537 Οὐκ-

2120 2573 2216 2628 οῦν
2261 2572 2374 2645 (45)
2428 2572 2575 2636 εἰκός
2621 2574 2771 2625 ἐστιν
2813 2571 2892 2625 ἐνί
2924 2589 2989 2641 γε
3038 2572 3227 2645 τρόπῳ
3268 2572 3511 2643 νομίζειν
3555 2572 3623 2627 τὸ
3669 2573 3733 2627 ὃν

2122 2666 2245 2737 ἦτοι
2288 2665 2362 2736 μὴ
2391 2659 2554 2728 εἶναι,
2596 2664 2629 2735 ἢ
2668 2665 2888 2738 μηκέτι,
2932 2664 2965 2736 ἢ
3022 2665 3266 2736 μηδέπω.
3300 2665 3489 2729 Ὥστε,
3528 2664 3731 2719 τούτου

2123 2773 2188 2825 γε
2212 2754 2385 2819 οὔτως
2424 2756 2741 2827 λεγομένου,
2772 2755 2831 2809 ἐν
2861 2755 3073 2824 γίνεταί
3098 2773 3151 2810 τι
3194 2757 3253 2809 ἐν
3286 2755 3366 2828 τῷ
3395 2756 3544 2828 λόγῳ
3581 2756 3731 2827 μέγα

2125 2847 2407 2913 ἀδύνατον,
2435 2843 2575 2901 εἷναί
2598 2865 2660 2901 τε
2703 2846 2842 2919 ὁμοῦ
2886 2846 3104 2912 ταυτὸν,
3132 2848 3228 2901 καὶ
3264 2849 3339 2920 μὴ
3367 2842 3531 2903 εἷναι.
3578 2848 3648 2902 Et
3671 2848 3731 2901 δέ

2124 2941 2297 3007 οὕτως
2334 2942 2469 3014 ἔχει,
2511 2944 2675 3015 σχολῇ
2700 2946 2754 3015 γ’
2796 2944 2863 2998 ἂν
2908 2941 3038 2996 ἀλλο
3078 2960 3133 2996 τι
3175 2939 3312 2997 εἷναι
3345 2943 3589 3010 δύναιτο,
3630 2941 3729 2996 τοῦ

2125 3032 2277 3098 ὄντος
2316 3035 2484 3089 αὑτοῦ
2521 3037 2596 3108 μὴ
2639 3036 2794 3102 ὄντος
2835 3040 2978 3095 κατὰ
3020 3037 3154 3093 αὐτὸ
3188 3036 3251 3090 τὸ
3289 3036 3370 3090 ὄν.
3403 3036 3480 3089 Τὸ
3510 3036 3623 3108 γὰρ
3668 3034 3729 3090 ὃν

438 3126 580 3182 idem
606 3139 728 3180 esse
755 3122 920 3179 simul
944 3138 1008 3178 ac
1037 3139 1147 3178 non
1184 3139 1327 3180 esse.
1353 3124 1588 3195 Quippe,
1618 3126 1723 3181 hoc
1753 3127 1800 3181 si
1851 3126 2023 3181 semel

2202 3129 2298 3184 itdv
2329 3146 2412 3194 τε,
2450 3129 2668 3200 βέϐαιόν
2719 3130 2779 3184 τέ
2820 3132 2992 3197 ἐστιν,
3037 3131 3126 3185 ἀεὶ
3169 3128 3312 3184 κατὰ
3363 3128 3591 3196 ταυτὸν,
3633 3129 3731 3183 καὶ

436 3229 626 3270 verum
644 3228 765 3268 esse
796 3212 1037 3276 dabitur,
1064 3229 1206 3283 aegre
1231 3229 1362 3270 sane
1381 3215 1676 3269 admodum
1704 3214 1851 3271 aliud
1867 3214 2026 3285 quid-

437 3308 522 3365 vis
576 3322 700 3363 esse
742 3305 960 3378 poterit,
1020 3306 1114 3360 ubi
1162 3304 1216 3359 id
1250 3305 1429 3375 ipsum
1466 3346 1482 3371 ,
1518 3306 1667 3375 quod
1698 3315 1820 3371 est,
1856 3308 2023 3361 etiam

438 3417 547 3472 qua
586 3400 692 3456 tale
715 3411 819 3464 eet,
847 3398 1057 3453 nullum
1079 3398 1205 3453 erit.
1240 3395 1400 3463 Quod
1431 3397 1579 3452 enim
1610 3405 1715 3459 est,
1743 3397 1797 3451 id
1823 3396 2026 3467 sempi-

442 3505 656 3550 ternum
718 3500 822 3558 est,
870 3497 1035 3560 atque
1081 3489 1272 3545 eodem
1316 3504 1439 3544 sese
1485 3488 1649 3543 modo
1706 3496 2027 3545 constanter

440 3587 646 3652 habet;
682 3599 794 3639 non
817 3592 999 3638 autem
1032 3581 1116 3637 vel
1153 3582 1227 3635 ita
1251 3580 1377 3647 fuit,
1416 3588 1479 3634 ut
1509 3579 1705 3635 deinde
1733 3580 2023 3644 interierit,

441 3678 526 3732 vel
547 3677 722 3732 crevit
747 3675 934 3739 modo,
965 3673 1129 3730 modo
1157 3672 1423 3738 decrevit,
1452 3671 1540 3727 vel
1570 3672 1751 3741 majus
1780 3673 2024 3728 nondum

441 3778 537 3825 aut
560 3769 740 3824 minus
770 3767 966 3824 evasit.
1012 3765 1284 3822 Praeterea
1311 3780 1412 3819 nec
1455 3764 1564 3819 alio
1592 3764 1788 3834 quovis
1842 3771 2026 3819 motus

442 3877 661 3934 genere,
691 3876 794 3917 nee
835 3861 1124 3918 locotenus
1139 3874 1383 3930 unquam
1402 3858 1729 3914 movebitur.
1748 3856 1855 3914 Fas
1877 3858 2025 3913 enim

443 3957 634 4026 utique
672 3969 783 4009 non
804 3962 909 4017 est,
940 3955 1019 4010 uti
1045 3953 1194 4024 quod
1223 3967 1354 4007 vere
1388 3960 1495 4018 est,
1546 3951 1691 4006 idem
1722 3959 2026 4006 retrorsum

444 4050 529 4103 vel
555 4056 910 4111 antrorsum;
955 4061 1176 4103 sursum
1214 4055 1311 4100 aut
1341 4045 1599 4102 deorsum
1636 4043 2026 4109 ;dextrorsum

444 4135 529 4190 vel
570 4133 734 4205 526
755 4134 1137 4190 sinistrorsum
1172 4133 1381 4189 meveri
1415 4133 1643 4188 omnino
1669 4130 2029 4188 transierrive

444 4226 622 4298 possit
654 4241 758 4280 :ae
780 4240 849 4280 ne
878 4226 1021 4281 circa
1052 4224 1139 4281 sui
1163 4225 1385 4294 quidem
1433 4224 1608 4293 ipsius
1631 4222 1872 4278 medium
1908 4237 2030 4277 mo—

446 4322 715 4377 vebitur:
767 4318 862 4374 sed
910 4318 1137 4373 harrebit
1165 4318 1372 4388 potius,
1434 4325 1490 4371 et
1518 4316 1812 4370 immotum
1867 4324 2031 4384 atque

2129 3222 2357 3277 ταυτόνθ
2390 3223 2485 3276 καὶ
2513 3223 2636 3277 οὐδέ
2660 3223 2855 3293 γέγονε
2882 3225 3000 3297 μὲν,
3035 3223 3250 3295 ἐφθάρη
3275 3221 3354 3287 δὲ,
3382 3221 3495 3275 οὐδ’
3527 3223 3731 3293 ἐμετε-

2127 3314 2325 3370 θύνατο
2361 3315 2483 3387 μὲν,
2514 3315 2754 3387 ἐμειώθη
2779 3316 2869 3370 δέ’
2899 3317 3021 3371 οὐδὲ
3064 3316 3138 3388 μὴ
3168 3315 3388 3386 ἐγένετό
3420 3331 3513 3367 πω
3541 3313 3731 3368 πλεῖον

2125 3407 2160 3480 ἢ
2189 3408 2442 3463 ἔλασσον·
2479 3411 2576 3462 καὶ
2610 3408 2710 3479 μὲν
2736 3408 2801 3480 δὴ
2833 3408 2903 3463 τά
2926 3426 2986 3462 τε
3019 3408 3177 3473 ἄλλα,
3209 3407 3303 3461 καὶ
3329 3407 3454 3460 οὐδὲ
3484 3408 3730 3471 τοπικῶς

2125 3499 2501 3572 κινηθήσεται.
2546 3500 2683 3554 Οὐδέ
2711 3501 2820 3574 γάρ
2861 3500 3021 3571 θέμις
3064 3499 3216 3571 αὑτῷ
3257 3497 3572 3570 κινηθῆναι,
3608 3500 3731 3553 οὐδὲ

2129 3594 2229 3666 μὲν
2250 3593 2448 3660 ὀπίσω,
2486 3593 2608 3647 οὐδὲ
2640 3594 2831 3666 πρόσω
2853 3610 2867 3624 ·
2899 3592 3022 3647 οὔτε
3053 3594 3166 3649 ἄνω
3200 3593 3352 3655 ποτὲ,
3383 3591 3511 3645 οὔτε
3538 3593 3728 3645 κάτω·

2125 3686 2233 3740 οὐδ’
2263 3687 2344 3750 εἰς
2374 3684 2546 3751 δεξιὰ,
2577 3685 2685 3739 οὐδ’
2711 3686 2794 3749 είς
2825 3684 3088 3757 ἀριστερὰ
3120 3681 3555 3755 μετατεθήσεταί
3590 3698 3730 3735 ποτε

2125 3778 2188 3831 τὸ
2214 3778 2273 3832 ὄν
2292 3796 2306 3809 ·
2338 3777 2463 3832 οὔτε
2489 3778 2619 3850 περὶ
2639 3778 2701 3831 τὸ
2737 3777 2903 3848 μέσον
2931 3776 3062 3831 ποτὲ
3093 3775 3287 3830 ἐαυτοῦ
3324 3774 3689 3847 κινηθήσεται
3710 3790 3729 3808 ⁸

2127 3870 2265 3924 ἀλλά
2290 3870 2488 3941 μᾶλλον
2522 3870 2617 3924 καὶ
2655 3868 2961 3941 ἑστήξεται,
2993 3869 3089 3921 καὶ
3113 3866 3319 3940 ἀραρός
3352 3883 3415 3920 τε
3442 3866 3540 3920 καὶ
3564 3867 3735 3937 ἔστη·-

2128 3961 2223 4026 κδς
2254 3961 2406 4016 ἔσται
2432 3961 2576 4015 κατά
2617 3961 2791 4015 ταυτά
2830 3960 2953 4032 ἔχον
2984 3960 3091 4024 ἀεὶ,
3116 3960 3212 4013 καὶ
3242 3958 3527 4022 ὡσαύτως.
3557 3975 3579 4009 ο
3619 3957 3734 4012 Καὶ

2129 4054 2255 4125 ἑξῆς
2292 4054 2411 4124 μεθ’
2456 4054 2619 4124 ἕτερα
2666 4052 2941 4121 ἐπιλέγει·
2998 4070 3018 4103 ι
3051 4049 3301 4104 Τοσαῦτα
3340 4049 3438 4120 μὲν
3484 4044 3583 4103 οὖν
3640 4065 3732 4119 μοι

2131 4148 2236 4220 πρὸ
2276 4146 2418 4201 ὁδοῦ.
2468 4147 2642 4210 Αὐτὸς
2694 4145 2738 4199 δ’
2785 4144 2969 4199 οὐκέτι
3016 4139 3555 4214 σχηματισθήσομαι,
3619 4140 3729 4193 οὐδ’

2133 4241 2349 4309 ἀγνοεῖν
2375 4239 2535 4309 φήσω
2562 4238 2622 4292 τὸ
2649 4237 2819 4308 ὄνομα
2850 4233 2946 4289 τοῦ
2980 4235 3275 4305 ἀσωμάτου
3302 4248 3317 4262 ο
3348 4232 3445 4286 καὶ
3477 4231 3594 4303 γὰρ
3621 4248 3735 4285 κιν-

2130 4329 2339 4383 δυνεύει
2362 4329 2456 4383 νῦν
2487 4329 2586 4401 ήδη
2613 4328 2743 4382 ἴδιον
2774 4328 2803 4368 ιι
2836 4322 2975 4381 εἷναι
3005 4326 3179 4378 εἰπεῖν
3213 4322 3431 4395 μᾶλλον,
3468 4321 3503 4394 ἢ
3538 4322 3621 4395 μὴ
3658 4323 3736 4375 είς

448 4412 839 4469 inconcussum
870 4423 965 4479 per
991 4424 1114 4465 sese
1170 4423 1389 4485 semper
1412 4446 1427 4472 ,
1458 4406 1761 4477 eademque
1814 4406 2023 4462 ratione

2204 4424 2275 4475 ἰν.
2311 4420 2422 4475 Καὶ
2454 4419 2589 4491 δῆτα
2631 4419 2776 4489 λέγω
2813 4418 2876 4472 τὸ
2901 4417 3074 4489 ὄνομα
3106 4414 3254 4486 αὖτῷ
3291 4410 3430 4469 εἶναι
3473 4413 3646 4469 τοῦτο
3672 4414 3734 4469 τὸ

447 4504 732 4560 consistet.
770 4520 789 4554 ›
823 4499 1081 4572 idemque
1129 4499 1411 4555 nonnullis
1466 4498 1769 4569 interiectis
1794 4538 1811 4564 ,
1863 4498 2023 4553 dein-

2202 4511 2299 4566 ιλαι
2333 4489 2684 4582 ζητούμενον.
2725 4509 2889 4565 Ἀλλά
2939 4511 3015 4582 μὴ
3045 4508 3332 4579 γελασάτω
3361 4525 3466 4573 τις,
3510 4508 3616 4562 ἐὰν
3647 4509 3734 4580 φῶ

447 4611 578 4665 ceps
607 4596 682 4649 ita
710 4592 1103 4664 prosequitur:
1150 4610 1171 4644 ι
1216 4592 1397 4662 Atque
1425 4590 1544 4646 haec
1586 4588 1896 4669 munienda:
1926 4589 2028 4645 viae

447 4689 622 4758 gratia
646 4686 780 4741 mihi
809 4685 955 4741 dicta
985 4692 1150 4741 sunto
1188 4681 1311 4739 Jam
1335 4697 1466 4738 vero
1501 4681 1850 4738 simulatione
1874 4681 2027 4738 omni

452 4785 650 4854 posita,
699 4795 863 4836 nosse
889 4794 977 4833 me
999 4777 1313 4847 incorporei
1345 4791 1548 4832 nomen
1598 4775 1835 4847 ingenue
1855 4775 2026 4845 proli-

451 4876 645 4941 tcbor;
675 4890 801 4929 cum
833 4873 885 4927 id
929 4887 1076 4927 nunc
1111 4871 1335 4941 quidem
1364 4868 1710 4940 pronuntiari
1730 4866 2028 4938 jucundius

451 4965 695 5020 futurum
721 4964 994 5029 videatur,
1026 4978 1191 5033 quam
1238 4961 1409 5017 sileri.
1439 4960 1506 5015 Et
1530 4960 1751 5031 quidem
1784 4959 1916 5013 illud
1947 4959 2029 5026 ip-

451 5072 595 5121 sum,
626 5073 736 5127 quo
763 5057 831 5111 de
867 5054 1196 5127 jampridem
1247 5052 1534 5124 quaeritur,
1567 5052 1616 5108 ei
1658 5067 1861 5107 nomen
1903 5065 2028 5106 esse

449 5148 743 5203 contendo.
775 5146 887 5203 Nec
909 5147 1084 5202 rideat
1105 5147 1194 5200 hic
1227 5147 1541 5217 quisquam,
1563 5145 1694 5200 dum
1718 5143 1872 5199 audit
1896 5157 1995 5213 pro
2012 5171 2028 5183 ο

452 5241 629 5311 prium
656 5239 963 5309 incorporei
988 5253 1212 5302 nomen,
1232 5238 1599 5293 substantiam
1620 5245 1783 5307 atque
1808 5235 1861 5289 id
1879 5234 2028 5305 quod

450 5343 554 5398 est,
587 5333 685 5389 abs
712 5348 798 5388 me
826 5332 1107 5387 constitui.
1147 5330 1400 5385 Nominis
1451 5329 1652 5401 quippe
1707 5328 1873 5399 hujus
1905 5342 2027 5382 eam

451 5439 573 5479 esse
605 5438 830 5478 causam
884 5422 1170 5494 intelligat,
1196 5422 1343 5492 quod
1400 5436 1577 5491 neque
1606 5429 1788 5477 ortum
1820 5420 2029 5474 habue-

523 5528 552 5557 ι
589 5516 717 5581 Μεη
756 5514 1152 5587 συμϐούλομαι.
1230 5514 1260 5555 δ
1300 5513 1429 5579 Με.,
1467 5514 1636 5585 ἥδιον.

526 5629 638 5701 (45)
668 5630 923 5701 υύκοῦν.
971 5628 1376 5701 Ιιθεονεῐηιιιυί
1408 5628 1635 5685 οὔκουν.
1672 5626 1849 5701 Negat
1872 5626 2025 5682 enim

457 5699 668 5823 :Pinur,
696 5699 842 5762 εἰκός
868 5715 1011 5765 esse,
1058 5699 1200 5769 quod
1253 5702 1531 5770 sequitur;
1585 5715 1695 5755 non
1744 5700 2024 5755 allirmat:

514 5769 657 5823 iouui
685 5770 981 5823 mtanantia
1020 5770 1352 5823 louueretur.

514 5770 657 5839 ioqui
685 5770 981 5840 pugnantia
1020 5770 1352 5839 loqueretur.

2127 4599 2222 4654 τοῦ
2250 4601 2543 4671 ἀσωμάτου
2567 4596 2708 4655 εἶναι
2734 4599 2907 4671 ὄνομα
2931 4599 3120 4652 οὐσίαν
3144 4598 3240 4652 καὶ
3266 4598 3344 4651 ὄν.
3385 4599 3448 4651 Ἠ
3480 4597 3541 4651 δὲ
3578 4599 3735 4655 αἰτία

2126 4692 2219 4747 τοῦ
2247 4692 2401 4757 ὄντος
2423 4692 2689 4764 ὀνόματός
2735 4690 2845 4764 (46)
2881 4691 2996 4744 ἐστι
3034 4690 3096 4743 τὸ
3137 4688 3215 4761 μὴ
3243 4686 3553 4758 γεγονέναι,
3594 4690 3734 4761 μηδὲ

2129 4783 2524 4858 φθαρήσεσθαι,
2560 4783 2681 4855 μηδ’
2713 4783 2879 4855 ἄλλην
2914 4785 3051 4856 μήτε
3091 4783 3306 4855 κίνησιν
3337 4780 3617 4854 μηδεμίαν
3648 4785 3736 4838 ἐν·

2127 4876 2397 4947 δέχεσθαι,
2420 4876 2552 4948 μηδὲ
2568 4874 2702 4948 (46⁸)
2719 4876 3022 4949 μεταϐολὴν
3034 4875 3268 4949 κρείττω
3285 4875 3318 4946 ἦ
3333 4874 3571 4947 φαύληψ
3589 4872 3734 4932 εἶναι

2126 4968 2184 5022 δέ
2209 4967 2414 5022 ἁπλοῦν
2445 4968 2541 5022 καὶ
2566 4968 2948 5036 ἀναλλοίωτον,
2979 4968 3074 5023 καὶ
3101 4970 3160 5021 ἐν
3191 4968 3307 5040 ἰδέᾳ
3339 4971 3406 5040 τῇ
3432 4969 3605 5040 αὐτῇ,
3637 4969 3734 5022 καὶ

2132 5064 2272 5135 μήτε
2316 5060 2618 5116 ἐθελούσιον
2661 5061 2977 5129 ἐξίστασθαι
3021 5064 3121 5135 τῆς
3167 5063 3526 5132 ταυτότητος,
3598 5063 3729 5135 μήθ’

2130 5153 2220 5223 ὑφ’
2264 5150 2452 5224 ἐτέρου
2503 5151 3075 5223 προσαναγκάζεσθαι.
3132 5154 3279 5223 Ἔφη
3307 5152 3365 5205 δέ
3395 5153 3496 5206 καὶ
3527 5154 3558 5206 ὁ
3584 5154 3732 5207 Πλά-

2127 5262 2236 5300 των
2262 5247 2320 5298 ἐν
2344 5246 2637 5314 Κρατύλῳ
2660 5245 2730 5299 τὰ
2760 5245 3006 5317 ὀνόματα
3029 5244 3288 5316 ὁμοιώσει
3325 5245 3434 5299 τῶν
3461 5247 3731 5316 πραγμά-

2128 5354 2236 5391 των
2262 5332 2401 5391 εῐναι
2423 5336 2565 5391 αὐτὰ
2594 5337 2843 5391 ἐπίθετα.
2874 5338 3054 5391 Ἔστω
3079 5331 3173 5390 οῦν
3197 5336 3292 5390 καὶ
3314 5335 3556 5390 δεδόσθω
3584 5333 3727 5390 εἶναι

2128 5426 2190 5481 τὸ
2212 5427 2273 5481 ὃν
2303 5428 2366 5482 τὸ
2391 5427 2704 5501 ἀσώματον.
2729 5448 2748 5483 ›
2772 5425 2889 5483 Εἶθ’
2906 5415 3262 5492 ὑποκαταϐὰς
3287 5427 3568 5497 ἐπιλέγει⁸
3596 5448 3618 5482 ι
3639 5428 3718 5483 To

2199 5629 2313 5705 (46)
2353 5634 2461 5716 Τοῦ
2491 5632 2666 5700 ὄντος
2696 5634 3009 5705 ὀνόματος.
3037 5632 3240 5692 Vocem
3284 5633 3439 5701 ὄντος
3486 5634 3727 5695 libenter

2129 5719 2509 5775 expunxerim.

2200 5773 2337 5848 (ω’)
2372 5773 2554 5846 Μηὸἐ.
2592 5774 2760 5832 Forte
2789 5776 2948 5847 μήτε.
2983 5773 3141 5834 Eutr.
