3826 6232
182 334 294 392 875

1328 350 1650 409 PBtEPAR.
1692 352 1959 412 EVANG.
1991 356 2119 415 LIB.
2163 358 2253 414 XI.

159 447 222 499 ὃν
263 443 417 501 εἶπον
456 449 566 522 (47)
606 452 924 523 ἀσώματον,
965 459 1120 514 τοῦτο
1157 461 1212 515 δὲ
1251 463 1387 520 εἶναι
1424 469 1487 522 τὸ
1524 474 1707 543 νοητόν

1842 467 1930 531 rit,
1975 485 2149 539 neque
2187 473 2531 530 interiturum
2571 477 2681 532 sit:
2726 479 2835 536 imo
2867 496 2967 537 nec
2997 481 3141 539 aliud
3172 501 3401 555 prorsus

164 538 248 590 Τὰ
278 539 376 609 μὲν
407 537 523 631 οὖν,
535 542 808 614 λεχθέντα,
837 548 936 601 ὅσα
964 554 1321 621 μνημονεύειν
1344 557 1456 613 ἔστι
1489 537 1734 631 μοιξτοι-

160 627 305 722 αὔτα
327 631 456 698 γοῦν
496 629 592 704 ἦν·
625 635 717 689 τὸν
753 637 796 689 δ’
831 639 1188 713 ἐπιζητοῦντα
1234 647 1388 717 λόγον
1430 627 1539 722 (4S)
1568 654 1734 708 ἐθέλω

158 715 695 793 παραμυθήσασθαι,
742 730 955 784 τοσόνδε
1009 736 1273 803 ὑπειπὼν,
1304 740 1383 793 ὅτι
1427 741 1595 795 ταῦτα
1622 748 1733 808 τοῖς

159 808 401 880 δόγμασι
434 813 527 867 τοῦ
557 817 841 884 Πλάτωνος
866 825 915 875 εἰ
947 824 1020 895 μὴ
1057 828 1370 899 συμϐαίνει,
1396 832 1509 885 ἀλλ’
1543 835 1729 907 έτέρου

154 903 410 997 γ’ᾲὲχρῆν
438 907 643 963 οἴεσθαί
686 929 826 977 τινος
868 916 1057 988 ἀνδρὸς
1100 923 1333 990 μεγάλου
1354 966 1367 990 ,
1403 927 1542 997 μέγα
1569 903 1730 984 δυνα-

159 995 361 1092 μένου,
407 998 523 1092 οἴου
567 1002 904 1092 Πυθαγόρου.
960 1009 1121 1078 Λέγει
1159 1013 1288 1080 γοῦν
1319 995 1573 1071 Πλάτων·
1609 1022 1729 1092 φέρ’

155 1084 492 1156 ἀναμνησθῶ
520 1090 638 1152 πῶς
660 1091 805 1159 λέγει
827 1111 841 1124 ·
885 1096 948 1148 Τί
987 1098 1046 1151 τὸ
1086 1099 1145 1153 ὃν
1171 1103 1276 1165 ἀεὶ,
1306 1106 1514 1173 γένεσιν
1544 1108 1600 1161 δὲ
1622 1084 1729 1163 ήούκ

155 1172 314 1264 ἐχονς
344 1178 454 1232 Καὶ
485 1180 538 1231 τί
583 1182 642 1234 τὸ
683 1185 961 1255 γινόμενον
1008 1190 1128 1260 μὲν,
1164 1192 1223 1245 ὃν
1263 1172 1325 1248 δὲί
1352 1198 1638 1264 οὐδέποτε;
1668 1201 1730 1253 τὸ

159 1263 258 1332 μὲν
320 1264 385 1336 δὴ
440 1270 617 1339 νοήσει
669 1274 805 1342 μετὰ
850 1275 1008 1345 λόγου
1058 1282 1417 1355 περιληπτὸν,
1466 1289 1526 1341 τὸ
1570 1263 1631 1341 δ(
1659 1286 1725 1343 αὖ

153 1355 301 1454 δόξῃΔ
527 1364 828 1436 αἰσθήσεως
882 1372 1077 1441 ἀλόγου
1125 1377 1411 1447 δοξαστὸν,
1448 1384 1726 1454 γινόμενον

153 1449 665 1548 καὶῇἀπολλύμενον,
694 1458 861 1526 ὄντως
886 1461 943 1517 δὲ
978 1466 1229 1522 οὐδέποτε
1263 1469 1339 1525 6v.
1369 1449 1721 1548 'Hpero'ya'tp,

155 1536 221 1631 τί.
256 1540 375 1592 ἐστι
418 1544 479 1595 τὸ
518 1543 612 1609 ὃν,
666 1548 771 1616 φὰς
814 1551 944 1605 αὐτὸ
994 1556 1251 1629 ἀγένητον
1293 1536 1724 1631 ἀναμφιλέκτως,

157 1629 375 1685 Γένεσιν
397 1633 503 1705 γὰρ
524 1636 623 1691 οὒκ
650 1637 753 1709 ἔφη
777 1637 915 1695 εἶναι
936 1644 1013 1714 τῷ
1050 1646 1160 1700 ὄντι
1180 1666 1192 1679 ·
1217 1629 1472 1721 ἐτρέπετο
1492 1654 1599 1725 γὰρ
1624 1655 1687 1708 ἄν
1705 1670 1721 1687 ’

153 1722 488 1794 τρεπόμενον
524 1727 580 1780 δὲ
624 1730 722 1783 οὐκ
754 1727 822 1804 ἦν
857 1734 1043 1789 ἀΐδιον.
1074 1756 1095 1789 ι
1118 1734 1248 1823 Elea
1296 1740 1501 1806 ὑποϐάς
1531 1722 1720 1813 φήσινο

1846 559 2012 614 ullum
2037 577 2134 617 seu
2171 574 2373 633 motus,
2400 581 2493 623 seu
2538 572 2852 627 mutationis
2872 614 2886 638 ,
2914 574 3141 645 ejusque
3174 579 3255 631 vel
3284 596 3368 637 me

1842 652 2021 719 lioris,
2045 658 2128 711 vel
2151 658 2436 714 deterioris
2462 675 2630 730 genus
2685 662 2979 733 aliquando
3040 667 3346 724 subiturum
3382 692 3394 704 -

1842 746 1938 801 sed
1964 750 2188 804 omnino
2219 750 2448 821 simplex
2486 760 2541 806 et
2564 752 2923 823 immutabile,
2961 758 3203 829 adeoque
3228 761 3280 815 in
3308 778 3400 817 ea-

1840 838 1963 892 dem
2001 854 2213 909 semper
2243 850 2452 896 natura:
2475 858 2586 897 sua:
2623 845 2831 899 ratione
2858 847 3130 916 persistat,
3153 852 3297 920 quod
3328 855 3397 909 ab

1839 928 1931 983 illa
1966 944 2067 985 nec
2096 939 2286 1000 suapte
2307 942 2519 1002 sponte,
2546 950 2647 990 nec
2688 936 2860 991 aliena
2887 938 2938 993 vi
2970 954 3034 995 ac
3072 944 3399 1002 necessitate

1837 1018 2099 1073 discedat.
2143 1020 2210 1079 Et
2266 1035 2395 1076 sane
2418 1021 2571 1078 Plato
2600 1024 2827 1095 ipsemet
2847 1029 2901 1081 in
2920 1027 3156 1101 Cralylo,
3177 1036 3396 1090 nomina

1837 1122 1902 1161 ex
1934 1109 2151 1178 propria
2176 1115 2413 1180 quadam
2436 1129 2616 1170 rerum
2636 1116 2987 1176 similitudine
3011 1121 3262 1193 imposita
3274 1140 3395 1182 esse

1836 1197 2013 1253 docet.
2048 1199 2264 1256 Maneat
2293 1204 2476 1273 igitur,
2503 1217 2555 1262 et
2600 1215 2859 1279 tanquam
2885 1226 3072 1266 verum
3124 1223 3390 1279 sumatur,

1836 1288 2212 1357 incorporeum
2247 1309 2369 1349 esse
2397 1295 2450 1349 id
2477 1298 2621 1366 quod
2664 1311 2798 1355 est.»
2822 1299 3030 1367 Quibus
3060 1304 3221 1373 paulo
3265 1313 3388 1375 post

1834 1381 2028 1436 iterum
2054 1383 2156 1438 ista
2187 1385 2466 1457 subjungit
2495 1407 2507 1442 :
2562 1407 2581 1441 ι
2614 1388 2671 1445 Id
2703 1393 2847 1467 quod
2871 1402 2957 1448 est
2986 1395 3388 1466 incorporeum,

1831 1471 2080 1543 idemque
2093 1475 2207 1529 sola
2225 1486 2405 1532 mente
2418 1490 2730 1549 perceptum
2759 1497 2879 1539 esse
2912 1483 3184 1546 dicebant.
3215 1488 3391 1557 Atque

1832 1562 1946 1618 htec
1972 1574 2121 1630 sunt,
2166 1582 2287 1636 qua:
2317 1577 2430 1623 tum
2464 1570 2739 1641 disputata
2769 1572 2940 1630 fuisse
2978 1576 3219 1633 memini.
3259 1578 3386 1633 Mihi

1829 1668 1978 1720 vero,
2037 1656 2084 1711 si
2119 1657 2246 1727 quis
2281 1659 2428 1713 illam
2461 1660 2703 1719 Platonis
2763 1666 3066 1721 orationem
3124 1668 3386 1737 requirat,

1829 1745 1975 1803 hunc
1996 1747 2098 1819 ipsi
2128 1750 2368 1807 laborem
2388 1753 2554 1808 alleva
2565 1769 2618 1809 re
2636 1770 2699 1809 ac
2719 1757 2929 1812 mollire
2945 1759 3154 1827 placet;
3175 1760 3219 1815 si
3238 1762 3388 1832 prius

159 1838 180 1871 ι
224 1820 289 1872 Et
324 1822 422 1890 μὲν
454 1821 516 1893 δὴ
546 1822 604 1875 τὸ
640 1823 698 1877 ὃν
736 1825 953 1889 πάντως
984 1827 1158 1898 πάντη
1172 1820 1352 1883 άῖδιόν
1384 1831 1444 1885 τέ
1486 1832 1603 1884 ἐστι
1629 1833 1707 1886 κα¹

1824 1836 1926 1892 hoc
1943 1854 2225 1909 monuero,
2252 1858 2371 1913 quae
2396 1844 2514 1900 loco
2532 1845 2623 1899 illo
2639 1845 3005 1916 disputantur,
3037 1865 3099 1905 ea
3126 1852 3171 1906 si
3202 1853 3385 1907 minus

152 1909 437 1983 ἄτρεπτον,
473 1915 564 1968 καὶ
597 1916 843 1988 οὐδαμῶς
874 1918 1079 1989 οὐδαμῆ
1114 1919 1462 1991 ἐξιστάμενον
1510 1921 1568 1988 ἐξ
1594 1924 1721 1977 ἑαυ-

150 2002 265 2067 τοῦ,
319 2004 466 2074 μένει
500 2006 557 2059 δὲ
600 2008 738 2061 κατὰ
770 2008 839 2062 τὰ
880 2010 1020 2063 αὐτὰ
1070 2012 1163 2066 καὶ
1194 2011 1453 2077 ὡσαύτως
1499 2014 1718 2086 ἕστηκε,

148 2096 307 2152 τοῦτο
328 2099 497 2171 δήπου
523 2100 589 2155 ἂν
616 2102 700 2177 εἴη
734 2102 796 2159 τὸ
826 2106 893 2178 τῇ
921 2108 1102 2178 νοήσει
1138 2106 1276 2178 μετὰ
1307 2108 1463 2177 λόγου
1497 2111 1721 2181 περιλη-

149 2188 304 2252 mdo.
352 2191 416 2246 Εἰ
454 2193 510 2247 δὲ
540 2194 599 2247 τὸ
632 2195 794 2265 σῶμα
826 2196 909 2266 ῥεῖ
933 2196 1027 2247 καὶ
1054 2195 1273 2268 φέρεται
1302 2196 1406 2250 ὑπὸ
1437 2201 1535 2270 τῆς
1559 2198 1720 2261 εὐθὺς

150 2283 473 2354 μεταϐολῆς,
525 2285 905 2356 ἀποδιδράσκει
953 2286 1047 2339 καὶ
1095 2285 1194 2338 οὐκ
1241 2285 1408 2341 ἐστιν.
1455 2288 1615 2341 Ὅθεν
1655 2289 1716 2341 οὐ

146 2377 317 2449 πολλὴ
336 2364 514 2448 μανία
567 2379 642 2448 μὴ
670 2378 732 2431 οὐ
761 2378 917 2431 τοῦτο
963 2375 1098 2432 εἶναι
1131 2380 1379 2452 ἀόριστον
1427 2380 1557 2453 (49),
1589 2382 1714 2455 δόξῃ

144 2469 199 2523 δὲ
234 2469 370 2542 μόνῃ
403 2470 675 2535 δοξαστὸν,
709 2472 802 2524 καὶ
822 2470 896 2535 ὦς
923 2489 1054 2543 φησι
1090 2472 1313 2527 Πλάτων
1504 2474 1715 2544 γινόμε-

144 2579 232 2615 νον
268 2563 365 2614 καὶ
385 2562 772 2633 ἀπολλύμενον,
802 2562 967 2635 ὅντως
996 2564 1052 2617 δὲ
1081 2565 1334 2619 οὐδέποτε
1366 2567 1445 2620 6v.
1480 2586 1497 2620 ι
1527 2567 1711 2620 Ταῦτα

144 2653 243 2723 μὲν
274 2654 305 2704 ὁ
337 2653 658 2725 Νουμήνιος,
691 2653 826 2725 ὁμοῦ
855 2654 921 2707 τὰ
951 2655 1257 2721 Πλάτωνος,
1293 2658 1386 2710 καὶ
1414 2658 1545 2712 πολὺ
1578 2658 1709 2729 πρό-

137 2760 299 2816 τερον
331 2744 400 2797 τὰ
442 2745 687 2810 Μωσέως
733 2748 826 2800 ἐπὶ
872 2746 934 2800 τὸ
981 2749 1149 2817 σαφὲς
1188 2749 1576 2821 διερμηνεύων.
1614 2751 1707 2803 El-

138 2836 317 2899 κότως
352 2835 487 2907 δῆτα
526 2838 606 2900 εἰς
637 2837 767 2891 αὐτὸ
813 2841 985 2892 ἐκεῖνο
1016 2842 1078 2894 τὸ
1118 2841 1295 2909 λόγιον
1332 2842 1705 2914 περιφέρεται,

137 2927 203 2981 δι’
242 2921 306 2980 οὗ
343 2929 506 2997 φάναι
541 2930 966 3001 μνημονεύεταιο
1009 2950 1027 2983 ι
1070 2932 1135 2984 Τί
1177 2932 1283 3005 γάρ
1318 2935 1433 2986 ἐστι
1481 2934 1706 2988 Πλάτων

136 3022 169 3094 ἦ
201 3021 407 3091 Μωσῆς
459 3022 806 3088 Ἀττικίζων;
839 3043 856 3075 ι
893 3024 1001 3077 Θέα
1033 3025 1089 3077 δὲ
1121 3025 1258 3095 πρὸς
1292 3024 1519 3089 τούτοις,
1551 3027 1598 3077 εί
1629 3025 1704 3097 μὴ

1823 1930 1891 1983 ad
1917 1929 2159 1989 Platonis
2209 1934 2464 2005 dogmata
2495 1937 2802 2006 pertineant
2833 1979 2848 2004 ,
2896 1941 3053 1996 alteri
3085 1954 3230 2000 certe
3265 1948 3385 2001 cui-

1821 2023 1988 2092 piam,
2021 2026 2114 2081 sed
2134 2028 2416 2083 excellenti
2446 2030 2584 2097 viro,
2612 2045 2935 2102 summaque
2960 2033 3379 2104 philosophandi

1820 2111 1872 2165 vi
1892 2113 2118 2182 praedito
2149 2117 2477 2186 assignanda
2505 2134 2645 2186 esse,
2676 2119 2983 2190 cujusmodi
3020 2120 3381 2196 Pythagoram

1818 2200 1990 2259 fuisse
2020 2205 2242 2261 dixeris.
2272 2206 2363 2261 Sic
2387 2209 2551 2278 igitur
2572 2208 2725 2266 Plato
2754 2230 2767 2266 :
2798 2228 2921 2268 nam
2952 2216 3235 2272 verborum
3266 2235 3381 2275 me-

1818 2296 2043 2351 minisse
2059 2300 2364 2352 conandum
2384 2310 2463 2355 est
2498 2318 2513 2355 :
2562 2300 2701 2368 Quid
2721 2303 2854 2359 illud
2878 2314 2981 2373 est,
3011 2308 3207 2380 inquit,
3234 2314 3379 2381 quod

1817 2402 2031 2457 semper
2055 2390 2181 2444 est?
2207 2406 2307 2447 nec
2351 2401 2529 2447 tamen
2555 2404 2733 2451 ortum
2771 2397 2936 2454 habet
2984 2400 3153 2456 ullum
3178 2403 3200 2456 ?
3236 2396 3377 2471 Quid

1815 2478 1948 2535 illud
1977 2489 2188 2547 contra,
2234 2484 2378 2553 qttod
2410 2486 2617 2553 oritur,
2654 2497 2706 2542 et
2755 2505 3030 2561 nunquam
3063 2504 3145 2549 est
3172 2495 3196 2548 ?
3220 2494 3378 2552 Prius

1814 2570 1944 2624 illud
1965 2572 2185 2642 quidem
2226 2575 2295 2628 ab
2327 2576 2439 2631 sola
2462 2576 2812 2648 intelligentia
2856 2598 2979 2637 cum
3020 2585 3229 2641 ratione
3254 2602 3377 2656 per-

1812 2663 2010 2734 cipitur
2044 2682 2059 2719 :
2099 2667 2329 2722 alterum
2364 2669 2488 2734 hoc,
2519 2673 2663 2740 quod
2688 2674 2864 2730 oritur
2883 2675 3047 2730 simul
3078 2685 3133 2732 et
3156 2677 3374 2749 occidit,

1810 2771 1986 2826 neque
2021 2773 2261 2828 unquam
2295 2774 2419 2815 vere
2435 2770 2536 2828 est,
2573 2762 2626 2816 in
2648 2778 2710 2818 ea
2734 2764 3020 2831 duntaxat,
3055 2784 3213 2839 quam
3244 2786 3374 2829 sen-

1810 2863 1905 2903 sus
1934 2849 2002 2904 ab
2025 2850 2175 2904 omni
2201 2850 2412 2907 ratione
2440 2868 2642 2908 vacuus
2683 2855 2861 2921 elIicit,
2900 2858 3155 2926 opinione
3188 2876 3371 2916 versa-

1809 2944 1916 2990 tur.
1954 2935 2158 3003 Qumrit
2199 2937 2371 3005 Plato,
2402 2941 2532 3010 quid
2560 2941 2690 2996 illud
2714 2942 2806 3009 sit,
2840 2944 2987 3014 quod
3019 2955 3138 3015 est;
3171 2948 3224 3003 id
3252 2950 3369 3006 sine

1807 3026 1973 3084 dubio
2023 3045 2210 3086 carere
2264 3040 2384 3085 ortu
2435 3042 2698 3102 statuens,
2751 3037 2950 3108 quippe
2985 3049 3162 3095 ortum
3196 3042 3248 3097 in
3278 3057 3368 3112 eo,

135 3111 225 3164 τὸν
251 3113 491 3183 παρόντα
515 3112 635 3167 νοῦν
664 3114 756 3168 ἐπὶ
798 3114 977 3169 πλεῖον
1016 3117 1108 3169 καὶ
1151 3117 1179 3168 6
1226 3116 1568 3189 Πλούταρχος
1615 3116 1703 3182 ἐξ-

1814 3120 1949 3187 quod
1966 3129 2069 3185 est,
2094 3121 2269 3175 locum
2299 3122 2499 3176 habere
2524 3136 2681 3192 negat
2705 3143 2718 3178 :
2746 3135 3043 3181 mutaretur
3068 3130 3210 3185 enim
3236 3111 3370 3187 alio-

136 3203 349 3269 απλῶν,
370 3222 495 3257 συντ
501 3204 648 3277 ρέχοι
674 3206 739 3259 ἂν
760 3209 877 3271 ταῖς
891 3224 950 3260 τε
968 3208 1353 3279 προκειμέναις
1378 3211 1581 3278 φωναῖς
1595 3210 1703 3264 τῶν

133 3296 458 3365 φιλοσόφων,
506 3299 596 3350 καὶ
639 3302 759 3362 ταῖς
810 3294 963 3363 αὖθις
1003 3300 1268 3372 Ἐϐραίων
1318 3302 1596 3374 κειμέναις
1644 3306 1703 3359 ἐν

132 3389 346 3457 ἑτέραις
385 3389 701 3458 θεολογίαις,
736 3391 803 3444 δι’
829 3386 903 3444 ὧν
933 3392 1055 3446 τοτὲ
1090 3395 1188 3463 μὲν
1219 3394 1496 3465 εἰσάγεται
1530 3396 1702 3464 λέγων

129 3483 158 3533 6
208 3480 560 3552 χρηματίζων
610 3482 769 3545 Θεὸς·
814 3502 831 3534 ι
882 3484 1025 3537 Διότι
1078 3484 1189 3552 ἐγὼ
1239 3486 1443 3557 Κύριος
1489 3488 1518 3539 6
1568 3486 1700 3550 Θεὸς

131 3577 306 3643 ὑμῶν,
336 3576 430 3629 καὶ
466 3576 565 3629 οὐκ
604 3576 929 3647 ἡλλοίωμαι’
973 3597 992 3630 ι
1021 3579 1145 3631 τοτὲ
1182 3579 1226 3632 δ’
1274 3582 1354 3644 είς
1388 3581 1547 3635 αὐτὸν
1591 3580 1697 3649 ἀφ-

127 3668 269 3739 ορῶν
292 3670 320 3721 6
345 3668 636 3739 Προφήτης
667 3670 1004 3723 ἀποτείνεται
1024 3688 1036 3700 ·
1070 3690 1087 3722 ι
1103 3671 1225 3725 Ὅτι
1246 3671 1309 3744 δὴ
1333 3672 1401 3726 τὰ
1418 3674 1515 3744 μὲν
1529 3672 1697 3745 ὁρατὰ

126 3762 306 3813 πάντα
350 3760 581 3832 τραπείη
617 3761 682 3816 ἄν
721 3779 850 3815 ποτε
892 3765 986 3816 καὶ
1026 3765 1416 3837 μεταϐληθείη·
1459 3767 1523 3819 σὺ
1565 3767 1622 3821 δὲ
1668 3770 1697 3821 6

125 3850 289 3912 αὑτὸς
336 3846 406 3917 εἴ,
447 3850 640 3905 καὶτὰ
682 3852 775 3924 ἐτη
810 3870 901 3906 σου
933 3855 1032 3907 οὐκ
1072 3856 1399 3925 ὲκλείῴουσι.
1446 3878 1464 3909 ι
1497 3859 1694 3913 Σκόπει

118 3936 275 4010 γοῦν,
308 3943 356 3994 εί
402 3942 477 4013 μὴ
517 3943 593 4006 ὡς
645 3945 702 3996 ἐν
749 3945 1008 4015 προτάσει
1055 3945 1149 3999 τοῦ
1203 3964 1263 4000 τε
1312 3948 1462 4021 παρὰ
1506 3951 1696 4004 Μωσεῖ

124 4033 416 4103 φήσαντος,
457 4052 475 4085 ι
523 4033 663 4102 Ἐγὼ
690 4038 802 4106 είμι
832 4040 859 4090 6
889 4036 994 4091 ὤν’
1029 4056 1048 4087 ι
1082 4037 1173 4091 καὶ
1205 4038 1320 4105 τοῦ,
1355 4059 1372 4091 ι
1420 4040 1558 4109 Ἐγὼ
1588 4042 1693 4096 Κύ-

124 4142 238 4197 ριος
276 4127 305 4179 6
339 4126 469 4190 Θεὸς
518 4127 690 4195 ὑμῶν,
728 4130 821 4182 καὶ
863 4132 961 4184 οὐκ
1006 4131 1301 4203 ὴλλοίωμαι
1325 4149 1338 4161 ’
1382 4151 1400 4184 ι
1441 4134 1533 4189 καὶ
1571 4134 1686 4204 τοῦ,

125 4236 145 4268 ι
176 4218 250 4270 Σὺ
275 4217 334 4271 δὲ
357 4219 387 4270 6
437 4218 596 4282 αὐτὸς
636 4214 706 4282 εἴ,
744 4239 761 4270 ι
793 4219 938 4285 δόξαι
967 4221 1031 4275 ἂν
1079 4225 1107 4276 6
1140 4223 1480 4295 Πλούταρχος
1523 4226 1580 4279 ἐν
1608 4226 1686 4297 τῷ

120 4308 264 4379 Περὶ
288 4309 393 4363 τοῦ
416 4311 466 4363 Ε
472 4310 511 4373 ἶ,
534 4309 624 4362 τοῦ
665 4312 723 4363 ὲν
762 4312 1004 4382 Δελφοῖς,
1031 4315 1128 4385 τὴν
1154 4315 1390 4370 διάνοιαν
1436 4317 1683 4390 ὐφερμη-

116 4399 312 4465 νεύεέν,
342 4401 469 4454 τάδε
496 4402 668 4471 λέγων
692 4405 826 4476 πρὸς
855 4403 1018 4468 λέξιν,

1806 3213 1945 3282 qui:
1996 3214 2043 3267 si
2079 3225 2259 3268 autem
2312 3223 2655 3282 mutaretur,
2713 3218 3102 3289 sempiternum
3143 3220 3196 3276 id
3255 3239 3363 3278 non

1805 3314 1968 3361 esset.
2015 3325 2033 3357 ι
2089 3304 2215 3361 lude
2262 3308 2599 3379 aliquantum
2653 3326 2975 3382 progressus
3020 3314 3133 3369 haec
3162 3315 3362 3372 addit:

1810 3414 1830 3448 ι
1866 3395 1920 3450 Si
1948 3397 2094 3467 quod
2125 3405 2228 3462 est,
2262 3398 2312 3452 id
2349 3400 2573 3454 omnino
2606 3403 2994 3472 sempiternum
3029 3415 3081 3460 et
3111 3406 3365 3462 immuta-

1802 3488 1907 3543 bile
1936 3498 2037 3557 est,
2056 3504 2158 3543 nec
2191 3490 2258 3544 ab
2277 3505 2397 3545 sese
2442 3490 2548 3545 ulla
2579 3508 2817 3562 unquam
2834 3494 3093 3550 varietate
3114 3496 3363 3564 discedit,

1800 3582 1893 3636 sed
1935 3581 1988 3634 in
2023 3597 2129 3636 una
2180 3598 2394 3651 semper
2443 3583 2740 3653 eademque
2801 3588 3010 3642 ratione
3059 3598 3361 3657 permanet,

1798 3673 1931 3728 illud
1970 3690 2137 3728 unum
2168 3674 2413 3744 profecto
2447 3676 2516 3729 sit
2541 3685 2784 3745 oportet,
2820 3677 2964 3746 quod
3010 3679 3359 3749 intelligentia

1796 3782 1919 3821 cum
1944 3766 2155 3820 ratione
2202 3767 2467 3836 capiatur.
2498 3766 2698 3822 Contra
2727 3783 2878 3833 vero,
2907 3767 2952 3823 si
2982 3783 3183 3838 corpus
3216 3769 3355 3835 ﬂuit,

1798 3857 1959 3928 527
2013 3864 2068 3912 et
2103 3859 2385 3927 repentina
2439 3859 2675 3927 quadam
2730 3861 3028 3915 mutatione
3068 3860 3354 3934 abripitur,

1794 3949 2070 4004 evanescit
2123 3949 2256 4002 illud
2312 3948 2555 4018 quidem,
2610 3949 2946 4021 proindeque
2999 3951 3206 4007 nullum
3248 3963 3351 4008 est.

1792 4042 1971 4109 Quare
2004 4041 2138 4096 nihil
2163 4041 2456 4096 admodum
2486 4042 2576 4096 ille
2605 4041 2857 4113 desipiat,
2903 4044 2996 4114 qui
3030 4059 3230 4114 corpus
3257 4046 3354 4102 de-

1790 4136 1935 4190 tiniri
1968 4151 2077 4190 non
2101 4148 2261 4204 posse
2282 4134 2499 4200 dixerit,
2530 4134 2626 4188 sed
2653 4135 2920 4204 ejusmodi
2952 4151 3097 4201 esse,
3124 4137 3269 4206 quod
3293 4136 3350 4193 in

1788 4227 1927 4293 sola,
1964 4234 2024 4281 ut
2052 4226 2126 4280 ait
2154 4224 2327 4291 Plato,
2357 4224 2614 4294 opinione
2667 4236 2931 4293 versetur,
2984 4227 3115 4282 dum
3172 4228 3349 4284 oritur

1787 4320 1976 4385 simul,
2010 4326 2066 4374 et
2090 4317 2309 4384 occidit,
2355 4332 2531 4387 neque
2578 4332 2819 4386 unquam
2870 4333 2995 4374 vere
3024 4327 3126 4375 est.
3166 4338 3186 4372 ι
3223 4318 3348 4377 Haec

1783 4413 2107 4477 Numenius,
2145 4411 2346 4481 quibus
2392 4425 2502 4464 non
2553 4408 2795 4465 Platonis
2839 4411 3022 4479 modo,
3055 4413 3149 4467 sed
3182 4414 3345 4468 etiam

3298 373 3402 430 su
3473 360 3480 369 ’

116 4499 275 4561 lange
303 4488 665 4562 antiquioris-
693 4492 918 4548 Platone
956 4493 1157 4566 Moysis
1200 4497 1503 4554 doctrinam
1541 4506 1852 4563 illustravit.
1880 4509 2067 4576 Itaque
2092 4503 2289 4558 merito
2348 4517 2478 4557 sane
2507 4502 2709 4556 dictum
2771 4501 2904 4556 illud
2948 4502 3089 4559 hanc
3122 4502 3177 4557 in
3228 4519 3342 4558 rem

113 4584 326 4638 celebre
351 4583 752 4653 circumfertur,
786 4604 804 4637 ι
835 4584 976 4651 Quid
1004 4588 1150 4642 enim
1183 4588 1328 4645 aliud
1366 4589 1519 4647 Plato
1550 4603 1655 4660 est,
1694 4614 1860 4668 quam
1890 4598 2101 4669 Moyses
2128 4595 2302 4649 Attice
2336 4593 2602 4663 loquens?
2635 4611 2653 4644 ι
2686 4591 2790 4648 Sed
2833 4601 3011 4648 tamen
3044 4593 3166 4649 vide
3208 4596 3342 4651 mihi

112 4675 210 4737 sis,
246 4688 381 4728 num
431 4674 676 4744 ejusdem
732 4677 1011 4732 sententia:
1056 4679 1168 4732 vim
1220 4679 1442 4738 uberius
1490 4685 1668 4741 adhuc
1705 4688 2025 4744 Plutarchus
2058 4686 2329 4756 aperiens,
2360 4698 2485 4738 cum
2539 4682 2756 4738 laudata
2805 4682 3150 4753 superiorum
3212 4684 3337 4754 phi-

107 4767 467 4837 losophorum
520 4769 789 4837 oratione,
853 4779 907 4825 et
947 4769 1297 4829 Hebraeorum
1350 4776 1512 4831 simul
1569 4781 1839 4854 the010gia
1889 4781 2055 4853 variis
2106 4778 2310 4849 passim
2363 4777 2419 4830 in
2470 4777 2605 4832 locis
2657 4776 2922 4846 explicata
2974 4777 3277 4833 consentiat
3317 4772 3367 4831 ε’

110 4864 237 4917 dum
288 4863 452 4917 modo
492 4862 597 4918 ista
634 4862 744 4918 Deo
781 4865 943 4919 verba
990 4867 1320 4937 tribuuntur,
1356 4888 1375 4919 ‹
1409 4868 1681 4935 Quoniam
1717 4891 1818 4946 ego
1864 4874 2126 4931 Dominus
2159 4872 2303 4927 Deus
2335 4881 2533 4936 vester,
2577 4881 2632 4926 et
2678 4887 2789 4926 non
2813 4882 2994 4926 mutor
3016 4871 3059 4937 ³,
3101 4888 3120 4922 ι
3173 4872 3336 4927 modo

106 4952 163 5007 in
209 4952 467 5008 eumdem
506 4948 776 5023 Propheta
824 4956 1139 5024 reSpiciens,
1190 4958 1263 5012 ita
1304 4961 1666 5027 pronuntiat:
1715 4982 1733 5015 ‹
1776 4963 2024 5020 Visibilia
2050 4962 2234 5018 omnia
2257 4962 2567 5017 transibunt
2588 4974 2640 5016 et
2687 4970 3067 5017 mutabuntur.
3090 4958 3171 5016 Tu
3233 4977 3331 5016 au-

107 5050 213 5098 tem
245 5045 388 5099 idem
422 5044 539 5115 ipse
566 5060 647 5111 es,
690 5055 744 5101 et
772 5047 901 5100 anni
958 5047 1038 5101 tui
1087 5064 1193 5102 non
1239 5049 1556 5107 deﬁcient‘.
1598 5071 1617 5104 ›
1660 5052 1815 5123 Vide,
1870 5056 2114 5126 inquam,
2157 5069 2287 5107 num
2320 5053 2594 5123 proposita
2644 5053 2809 5108 veluti
2853 5054 3174 5124 quaestione,
3205 5069 3328 5108 eum

100 5141 220 5211 ejus
257 5141 353 5210 qui
407 5141 487 5195 Sic
530 5140 675 5210 apud
722 5139 962 5211 Moysem
991 5141 1334 5211 loquebatur,
1368 5161 1387 5194 ι
1420 5141 1531 5214 Ego
1563 5161 1684 5201 sum
1724 5149 1821 5218 qui
1865 5164 2009 5214 sum,
2045 5165 2063 5199 ι
2104 5155 2158 5202 et
2192 5161 2405 5213 rursus,
2437 5162 2456 5196 ι
2493 5143 2606 5215 Ego
2651 5142 2913 5202 Dominus
2946 5146 3087 5200 Deus
3129 5152 3326 5214 vester,

170 5301 194 5333 ³
224 5299 454 5357 Malach.
495 5314 582 5367 ut,
623 5300 677 5355 6.
752 5300 775 5332 ⁸
797 5299 940 5354 Psal.
968 5315 1041 5365 cr,
1070 5299 1160 5354 28.

167 5417 282 5486 (47)
313 5413 519 5471 Εἶπον.
565 5414 867 5470 Numenius
912 5415 1062 5484 ipse?
1110 5430 1178 5470 an
1226 5414 1354 5469 alii?
1382 5414 1659 5471 Posterius

100 5487 199 5542 hoc
248 5487 448 5551 malui,
495 5488 639 5555 quod
690 5486 985 5549 addiderit,
1019 5501 1140 5554 quae
1190 5486 1453 5550 audierat,
1482 5500 1545 5540 ea
1576 5500 1655 5550 se,

98 5570 357 5625 quantum
390 5556 703 5611 meminisse
732 5556 926 5625 potuit,
952 5556 1221 5609 retulisse.

164 5628 278 5705 (διε)
306 5625 435 5705 Legi
467 5626 678 5705 mallem
706 5623 796 5705 τὸν
815 5624 1005 5705 ⁹λόγον’
1036 5625 1512 5705 ipsammet__porro
1542 5624 1659 5705 Pla-

95 5694 236 5751 tonis
258 5697 559 5749 orationem
604 5694 876 5763 intelligit,
912 5704 971 5750 ut
1001 5709 1070 5750 ex
1096 5695 1448 5764 sequentibus
1479 5694 1657 5749 mani-

94 5771 220 5825 feste
250 5782 349 5821 con
358 5773 485 5819 stat.

403 5858 595 5917 Pun.
640 5857 760 5919 Gn.
807 5856 981 5918 XXI.

1798 5421 1945 5544 τέω)
1988 5422 2312 5490 Ἀόριστον.
2368 5415 2594 5484 Sensus,
2627 5416 2683 5472 ni
2726 5415 2904 5483 fallor,
2936 5414 3172 5487 postulat
3209 5416 3326 5490 69t-

1860 5511 1907 5544 ν.

1766 5508 1907 5545 στον.

1834 5561 1944 5633 (50)
1976 5560 2084 5633 Καὶ
2113 5559 2194 5627 ὥς
2221 5574 2371 5629 φησι
2393 5559 2579 5633 Πλᾴτ.
2606 5557 2786 5612 Malim
2820 5555 3320 5633 (Eticpndt-nlé‘ttsw,

1763 5624 1856 5702 mi
1887 5624 2188 5702 γινόμενον,
2221 5624 2359 5685 ’θέω
2391 5631 2525 5688 illud
2560 5644 2799 5701 quoque,
2829 5624 2956 5701 δόξῃ
2981 5624 3138 5700 ’μόνῃ
3165 5624 3319 5693 δοξα-

1764 5700 1905 5757 στόν
1935 5700 2173 5758 Platonis
2200 5708 2337 5756 erat.

3082 5848 3163 5913 28
