3826 6232
474 298 580 354 875

1099 294 1369 354 EUSEBII
1406 258 1884 352 casamexsis
1921 295 2071 350 ore.
2118 296 2298 388 mas
2337 296 2401 349 n.
2435 325 2505 336 —
2542 298 3048 357 APOLOGETICA.

3597 308 3697 366 876

471 424 525 470 et
550 430 656 471 non
678 422 878 479 mutor,
911 432 931 467 ι
961 423 1074 469 tum
1096 415 1259 469 etiam
1287 414 1526 479 alterius,
1546 414 1822 484 quiDeum
1847 415 2022 482 ipsum
2062 418 2137 464 ita
2166 413 2548 482 compellabat,
2589 434 2607 466 ι
2648 414 2727 470 'l‘u
2785 430 2969 474 autem
3025 420 3167 477 idem
3213 422 3332 493 ipse
3371 440 3457 489 es,
3492 444 3513 478 ι
3546 442 3672 482 men

469 520 579 565 tem
611 519 772 579 atque
805 510 1123 566 sententiam
1153 508 1479 565 Plutarchus
1535 511 1589 566 in
1628 526 1729 565 suo
1753 512 1828 567 De
1857 508 2065 583 syllaba
2093 505 2152 565 εἴ
2175 505 2278 580 (es)
2317 524 2438 580 quae
2465 510 2724 581 Delphico
2776 514 2982 583 templo
3009 515 3272 588 inscripta
3322 526 3427 582 est,
3462 534 3697 590 opuscu.

468 601 543 670 lo,
571 603 912 673 interpretari
943 603 1076 657 velle
1100 603 1366 668 videatur,
1399 603 1487 658 his
1522 604 1727 659 verbis.

1061 692 1292 748 CAPUT
1333 692 1423 747 XI.

470 783 557 840 Ea:
577 784 854 841 Plutarchi
875 785 1142 868 opusculo,
1170 786 1234 838 de
1258 785 1465 908 syllaba
1488 781 1539 840 εἴ
1560 785 1807 856 Delphico
1834 784 2022 855 templo

1111 871 1308 908 mscrm
1336 874 1387 908 a.

1111 871 1387 924 inscripta.

541 962 564 998 ι
606 943 867 1016 Equidem
891 962 1063 1014 neque
1095 962 1407 1010 numerum,
1432 961 1606 1017 neque
1634 948 2025 1011 ordinem,.ne—

466 1052 573 1107 que
598 1036 895 1103 vinculum,
922 1053 1096 1107 neque
1117 1038 1261 1092 aliud
1285 1039 1562 1108 quodlibet
1586 1038 1879 1093 dimidiata:
1902 1054 2026 1108 par-

464 1129 646 1185 ticula:
694 1144 866 1199 genus
912 1144 976 1183 ea
1038 1128 1244 1199 syllaba
1291 1129 1585 1200 signiﬁcari
1618 1129 1891 1184 existimo.
1926 1127 2025 1183 Est

463 1219 688 1275 omnino
713 1218 805 1273 Dei
835 1218 1132 1289 perfectum
1158 1236 1222 1274 ex
1254 1236 1373 1276 sese
1397 1220 1776 1289 integrumque
1803 1234 2020 1285 nomen,

464 1306 608 1376 quod
639 1308 710 1372 ei,
742 1321 773 1361 a
797 1321 904 1375 quo
927 1310 1330 1376 pronuntiatur,
1365 1324 1472 1363 una
1520 1324 1642 1363 cum
1682 1324 1815 1363 voce
1844 1309 2020 1378 ipsum

462 1394 721 1449 continuo
750 1396 1032 1463 potestatis
1060 1397 1258 1452 divinae
1299 1413 1521 1453 sensum
1555 1408 1607 1454 et
1638 1400 2019 1470 cogitationem

459 1483 688 1553 injiciat.
717 1482 849 1539 Nam
874 1502 997 1541 cum
1036 1502 1477 1557 unumquemque
1503 1496 1774 1551 nostrum,
1816 1489 1909 1557 qui
1955 1503 2021 1542 eo

461 1576 794 1642 accedimus,
822 1577 925 1632 hac
963 1580 1125 1634 veluti
1160 1578 1303 1634 Deus
1351 1578 1676 1633 salutatione
1703 1579 2012 1649 compellat,

456 1663 633 1721 Nosne
667 1676 717 1721 te
750 1667 948 1738 ipsum,
980 1670 1126 1739 quod
1164 1671 1380 1739 quidem
1417 1670 1587 1725 nihilo
1621 1671 1804 1726 minus
1834 1681 2016 1737 sonat,

456 1772 620 1827 quam
647 1756 802 1814 Salve
847 1776 865 1814 :
915 1768 1028 1815 tum
1061 1777 1189 1816 vero
1233 1777 1353 1827 nos,
1409 1762 1741 1817 resalutandi
1776 1762 2017 1818 numinis

457 1851 650 1920 gratia,
678 1852 1068 1921 respondemus
1100 1848 1153 1905 εἴ
1181 1854 1304 1924 (es),
1340 1853 1495 1923 quasi
1540 1868 1724 1907 veram
1771 1869 1836 1907 ac
1887 1869 2015 1923 pro-

457 1947 652 2014 priam,
709 1946 952 2013 adeoque
1007 1946 1177 2000 solam
1235 1946 1393 2014 eique
1446 1945 1547 1999 soli
1604 1946 2011 1999 convenientem

2052 693 2100 751 A

2648 669 3043 723 ΚΕΦΑΛΑΙΟΝ
3067 671 3170 728 IA'.

2128 764 2514 833 Πλουτάρχου
2547 758 2689 838 dmi.
2703 759 2809 838 τεῦ
2856 759 3673 838 έξτιγετραμιιέγοπέρυγτράμ

2403 828 2607 903 ᾑατος,
2637 830 2776 896 Περὶ
2812 830 2918 881 τοῦ
2946 830 3015 882 ἐν
3050 828 3298 900 Δελφοῖς
3322 828 3412 885 Εἴ.

2200 974 2219 1004 ί
2252 949 2389 1006 Ούτε
2413 943 2505 1001 οὖν
2544 944 2653 1016 (51)
2687 942 2938 1014 ἀριθμὸν,
2969 940 3091 995 οὔτε
3126 941 3297 1009 τάξιν,
3344 943 3470 998 οὔτε
3518 945 3684 1000 σύνδε.

2125 1058 2281 1113 σμον,
2313 1037 2434 1092 οὔτε
2463 1035 2588 1089 ἄλλο
2615 1033 2721 1085 τῶν
2751 1029 2982 1084 ὲλλιπῶν
3013 1032 3217 1103 μορίων
3249 1031 3399 1086 οὐδὲν
3436 1028 3590 1105 οἶμαι
3636 1037 3695 1090 τὸ

2122 1132 2357 1204 γράμμα
2405 1125 2721 1198 σημαίνειν·
2762 1122 2874 1177 ἀλλ’
2902 1121 3048 1175 ἐστιν
3083 1122 3374 1194 αὐτοτελὴς
3414 1125 3509 1177 τοῦ
3561 1126 3693 1180 Θεοῦ

2122 1222 2549 1296 προσαγόρευσις
2595 1218 2687 1270 καὶ
2735 1215 3138 1286 προσφώνησις,
3194 1216 3311 1287 ἃμα
3362 1216 3441 1288 τῷ
3491 1220 3691 1293 ῥήματι

2122 1315 2212 1367 τὸν
2244 1311 2608 1383 φθεγγόμενον
2643 1309 2721 1370 εἰς
2751 1306 2958 1361 ἔννοιαν
2989 1306 3290 1361 καθιστᾶσα
3313 1308 3409 1379 τῆς
3438 1310 3533 1362 τοῦ
3558 1310 3693 1364 Θεοῦ

2121 1405 2414 1475 δυνάμεως.
2454 1402 2509 1453 Ὀ
2542 1399 2649 1470 γὰρ
2692 1397 2822 1460 Θεὸς
2856 1396 3085 1451 ἕκαστον
3112 1397 3267 1468 ἡμῶν
3311 1399 3419 1452 τῶν
3460 1400 3692 1455 ἐνταῦθα

2120 1495 2450 1568 προσιόντων
2497 1486 2605 1544 οἷον
2649 1488 3025 1559 ἀσπαζόμενος
3073 1490 3470 1561 προσαγορεύει
3530 1491 3592 1544 τὸ
3640 1503 3690 1559 ι,

2119 1585 2312 1640 Γνῶθι
2330 1582 2577 1644 σαυτόν,
2628 1580 2656 1633 ὃ
2704 1579 2794 1633 τοῦ
2837 1579 3012 1647 Χαῖρε
3035 1578 3099 1649 δὴ
3126 1580 3276 1633 οὐδὲν
3322 1582 3470 1651 μεῖόν
3520 1584 3688 1637 ἐστιν.

2129 1677 2318 1746 Ἡμεῖς
2367 1675 2423 1728 δὲ
2458 1672 2638 1737 πάλιν,
2673 1670 3020 1741 ἀμειϐόμενοι
3061 1671 3152 1723 τὸν
3187 1671 3339 1734 Θεὸν,
3387 1669 3452 1724 Εἴ
3484 1689 3689 1743 φαμεν.

2115 1766 2189 1829 ὼς
2219 1764 2393 1837 ἀληθῆ
2423 1765 2512 1817 καὶ
2534 1763 2758 1832 ἀψευδῆ,
2787 1764 2880 1815 καὶ
2910 1762 3077 1833 μόνην
3109 1762 3253 1832 μόνῳ
3283 1764 3688 1835 προσήκουσαν,

2117 1856 2211 1927 τὴν
2254 1856 2349 1910 τοῦ
2394 1850 2458 1907 Ei
2506 1852 2939 1925 προσαγόρευσιν
2990 1852 3349 1918 ἀποδιδόντες.
3387 1853 3551 1925 Ἡμῖν
3582 1856 3692 1929 γὰρ

2116 1944 2282 2007 ὃντως
2316 1941 2407 1997 τοῦ
2441 1938 2579 1995 εἶναι
2617 1941 2867 2012 μέτεστιν
2914 1941 3096 1994 οὐδέν’
3132 1941 3269 1995 ἀλλά
3317 1942 3487 2012 θνητὴ
3540 1945 3691 1997 πᾶσα

459 2037 600 2091 hanc
640 2052 671 2090 a
713 2036 873 2091 nobis
929 2037 1343 2106 appellationem
1376 2036 1540 2089 tribui
1576 2036 1860 2090 fateamur.
1902 2035 2004 2092 Nos

2115 2036 2275 2105 φύσις
2305 2036 2361 2087 έν
2396 2034 2543 2104 μέσῳ
2587 2033 2794 2103 φθορᾶς
2824 2032 2918 2085 καὶ
2965 2032 3230 2102 γενέσεως
3268 2035 3560 2105 γενομένη,
3588 2036 3693 2105 φά-

455 2128 599 2180 enim
626 2126 788 2197 528
807 2141 933 2181 vere
954 2127 1103 2181 nullo
1130 2131 1287 2181 modo
1312 2143 1499 2181 sumus
1530 2145 1543 2180 ε
1576 2127 1668 2182 sed
1698 2127 1875 2181 omnis
1897 2142 2014 2181 om-

451 2217 584 2271 nino
605 2226 797 2271 natura
824 2218 1087 2284 mortalis,
1121 2218 1174 2270 in
1200 2219 1437 2287 quodam
1463 2219 1715 2271 interitus
1747 2228 2012 2286 ortusque

454 2308 632 2363 medio
673 2309 985 2376 constituta,
1018 2310 1264 2365 umbram
1313 2310 1398 2364 sui
1449 2309 1715 2364 duntaxat
1745 2309 2007 2378 aliquam,

453 2400 755 2468 exilemque
796 2415 860 2455 ac
886 2399 1146 2455 lubricam
1195 2400 1507 2470 opinionem
1541 2398 1812 2465 ostendit;
1843 2415 2007 2469 quam

452 2491 496 2543 si
530 2490 874 2545 incumbente
900 2490 953 2544 in
984 2506 1104 2544 eam
1135 2506 1320 2544 animo
1344 2489 1802 2560 comprehendere
1832 2491 2011 2546 volue-

449 2579 549 2644 ris,
573 2586 687 2633 tum
715 2596 860 2647 vero,
893 2582 1348 2650 quemadmodum
1385 2596 1583 2651 aquam
1629 2581 1674 2636 si
1714 2596 1880 2635 manu
1927 2596 2010 2636 ve-

448 2666 756 2722 hementius
786 2668 1017 2723 retinere
1064 2669 1301 2731 coneris,
1345 2669 1473 2723 dum
1527 2669 1750 2738 premis,
1784 2669 1913 2723 dum
1951 2669 2005 2723 in

447 2774 618 2814 unum
649 2761 819 2829 cogis,
841 2760 1008 2815 eﬁluit
1033 2760 1121 2814 illa
1142 2762 1467 2830 penitusque
1494 2761 1777 2815 dilabitur.
1812 2758 1902 2814 Sic
1927 2776 2009 2815 ra-

446 2849 542 2911 tio,
577 2849 706 2906 dum
738 2867 948 2916 eorum,
980 2867 1101 2921 qua!
1130 2852 1310 2907 varios
1340 2852 1569 2906 subinde
1599 2868 1760 2906 casus
1789 2867 1851 2907 ac
1886 2866 2007 2905 mu—

447 2942 678 2998 tationes
713 2942 964 3007 subeunt,
990 2943 1252 2998 illustrem
1282 2944 1452 3006 illam,
1483 2958 1604 3013 quae
1638 2944 1742 2999 sibi
1775 2944 2005 3013 objicia-

444 3041 554 3097 tur,
597 3035 829 3104 speciem
879 3035 1103 3103 propius
1141 3034 1463 3104 insequitur,
1497 3034 1713 3088 aberrat
1757 3050 1822 3089 ac
1864 3035 2004 3089 ludi-

444 3133 553 3187 tur,
578 3124 746 3193 quod,
784 3123 979 3194 partim
1015 3124 1068 3176 in
1106 3124 1157 3175 id
1185 3123 1325 3192 quod
1358 3124 1556 3188 oritur,
1608 3124 1805 3192 partim
1841 3124 1894 3177 in
1925 3124 2003 3186 id,

441 3215 588 3285 quod
633 3214 837 3278 interit,
898 3219 977 3270 sic
1026 3215 1287 3278 incurrat,
1323 3214 1458 3267 nihil
1490 3222 1547 3267 ut
1588 3215 1733 3283 quod
1765 3224 2001 3281 maneat,

440 3305 697 3376 quodque
726 3321 853 3360 vere
882 3306 974 3372 sit,
1007 3306 1464 3375 comprehendere
1518 3306 1746 3361 omnino
1802 3308 1995 3376 possit.

440 3396 575 3453 Nam
608 3405 668 3451 ut
709 3398 959 3452 eumdem
1004 3396 1251 3461 ﬂuvium,
1286 3397 1433 3466 quod
1484 3395 1789 3452 Heraclitus
1820 3398 2000 3454 dicere

442 3489 672 3555 solebat,
702 3490 788 3545 bis
823 3505 982 3545 nemo
1012 3489 1196 3544 subire
1223 3497 1399 3559 potest
1429 3506 1442 3543 :
1475 3489 1548 3543 ita
1594 3491 1879 3544 mortalem
1910 3506 2004 3545 na-

440 3591 619 3638 turam
652 3582 845 3638 eodem
875 3582 926 3636 in
952 3591 1093 3636 statu
1125 3581 1416 3635 haerentem
1453 3596 1613 3635 nemo
1644 3581 1727 3636 bis
1748 3582 1997 3652 attingat,

439 3672 533 3729 sed
560 3672 842 3742 repentino
871 3670 1189 3725 mutationis
1238 3669 1442 3741 impetu
1474 3669 1775 3740 dissipatur
1828 3670 1996 3737 illico,

435 3779 766 3834 rursumque
791 3763 1098 3835 colligitur;
1144 3763 1228 3817 vel
1261 3763 1460 3832 potius,
1515 3777 1584 3818 ne
1626 3777 1845 3817 rursum
1877 3763 2000 3833 qui-

434 3856 559 3910 dem
589 3864 683 3909 aut
710 3863 918 3925 postea,
943 3843 1037 3909 sed
1068 3853 1280 3909 exsistit
1310 3852 1474 3907 simul
1504 3868 1567 3907 ac
1597 3852 1817 3916 desinit,
1842 3867 2000 3907 acce-

435 3947 516 4001 dit
549 3946 712 4001 simul
735 3945 1006 4014 simulque
1031 3943 1280 3998 discedit.
1310 3940 1385 3996 lta
1419 3956 1539 4012 quae
1569 3957 1697 4012 pars
1726 3942 1873 3995 illius
1900 3955 1997 3995 na-

436 4037 627 4101 scitur,
648 4050 709 4090 ea
733 4050 1031 4105 nunquam,
1055 4042 1114 4088 ut
1130 4033 1363 4103 perfecte
1385 4033 1474 4099 sit,
1496 4033 1825 4103 assequitur,
1851 4032 1996 4103 quod

433 4137 588 4182 ortus
616 4128 705 4182 ille
746 4141 922 4196 neque
953 4141 1187 4194 unquam
1238 4124 1471 4189 desinat,
1507 4138 1682 4193 neque
1731 4124 1997 4178 consistat

432 4234 687 4288 usquam,
724 4216 817 4272 sed
842 4217 956 4286 jam
990 4216 1114 4269 inde
1161 4215 1230 4268 ab
1270 4214 1498 4280 semine,
1546 4213 1716 4269 fetum
1773 4214 1997 4269 inchoa-

435 4318 574 4376 tum,
598 4323 723 4362 mox
763 4306 1048 4372 infantem,
1084 4320 1310 4375 puerum
1340 4305 1488 4366 inde,
1523 4306 1649 4358 inde
1674 4304 1994 4360 adolescen-

432 4407 563 4464 tem,
594 4407 708 4452 tum
743 4396 1019 4466 juvenem,
1050 4410 1257 4454 senem.
1290 4394 1554 4460 vetulum,
1583 4394 1842 4448 continua
1874 4409 1994 4448 mu-

434 4492 637 4544 tatione
664 4488 839 4558 ﬁngit,
869 4503 934 4542 ac
958 4488 1170 4556 priores
1193 4495 1348 4541 ortus
1374 4494 1668 4556 aetatesque
1695 4487 1841 4541 delet
1864 4501 1992 4541 suc-

431 4580 681 4635 cessione
712 4591 995 4633 novarum.
1043 4576 1110 4631 At
1156 4591 1255 4631 nos
1289 4576 1515 4631 ridicule
1552 4590 1684 4630 sane
1733 4574 1986 4642 facimus,

2115 2144 2229 2197 σμα
2262 2125 2489 2196 παρέχει
2518 2124 2611 2177 καὶ
2643 2124 2859 2195 δόκησιν
2891 2124 3135 2196 ἀμυδρὰν
3183 2124 3277 2179 καὶ
3317 2124 3569 2197 ἀϐέϐαιον
3594 2128 3692 2180 αὑ-

2112 2219 2227 2290 τῆς.
2263 2219 2359 2271 Ἂν
2383 2218 2439 2270 δὲ
2461 2216 2559 2288 τὴν
2588 2216 2824 2271 διάνοιαν
2849 2216 3115 2289 ἀπερείσῃ
3140 2232 3242 2279 τις,
3268 2215 3531 2271 λαϐέσθαι
3569 2216 3692 2288 βου-

2110 2310 2350 2380 λόμενος,
2383 2309 2569 2381 ὥσπερ
2597 2310 2629 2380 ὴ
2658 2308 2859 2380 σφόδρα
2883 2308 3194 2380 περίδραξις
3222 2306 3432 2372 ὕδατος,
3454 2308 3537 2381 τῷ
3565 2309 3690 2364 πιέ-

2110 2401 2221 2465 ζειν
2254 2401 2345 2453 καὶ
2371 2402 2449 2463 είς
2480 2399 2643 2454 ταυτὸ
2666 2398 2935 2469 συνάγειν,
2959 2397 3206 2469 διαρρέον
3228 2397 3489 2452 ἀπόλλυσι
3510 2399 3571 2452 τὸ
3594 2416 3691 2452 πε·-

2110 2490 2570 2563 ριλαμϐανόμενον
2590 2507 2603 2521 ·
2632 2489 2774 2544 οὕτω
2803 2489 2910 2544 τῶν
2926 2489 3183 2561 παθητῶν
3205 2490 3299 2545 καὶ
3331 2489 3691 2562 μεταϐλητῶν

2109 2581 2221 2653 (52)
2254 2582 2482 2636 ἑκάστου
2512 2582 2608 2652 τὴν
2634 2581 2771 2650 ἀγαν
2799 2581 3074 2652 ἐνέργειαν
3100 2581 3265 2652 (55).6
3290 2580 3444 2649 λόγος
3471 2578 3689 2636 διώκων

2110 2673 2531 2750 ἀποσφάλλεται,
2565 2675 2629 2745 τῇ
2664 2673 2761 2745 μὲν
2792 2674 2871 2736 εἰς
2903 2671 2962 2725 τὸ
2994 2672 3273 2742 γινόμενον
3305 2671 3494 2736 αὑτοῦ,
3524 2674 3590 2743 τῇ
3630 2673 3688 2727 δὲ

2107 2765 2187 2828 είς
2225 2764 2287 2817 τὸ
2317 2764 2688 2837 φθειρόμενον,
2739 2764 2950 2827 οὐδενὸς
2978 2763 3235 2817 λαϐέσθαι
3267 2763 3539 2834 μένοντος,
3563 2764 3689 2819 οὐδὲ

2106 2853 2255 2917 ὄντος
2294 2854 2480 2917 ὅντως,
2500 2855 2821 2924 δυνάμενος.
2858 2853 3094 2925 Ποταμῷ
3120 2854 3227 2925 γάρ
3257 2857 3358 2908 οὐκ
3402 2856 3552 2910 ἐστιν
3584 2859 3687 2928 έμ-

2106 2944 2264 3016 ϐἧναι
2309 2945 2391 3010 δὶς
2419 2945 2495 3017 τῷ
2539 2945 2687 3017 αὐτῷ
2733 2945 2852 2999 καθ’
2890 2945 3258 3016 Ἡράκλειτον,
3310 2947 3431 3000 οὐδὲ
3481 2947 3686 3019 θνητῆς

2104 3037 2288 3100 οὐσίας
2310 3037 2393 3100 δὶς
2420 3037 2658 3106 ἅψασθαι
2684 3036 2825 3090 κατὰ
2859 3035 2993 3104 ἕξιν,
3026 3036 3139 3089 ἀλλ’
3171 3036 3389 3108 ὀξύτητι
3438 3040 3535 3092 καὶ
3591 3041 3686 3094 τά-

2104 3145 2189 3199 χει
2220 3129 2519 3199 μεταϐολῆς
2548 3128 2790 3198 σκίδνησι
2827 3129 2922 3181 καὶ
2948 3127 3109 3183 πάλιν
3139 3130 3361 3197 συνάγει
3392 3130 3526 3202 (54)·
3552 3133 3687 3202 μᾶλα

2103 3216 2191 3271 λον
2211 3219 2267 3271 δὲ
2289 3217 2408 3272 οὐδὲ
2436 3218 2623 3283 πάλιν,
2654 3218 2776 3271 οὐδὲ
2801 3216 3046 3291 ὕστερον,
3075 3219 3190 3273 ἀλλ’
3223 3218 3336 3290 ἅμα
3364 3222 3684 3277 συνίσταται

2103 3311 2194 3363 καὶ
2219 3310 2522 3377 ἀπολείπει,
2557 3309 2650 3363 καὶ
2683 3309 2929 3382 πρόσεισι
2963 3312 3058 3365 καὶ
3088 3312 3326 3366 ἄπεισιν.
3366 3313 3527 3366 Ὅθεν
3555 3315 3685 3370 οὐδὲ

2101 3399 2181 3461 είς
2208 3399 2268 3452 τὸ
2310 3394 2445 3453 εἶναι
2484 3398 2728 3471 περαίνει
2762 3398 2823 3451 τὸ
2863 3399 3146 3470 γινόμενον
3172 3401 3359 3471 αὐτῆς,
3385 3402 3464 3472 τῷ
3513 3404 3683 3474 μηδέ-

2101 3505 2230 3542 ποτε
2275 3489 2461 3561 λήγειν
2510 3491 2633 3561 μηδ’
2685 3490 2933 3545 ἵστασθαι
2972 3492 3071 3563 τὴν
3113 3493 3357 3561 γένεσινο
3405 3494 3521 3547 ἀλλ’
3569 3496 3683 3549 ἀπὸ

2102 3579 2415 3650 σπέρματος
2432 3579 2517 3632 ἀεὶ
2546 3578 3004 3650 μεταϐάλλουσαν,
3028 3578 3261 3649 ἔμϐρυον
3283 3583 3532 3650 ἐμποιεῖν
3556 3577 3681 3636 εἷτα

2103 3670 2287 3731 παῖδα,
2327 3670 2604 3740 μειράκιον
2633 3669 2848 3740 ἐφεξῆς,
2883 3669 3183 3735 νεανίσκον,
3210 3671 3401 3740 ἄνδρα,
3434 3675 3682 3743 πρεσϐύ-

2097 3779 2216 3834 την,
2258 3764 2505 3834 γέροντα,
2543 3763 2640 3826 τὰς
2678 3762 2897 3835 πρώτας
2938 3763 3266 3834 φθείρουσαν
3306 3766 3554 3832 γενέσεις
3581 3771 3681 3823 καὶ

2098 3854 2309 3926 ἡλικίας
2335 3852 2454 3918 ταῖς
2490 3856 2913 3926 έπιγινομέναις.
2963 3854 3100 3908 Ἀλλ’
3130 3857 3294 3925 ἡμεῖς
3334 3855 3431 3909 ἕνα
3475 3857 3679 3927 φοϐοῦ⁸

2100 3943 2238 4014 μεθα
2272 3944 2496 4012 γελοίως
2547 3943 2793 4011 θάνατον,
2840 3944 3067 4008 πολλοὺς
3104 3943 3536 4016 ἀποτεθνηκότες
3568 3948 3677 4020 ἤδη

2097 4034 2433 4106 θνήσκοντες.
2484 4034 2558 4087 Ού
2602 4034 2709 4106 γὰρ
2762 4035 2938 4105 μόνον,
2984 4035 3056 4098 ὡς
3099 4036 3453 4105 Ἡράκλειτος
3494 4038 3674 4108 ἔλεγε,

2097 4127 2263 4194 πυρὸς
2291 4126 2536 4190 θάνατος,
2579 4126 2699 4196 ἀέρι
2732 4126 2943 4194 γένεσις
2973 4125 3107 4197 (55),
3145 4125 3258 4178 ἀλλ’
3286 4126 3402 4179 ἐστι
3432 4127 3542 4198 (56)
3579 4146 3675 4182 σα-

2095 4216 2351 4286 φέστερον
2382 4216 2466 4268 ἐπ’
2498 4214 2675 4268 αὐτῶν
2700 4215 2877 4285 ἡμῶν.
2907 4215 3192 4285 Φθείρεται
3222 4216 3319 4285 μὲν
3347 4219 3376 4268 6
3402 4219 3670 4288 ἀκμάζων

2093 4308 2380 4378 γενομένου
2411 4305 2681 4378 γέροντος,
2713 4306 2921 4378 ἐφθάρη
2949 4306 3006 4359 δὲ
3035 4309 3065 4360 6
3096 4308 3215 4370 νέος
3241 4310 3323 4370 είς
3353 4309 3444 4362 τὸν
3496 4311 3679 4380 ἀκμά-

2093 4398 2272 4462 ζοντα,
2306 4398 2396 4451 καὶ
2429 4399 2457 4450 ὁ
2491 4400 2618 4460 παῖς
2649 4397 2851 4459 είς-τὸν
2882 4397 3023 4462 νέον,
3065 4401 3144 4461 είς
3181 4399 3237 4451 δὲ
3286 4398 3378 4453 τὸν
3410 4400 3580 4453 παῖδα
3612 4401 3679 4455 τὸ

2090 4492 2299 4559 νήπιον,
2328 4491 2356 4542 6
2378 4488 2434 4541 δὲ
2469 4487 2594 4559 χθὲς
2621 4489 2700 4551 είς
2732 4487 2823 4542 τὸν
2857 4491 3096 4560 σήμερον
3122 4489 3400 4560 τέθνηκεν,
3427 4493 3457 4543 6
3481 4492 3540 4546 δὲ
3572 4495 3678 4565 σή-

2094 4598 2279 4652 μερον,
2315 4581 2393 4644 είς
2429 4580 2519 4633 τὸν
2547 4578 2757 4651 αὕριον.
2803 4579 2969 4633 Μένει
2994 4579 3053 4633 δὲ
3082 4580 3203 4632 οὐδὲ
3235 4576 3336 4647 εἷς,
3363 4582 3486 4636 οὐδέ
3517 4584 3678 4640 ἐστιν

430 4669 525 4739 qui
560 4677 786 4723 mortem
823 4682 985 4720 unam
1023 4667 1333 4733 timeamus,
1380 4666 1496 4736 jam
1537 4668 1753 4741 mortui
1799 4666 1984 4732 toties,

2108 4668 2188 4735 ιῖς,
2216 4671 2349 4725 ἀλλά
2393 4669 2653 4741 γινόμεθα
2684 4670 2887 4735 πολλοὶ,
2911 4672 3040 4741 περὶ
3069 4671 3127 4723 ἓν
3151 4687 3203 4724 τι
3246 4673 3544 4745 φάντασμα
3577 4678 3679 4730 καὶ

429 4762 696 4827 totiesque
725 4758 1041 4814 morientes.
1073 4754 1182 4813 Nec
1235 4759 1378 4813 enim
1423 4758 1607 4822 modo,
1639 4758 1785 4828 quod
1820 4756 1987 4812 Hera-

498 4865 526 4894 ι
562 4848 718 4903 Forlé’
748 4848 846 4921 τῷ.

314 4998 315 5001 η
499 4941 621 5066 (51))
641 4940 788 4995 Οὔτε
822 4935 953 5005 οὖν,
981 4948 1084 4995 etc.
1118 4940 1219 4995 Adi
1251 4938 1599 4996 Plutarchum
1644 4939 1699 4994 in
1733 4938 1982 4993 Maralib.

427 5028 549 5066 Ball.
622 5012 710 5066 9|.
739 5011 840 5065 sub
869 5012 1050 5065 ﬁnem.

427 5011 680 5086 pag.‘39!
696 5053 710 5076 ,
739 5011 1050 5086 subﬁnem.

498 5077 606 5152 (52)
635 5077 919 5149 Παθητῶν
954 5080 1055 5152 καί
1085 5077 1488 5152 μεταϐλητῶν.
1520 5077 1738 5152 Rectius
1758 5121 1772 5145 ,
1814 5086 1874 5132 ut
1901 5079 1987 5131 vi-

425 5148 599 5215 detur,
631 5166 799 5221 quam
833 5151 975 5220 apud
1008 5148 1281 5205 Plutarch.
1317 5150 1423 5202 τῶν
1460 5148 1793 5221 παθημάτων
1824 5165 1989 5219 μετα-

424 5223 992 5363 δαῖἔῧιᾙνέργειαφζ.
1026 5288 1376 5363 Plutarchum
1410 5297 1627 5343 secutus
1665 5304 1807 5354 sum,
1839 5287 1984 5356 apud

423 5360 582 5432 quem
611 5361 811 5432 editum
844 5370 925 5413 est
954 5360 1258 5432 ἐνάργειαν.

496 5430 603 5501 (54)
628 5428 934 5501 Σκίδνησι,
968 5426 1066 5501 καῖ
1094 5426 1278 5501 πάλιν
1311 5426 1576 5501 συνάγει.
1603 5427 1814 5483 Clarius
1845 5428 1985 5499 lege-

424 5510 570 5554 retur
586 5499 589 5501 ’
605 5499 898 5560 σκίδναται,
933 5499 1026 5550 καὶ
1049 5499 1210 5552 πάλιν
1233 5499 1541 5566 συνάγεται.

494 5568 604 5639 (55)
647 5567 799 5635 Ἀέρι
829 5567 1084 5636 γένεσις.
1127 5569 1389 5624 Librariis
1424 5567 1740 5639 Eusebianis
1772 5568 1987 5639 excide-

424 5637 551 5692 runt
580 5653 701 5708 quae
733 5648 1061 5704 seauuntur,
1089 5640 1183 5693 καὶ
1224 5638 1384 5710 ἀέρος
1424 5637 1667 5706 θάνατος,
1697 5638 1846 5692 ὕδατι
1891 5638 1984 5708 γέ-

423 5723 587 5771 νισις.

2092 4764 2266 4818 κοινὸν
2289 4765 2579 4835 ἐκμαγεῖον
2603 4762 2713 4833 (57)
2745 4761 2876 4832 ὕλης
2902 4762 3415 4835 περιελαυνομένης,
3441 4767 3540 4821 καὶ
3569 4768 3679 4823 ditt.

2163 4937 2275 5011 (56)
2299 4938 2489 5011 λΑλλξ
2510 4939 2663 5011 ἐστι,
2691 4944 2795 4991 etc.
2834 4934 3120 5011 Plutarch1
3140 4937 3257 4992 ἀλλ’
3284 4938 3367 5011 ἔτι
3403 4957 3536 5011 σαφ.
3580 4944 3676 4996 ἐπ’

2092 5006 2270 5082 afﬁni»)
2299 5007 2427 5082 (δοες
2459 5007 2543 5082 άν.
2593 5008 2731 5082 Lege
2767 5022 2918 5077 ergo,
2952 5007 3067 5060 ἀλλ’
3094 5006 3177 5061 ἔτι
3208 5006 3549 5082 σαφέστερὸν
3579 5014 3677 5068 ἐπ’

2092 5078 2268 5148 αὐτῶν
2293 5077 2446 5148 ἡμῶν
2476 5077 2601 5148 ἴδοις
2629 5077 2712 5130 ἄν.

2164 5147 2275 5216 (57)
2308 5145 2523 5199 Κοινὸν
2567 5145 2899 5216 ἐκμαγεῖον.
2946 5147 3188 5216 Corpus,
3237 5156 3334 5203 aut
3381 5149 3675 5208 hominem

2093 5216 2293 5297 ipsum,
2317 5225 2486 5297 .certa
2523 5216 2979 5297 quadam-specie
3022 5217 3304 5297 ﬁguraque
3339 5222 3673 5297 praeditum,

2091 5287 2266 5339 κοινὸν
2313 5286 2603 5356 ἐκμαγεῖον
2637 5294 2793 5339 vocat
2828 5302 2842 5337 :
2876 5289 3099 5340 materia
3146 5286 3290 5340 enim
3339 5286 3468 5343 licet
3519 5286 3673 5346 assii-

2089 5357 2226 5409 duas
2269 5370 2378 5407 uno
2432 5357 2484 5408 in
2538 5370 2763 5428 corpore
2812 5358 3410 5428 mutationesgeﬂiciat,
3465 5374 3673 5428 corpus

2088 5435 2266 5498 tamen
2295 5440 2485 5498 unum,
2518 5425 2675 5498 quasi
2706 5440 2992 5498 commune
3032 5426 3306 5498 quoddam
3356 5425 3666 5498 exemplar,

2086 5496 2229 5565 quod
2263 5494 2564 5565 adulterare
2611 5496 2683 5549 sit
2728 5493 2902 5559 nefas,
2934 5493 3193 5549 intuetur.
3243 5497 3319 5550 De
3367 5498 3473 5553 alia
3508 5493 3670 5553 vocis

2086 5564 2249 5634 hujus
2281 5564 2611 5634 acceptione,
2663 5579 2770 5632 qua
2819 5579 2915 5632 pro
2961 5569 3352 5634 conceptaculo
3394 5571 3662 5632 sumitur,

2084 5632 2306 5689 consule
2332 5632 2609 5687 Petavium
2647 5644 2892 5688 nostrum
2933 5634 2990 5688 in
3020 5632 3145 5689 Not.
3196 5638 3263 5690 ad
3290 5638 3603 5692 orationem
3629 5638 3661 5693 1

2084 5703 2367 5760 Themistii
2392 5717 2516 5775 pag.
2550 5702 2675 5758 517.
2706 5701 2841 5759 Vide
2867 5705 3031 5761 etiam
3066 5704 3209 5761 infra
3237 5720 3363 5778 pag.
3396 5706 3529 5775 845,
3563 5707 3659 5765 ubi
