3826 6232
200 398 305 454 877

1394 407 1712 464 PRJEPAR.
1756 409 2008 467 EVANG.
2050 411 2177 466 LIB.
2220 410 2310 467 XI.

3339 420 3444 475 8'18

198 517 536 589 σθαινούσης.
574 520 723 574 Ἐπεὶ
755 522 893 587 πῶς,
941 525 989 577 οἱ
1038 524 1190 579 αὐτοὶ
1247 526 1517 597 μένοντες,
1566 530 1718 604 ἑτέρο

1830 531 2034 596 ,οιίιυε
2062 531 2298 598 dicebat,
2340 530 2484 601 ignis
2528 531 2802 599 interitus,
2860 535 3003 593 aeris
3052 546 3207 594 ortus
3234 550 3338 605 est,
3377 549 3434 596 et

195 611 455 681 χαίρομεν
483 611 597 676 νῦν,
628 613 838 684 ἑτέροις
872 616 1152 689 πρότερον,
1189 619 1448 674 τάναντία
1482 620 1763 694 φιλοῦμεν,

192 702 288 756 ια).
319 701 603 773 μισοῦμεν,
638 706 730 758 καὶ
761 705 1129 778 θαυμάζομεν,
1164 709 1256 764 καὶ
1289 711 1548 782 ψέγομεν,
1580 712 1763 781 ἄλλοις

186 792 449 865 χρώμεθα
477 795 676 863 λόγοις,
709 798 887 864 ἄλλοις
934 801 1180 867 πάθεσιν,
1208 804 1307 857 οὐκ
1344 803 1503 869 εἶδος,
1530 804 1594 859 οὐ
1624 823 1761 879 μορ-

184 888 314 955 φὴν,
352 885 414 940 οὐ
443 886 676 941 διάνοιαν
709 890 787 943 ἔτι
825 891 921 962 τὴν
966 892 1136 964 αὐτὴν
1178 892 1425 964 έχοντεςς
1468 894 1606 950 Οὔτε
1652 895 1762 969 γὰρ

180 977 313 1031 ἄνευ
352 979 653 1050 μεταϐολῆς
680 980 841 1052 ἕτερα
868 982 1096 1053 πάσχειν
1128 983 1297 1049 εἰκὸς,
1333 983 1456 1037 οὔτε
1492 986 1761 1057 μεταϐάλ-

179 1069 288 1123 λων
329 1072 358 1124 ὁ
397 1071 556 1135 αὐτος
598 1072 662 1125 ἂν
707 1073 812 1144 εἴη.
844 1075 908 1128 El
945 1074 1000 1127 δὲ
1038 1077 1066 1128 ό
1108 1075 1268 1139 αὐτὸς
1302 1076 1401 1129 οὐκ
1436 1076 1603 1143 ἐστιν,
1649 1078 1757 1132 οὐδ’

176 1161 351 1225 ἐστιν,
378 1164 490 1216 ἀλλ’
520 1167 582 1217 ἐκ
604 1164 698 1217 τοῦ
728 1166 888 1218 αὐτὸν
947 1165 1320 1236 μεταϐάλλειν,
1348 1168 1628 1239 γινόμενος
1648 1170 1759 1224 ἐτε-

182 1271 277 1325 ρος
309 1254 366 1321 ἐξ
397 1255 579 1326 ἐτέρου
598 1273 610 1285 '
638 1257 889 1325 ψεύδεται
917 1259 970 1311 δὲ
1001 1260 1034 1328 ἡ
1068 1257 1319 1329 αἴσθησις
1342 1260 1532 1332 ἀγνοίᾳ
1558 1261 1652 1314 τοῦ
1675 1261 1757 1316 ὅν-

177 1363 292 1409 τος,
336 1343 474 1400 εἶναι
505 1349 565 1400 τὸ
595 1350 936 1420 φαινόμενον.
973 1350 1037 1402 Τί
1083 1346 1177 1403 οὖν
1209 1350 1376 1415 ὗντως
1408 1352 1467 1404 ὃν
1494 1354 1646 1419 sort;
1682 1354 1754 1407 Tb

177 1436 369 1496 ἀΐδιον,
396 1438 488 1489 καὶ
519 1439 797 1509 ἀγένητον,
836 1442 929 1493 καὶ
965 1440 1259 1512 ἄφθαρτον,
1284 1435 1328 1510 ᾧ
1356 1444 1546 1514 χρόνος
1572 1445 1750 1510 οὐδεὶς

179 1527 479 1599 μεταϐολὴν
512 1531 736 1598 ἐπάγει·
788 1532 1003 1602 κινητὸν
1049 1534 1156 1606 γάρ
1206 1550 1278 1595 τι,
1325 1536 1419 1588 καὶ
1459 1536 1749 1609 κινουμένῃ

176 1620 694 1691 συμφανταζόμενον
740 1623 850 1691 (58)
899 1622 1020 1695 ὕλη,
1069 1626 1163 1677 καὶ
1217 1626 1339 1697 ῥέον
1380 1628 1486 1694 ἀεὶ,
1533 1630 1627 1685 καὶ
1673 1630 1748 1702 μὴ

172 1709 389 1778 στέγον,
419 1711 606 1783 ὥσπερ
638 1714 854 1780 ἀγγεῖον
885 1713 1091 1784 φθορᾶς
1121 1715 1215 1768 καὶ
1243 1716 1532 1783 γενέσεως,
1570 1721 1598 1774 ὁ
1629 1722 1750 1792 χρό-

170 1815 282 1862 νος.
332 1800 423 1865 Ἐξ
449 1796 508 1855 οὗ
541 1802 650 1873 (59)
683 1803 745 1873 δὴ
776 1802 838 1855 τὸ
872 1804 972 1874 μὲν
1003 1804 1210 1871 ἔπειτα,
1245 1809 1340 1860 καὶ
1372 1809 1432 1862 τὸ
1460 1810 1742 1883 πρότερον,

1867 622 2013 678 aeris
2046 622 2333 688 interitus,
2372 637 2529 693 aqua
2552 624 2795 680 vicissim
2839 634 2994 683 ortus
3026 649 3039 685 :
3073 645 3263 685 verum
3293 631 3347 686 id
3375 632 3431 686 in

1866 715 2026 770 nobis
2054 715 2217 770 etiam
2248 716 2380 785 ipsis
2412 715 2571 785 longe
2602 717 2871 775 illustrius
2914 721 3100 778 videre
3129 731 3215 777 est
3245 741 3262 779 :
3308 739 3430 780 suc-

1865 807 2088 862 cedente
2109 822 2240 863 sene
2272 808 2355 861 vir
2384 809 2766 879 exstinguitur,
2801 820 2861 866 ut
2905 811 2989 865 vir
3017 812 3238 883 juvene.
3266 815 3429 884 juve-

1865 900 1952 954 nis
1986 913 2176 968 puero,
2207 915 2342 969 puer
2372 900 2577 956 infante
2592 903 2863 958 exstincto
2891 905 3133 960 succedit
3158 922 3172 958 :
3198 905 3312 960 imo
3343 907 3433 962 he»

1864 998 2084 1046 sternus
2141 994 2196 1046 in
2249 993 2574 1048 hodiernum
2628 995 2854 1062 interiit,
2915 1006 2975 1051 ut
3015 998 3071 1052 in
3126 999 3428 1055 crastinum

1863 1082 2053 1138 interit
2089 1084 2406 1140 hodiernus.
2443 1085 2620 1142 Manet
2666 1096 2846 1142 autem
2874 1103 3057 1154 nemo,
3093 1104 3255 1145 nemo
3282 1106 3428 1148 unus

1862 1182 1972 1239 est,
2005 1176 2098 1231 sed
2133 1178 2357 1232 omnino
2386 1180 2543 1234 multi
2574 1178 2857 1248 elﬁcimur,
2905 1183 3034 1239 dum
3075 1184 3222 1240 circa
3253 1199 3426 1242 unum

1860 1264 2078 1336 aliquod
2114 1268 2467 1323 simulacrum
2492 1272 2875 1342 exemplarque
2901 1288 3189 1330 commune
3211 1277 3426 1332 voluta-

1859 1364 1949 1411 tur
1977 1359 2198 1414 assidue
2229 1361 2538 1431 labiturque
2571 1364 2817 1419 materia.
2847 1364 3140 1422 Enimvero
3169 1368 3217 1423 si
3257 1368 3421 1424 iidem

1857 1463 2167 1515 manemus,
2199 1451 2293 1519 qui
2320 1453 2533 1507 tandem
2560 1453 2667 1508 alia
2696 1454 2852 1511 nobis
2876 1456 3038 1511 modo
3067 1457 3300 1527 placent,
3325 1459 3420 1530 qui

1854 1539 1978 1596 aliis
2029 1550 2155 1597 ante
2195 1543 2569 1601 ducebamur?
2607 1545 2703 1614 qui
2756 1548 3030 1603 contraria
3058 1550 3143 1604 vel
3169 1565 3419 1608 amamus

1855 1639 1950 1711 aut
1978 1631 2216 1697 odimus,
2265 1634 2349 1686 vel
2400 1634 2761 1703 praedicamus
2808 1645 2903 1693 aut
2935 1638 3417 1711 damnamus?qui

1852 1708 2087 1794 denique
2121 1726 2278 1782 aliter
2307 1739 2471 1798 atque
2509 1728 2668 1784 aliter
2716 1727 2803 1784 vel
2850 1728 3150 1799 loquimur,
3201 1731 3286 1785 vel
3334 1708 3418 1786 af-

1851 1815 2085 1884 ﬁcimur,
2114 1833 2224 1874 non
2267 1821 2527 1890 speciem,
2579 1836 2688 1876 non
2733 1821 2967 1886 vultum,
3014 1838 3122 1878 non
3175 1830 3444 1880 mentem'

169 1892 267 1943 καὶ
295 1892 357 1944 τὸ
385 1891 532 1946 ἔσται
556 1893 863 1966 λεγόμενον,
895 1896 990 1948 καὶ
1017 1896 1083 1949 τὸ
1109 1897 1351 1965 γέγονεν,
1388 1900 1613 1954 αὐτόθεν
1656 1902 1714 1968 ἐξ

1848 1910 2083 1980 amplius
2107 1913 2352 1969 eamdem
2382 1914 2713 1970 retinentes?
2739 1914 2950 1985 Quippe
2998 1928 3100 1969 nec
3146 1914 3264 1969 sine
3289 1929 3413 1969 mu-

169 1982 503 2052 ομολόγ-ησίς
553 1986 666 2036 ἐστι
715 1982 809 2037 τοῦ
838 1986 911 2056 μὴ
940 1986 1109 2049 ὄντος.
1159 1988 1231 2040 Τὸ
1261 1987 1369 2058 γὰρ
1401 1990 1459 2042 ἐν
1506 1989 1580 2059 τῷ
1610 1985 1746 2044 εἶναι

169 2073 401 2145 μηδέπω
434 2075 543 2146 (60)
577 2077 816 2146 γεγονὸς,
858 2078 891 2149 ἢ
932 2080 1280 2149 πεπαυμένον
1314 2080 1413 2151 ἤδη
1458 2081 1551 2134 τοῦ
1584 2079 1743 2146 εἶναι,

165 2164 371 2234 λέγειν,
410 2167 485 2232 ὡς
529 2167 693 2233 ἐστιν,
740 2168 933 2241 εὔηθες
974 2171 1068 2223 καὶ
1100 2170 1316 2224 ἄτοπον.
1360 2172 1446 2226 Ἐν
1474 2167 1519 2241 ᾧ
1549 2173 1606 2226 δὲ
1639 2174 1744 2245 μά-

165 2257 329 2310 λιστα
356 2258 454 2330 τὴν
502 2258 685 2331 νόησιν
724 2260 1093 2331 ἐπερείδοντες
1154 2261 1247 2315 τοῦ
1295 2262 1507 2335 χρόνου,
1556 2264 1617 2316 τὸ
1654 2266 1744 2318 ἐν·

163 2345 387 2417 έστηκε,
439 2350 532 2401 καὶ
582 2350 643 2402 τὸ
693 2352 946 2422 πάρεστι,
990 2351 1083 2404 καὶ
1125 2351 1186 2404 τὸ
1235 2352 1329 2405 νῦν
1361 2354 1741 2426 φθεγγόμεθα,

160 2439 309 2491 τοῦτ’
346 2435 414 2492 αὖ
450 2439 609 2493 πάλιν
653 2441 976 2512 ἐκλυόμενος
1001 2441 1110 2512 (61)
1152 2444 1180 2496 ὁ
1217 2443 1375 2510 λόγος
1414 2446 1738 2501 ἀπόλλυσινο

159 2530 469 2584 ἐκθλίϐεται
506 2534 612 2604 γὰρ
643 2532 755 2603 (62)
782 2536 863 2596 εἰς
895 2534 955 2586 τὸ
987 2534 1176 2605 μέλλον
1203 2535 1381 2588 καὶτὸ
1416 2538 1742 2610 παρῳχημέ-

158 2640 270 2686 νον,
305 2621 494 2694 ὥσπερ
524 2624 665 2695 αὐγὴ
697 2624 806 2696 (65)
850 2624 1190 2696 βουλομένοις
1227 2627 1375 2693 ἰδεῖν,
1408 2627 1466 2693 ἐξ
1492 2629 1738 2702 ἀνάγκης

156 2713 521 2785 διιστάμενον.
552 2716 615 2768 El
657 2715 712 2769 δὲ
748 2716 857 2787 (64)
899 2718 1070 2770 ταυτα
1099 2717 1176 2786 τῷ
1220 2718 1502 2789 μετροῦντι
1534 2721 1738 2780 πέπον-

154 2804 248 2858 θεν
273 2808 307 2877 ἡ
340 2807 681 2878 μετρουμένη
716 2807 827 2879 (65)
860 2809 1040 2878 φύσις,
1077 2810 1197 2863 οὐδέ
1237 2810 1372 2881 αὑτὴ
1403 2812 1563 2882 μόνον
1599 2814 1732 2889 (66),

152 2897 277 2950 οὐδὲ
329 2898 388 2950 δν
439 2903 570 2961 ἐστι,
618 2899 756 2953 ἀλλὰ
809 2901 1066 2972 γινομένη
1117 2900 1228 2971 (67)
1279 2903 1372 2954 καὶ
1405 2902 1731 2980 φθειρομένη

150 2990 298 3043 κατὰ
335 2990 434 3062 τὴν
473 2992 607 3063 πρὸς
649 2991 739 3044 τὸν
775 2993 961 3063 χρόνον
1011 2992 1353 3063 συννέμησιν.
1386 2995 1544 3061 Ὅθεν
1581 2999 1732 3053 οὐδὲν

148 3081 394 3135 τοιοῦτον
428 3082 536 3153 (68)
583 3087 724 3139 ἔστιν
766 3084 857 3136 ἐπὶ
890 3082 983 3136 τοῦ
1025 3084 1175 3148 ὄντος
1220 3085 1418 3154 λέγειν,
1465 3087 1540 3151 ὡς
1570 3083 1659 3159 ἦν,
1694 3088 1729 3161 ἢ

149 3175 338 3229 ἔσται·
384 3176 555 3229 ταῦτα
590 3177 698 3248 γὰρ
734 3176 1006 3245 ἐγκλίσεις
1051 3176 1214 3243 τινὲς,
1251 3180 1345 3231 καὶ
1380 3180 1726 3249 μεταϐάσεις,

146 3267 247 3320 καὶ
272 3267 632 3338 παραλλάξεις
665 3268 757 3321 τοῦ
800 3268 979 3339 μένειν
1005 3270 1061 3320 ἐν
1092 3268 1171 3340 τῷ
1206 3265 1344 3323 εἶναι
1377 3270 1451 3342 μὴ
1484 3274 1721 3343 πεφυκό-

142 3375 258 3422 τος.
307 3359 445 3412 Ἀλλ’
484 3358 628 3412 ἐστιν
654 3362 683 3412 ό
717 3359 867 3424 Θεὸς,
899 3362 946 3413 εί
987 3360 1090 3432 χρὴ
1126 3360 1235 3433 (69)
1264 3363 1448 3430 φάναι,
1483 3367 1577 3417 καὶ
1606 3364 1721 3420 ἐστι

142 3452 268 3503 κατ’
297 3450 485 3504 οὐδένα
505 3452 713 3522 χρόνον,
756 3452 891 3505 ἀλλὰ
922 3452 1061 3507 κατὰ
1092 3453 1182 3506 τὸν
1214 3453 1383 3508 αἰῶνα
1411 3454 1501 3508 τὸν
1531 3455 1721 3528 ἀκίνη.

140 3557 235 3593 τον
286 3542 381 3595 καὶ
426 3543 670 3613 ἄχρονον,
714 3544 809 3598 καὶ
851 3545 1183 3616 ἀνέγκλητον
1222 3554 1271 3610 δ’,
1303 3547 1397 3600 καὶ
1427 3540 1488 3600 οὗ
1528 3548 1720 3619 πρότε-

144 3650 240 3705 ρον
273 3633 384 3704 (70)
414 3634 563 3687 οὐδέν
592 3636 758 3700 ἐστιν,
784 3634 903 3689 οὐδὲ
932 3635 1175 3707 ὕστερον,
1202 3636 1324 3690 οὐδὲ
1356 3637 1567 3709 μέλλον,
1594 3640 1716 3694 οὐδὲ

210 3777 243 3809 ι
280 3765 444 3821 Forte
478 3766 810 3835 ἀνέγκλιτον.

136 3902 368 3956 materia
412 3917 549 3969 ipsa,
596 3918 773 3973 primo
798 3902 1064 3974 δεξαμένη
1084 3943 1097 3967 ,
1130 3915 1240 3958 tum
1289 3904 1582 3975 ἐκμαγεῖον
1609 3921 1711 3964 vo-

136 3982 317 4025 catur.

208 4041 322 4115 (58)
354 4043 820 4115 Καὶ-κινουμένῃ
852 4039 1247 4112 συμφανταζ,
1285 4051 1390 4098 etc.
1418 4041 1503 4115 ‘_Ita
1549 4058 1708 4115 repo-

134 4113 353 4166 suimus
383 4130 448 4185 ex
470 4112 783 4185 PlutarCho.
808 4112 931 4169 cum
961 4128 1244 4185 perperam
1271 4122 1395 4169 aute
1417 4112 1704 4185 legeretur,

128 4189 159 4255 ἠ
201 4183 521 4255 κινουμένη,
539 4184 951 4255 φανταζόμενον
980 4181 1096 4254 ὅλη.

202 4252 319 4321 (59)
361 4250 464 4324 Ἓξ
490 4250 587 4310 οὗ.
619 4250 807 4308 Melius
832 4250 1323 4321 abesset'praepos.
1354 4250 1432 4317 ἐξ,
1465 4261 1526 4307 ut
1562 4255 1704 4324 apud

128 4318 412 4393 Plutarch.
446 4324 795 4393 expungitur.

200 4391 314 4460 (ΕΟ)
349 4388 731 4457 Μηδέπω.’1(ι
781 4394 944 4448 etiam
990 4407 1113 4447 cum
1165 4388 1459 4445 Plutarcho
1507 4394 1697 4457 malui,

125 4476 293 4530 quam
331 4462 618 4532 μηδέποτε,
651 4464 793 4532 quod
826 4464 1020 4518 melius
1048 4477 1172 4517 cum
1195 4461 1319 4532 ήδη,
1346 4461 1491 4531 quod
1520 4466 1700 4534 sequi-

126 4540 236 4593 tur,
268 4535 533 4586 committi
566 4534 853 4587 videretur.

195 4600 311 4669 (6|)
362 4602 690 4671 Ἐκλυόμεν

124 4672 269 4739 apud
294 4670 585 4727 Plutarch.
605 4674 950 4741 prietulerim,
977 4673 1114 4740 ἄγαν
1158 4671 1497 4741 ἐκδυόμενος.
1529 4670 1694 4726 Eam-

125 4742 243 4794 dem
280 4754 502 4797 secutus
527 4744 735 4796 videtur
764 4742 939 4797 Latin.
964 4744 1250 4811 interpres,
1281 4758 1405 4796 cum
1442 4743 1691 4809 reddidit,

122 4813 490 4878 elanguescens
522 4814 656 4865 ratio
696 4814 885 4877 perdit.
919 4814 984 4865 At
1029 4812 1232 4867 Gallico
1267 4827 1374 4865 non
1423 4812 1553 4866 satis
1584 4812 1690 4878 hic,

122 4885 351 4948 Opinor,
400 4897 525 4936 cum
577 4893 798 4938 auctore
825 4885 1101 4939 convenit.
1139 4884 1230 4952 qui
1270 4881 1348 4952 sic
1372 4880 1531 4935 vertit
1564 4899 1576 4934 :
1615 4881 1692 4936 La

122 4952 299 5004 mium
346 4952 394 5006 Ie
437 4954 777 5008 descouvrant
821 4951 1176 5017 incontinent,
1228 4952 1274 5006 le
1315 4951 1539 5006 destruit
1580 4961 1691 5006 teut

117 5037 209 5091 sur
222 5021 287 5091 ,ιβ
307 5024 515 5091 clmmp.

184 5089 300 5161 (62)
343 5089 709 5164 Ἐκθλίϐεται
729 5092 860 5164 γάρ.
886 5093 1165 5163 Tempus?
1192 5108 1261 5147 an
1292 5092 1470 5150 ratio?
1499 5094 1690 5151 Poste-

115 5161 232 5233 rius
266 5162 454 5227 malui,
486 5164 556 5218 ob
600 5161 911 5233 sequentem
941 5180 1005 5219 ex
1025 5161 1158 5218 ‘visu
1202 5165 1682 5233 comparationem.

114 5231 369 5286 Amiotus
400 5242 578 5288 tamen
607 5231 691 5289 ad'
720 5245 931 5304 tempus
964 5235 1181 5295 retulit,
1209 5231 1354 5301 quod
1390 5238 1553 5289 etiam
1593 5250 1686 5290 ve-

116 5315 238 5355 reor
292 5311 367 5372 ut
397 5305 529 5357 satis
554 5319 681 5358 cum
725 5304 991 5372 superiori
1026 5304 1268 5358 membro
1301 5304 1591 5368 cohmreat,
1627 5307 1683 5361 in

111 5386 220 5439 quo
248 5371 509 5426 ἀπόλλυσι
537 5371 1064 5440 νει-ιετοιίάεεενιιὶι,
1116 5374 1217 5428 hoc
1245 5379 1347 5442 est,
1376 5375 1609 5442 perimit.

176 5442 295 5517 (65)
322 5442 543 5517 ’Ὠσπερ
589 5443 766 5515 αὐγή,
804 5456 917 5517 etc.
968 5443 1243 5517 Plutarch.
1292 5441 1679 5517 {qupdxpﬁ

111 5508 434 5579 βουλόμενος
465 5508 608 5574 ἰδεῖν,
642 5508 745 5569 eic.
792 5512 926 5580 Quae
972 5514 1273 5569 tmdissima
1304 5508 1681 5570 labes'doctis:

109 5583 249 5637 simo
293 5594 347 5638 et
395 5585 796 5652 elegantissimo
824 5585 1041 5639 Amioto
1076 5583 1354 5652 imposuit.
1390 5584 1482 5639 Sic
1530 5586 1676 5638 enim

108 5652 218 5718 ille,
251 5670 451 5707 eamme
477 5655 524 5708 le
556 5656 763 5708 caulam
795 5656 935 5708 vcoir
961 5655 1387 5707 necessairement
1414 5663 1677 5725 mesparty

105 5737 169 5774 en
192 5725 355 5789 deum,
388 5725 442 5778 id
485 5734 569 5780 est
593 5725 907 5795 quasiduas
937 5725 992 5776 in
1024 5734 1199 5792 partes
1235 5725 1676 5795 Anecegsariodis-

107 5804 334 5848 tractum
381 5795 553 5848 videre
578 5792 716 5850 velit.
750 5794 944 5848 Latino
969 5793 1247 5863 interpreti
1274 5794 1340 5847 de
1366 5792 1670 5848 Eusebiana

102 5864 336 5923 lectione
384 5864 591 5923 aliquid
637 5866 971 5921 suboluerat.
1006 5863 1073 5920 Et
1117 5864 1285 5920 altera
1337 5863 1517 5932 lectio,
1547 5879 1672 5927 quae

691 4620 776 4669 ος.
826 4602 976 4657 Hanc
1022 4603 1305 4656 lectionem
1345 4601 1574 4670 vulgatae
1619 4603 1697 4658 illi
1727 4587 1776 4645 Ι)

1846 2003 2072 2069 tatione,
2127 2012 2276 2059 tanta
2328 2019 2512 2060 rerum
2563 2006 2620 2060 in
2670 2019 2947 2075 quoquam
3001 2004 3256 2071 varietas,
3309 2017 3412 2061 nec

1845 2088 1915 2155 is,
1946 2092 2051 2162 qui'
2079 2103 2336 2154 mutatur.
2380 2094 2524 2150 idem
2573 2110 2697 2151 esse
2740 2103 2936 2165 potest.
2992 2093 3136 2150 Idem
3166 2108 3332 2164 porro
3359 2094 3409 2150 si

1844 2196 1953 2237 non
1980 2192 2084 2248 est,
2111 2199 2180 2239 ne
2209 2193 2293 2242 est
2327 2187 2440 2256 ipse
2490 2185 2733 2257 quidem,
2779 2187 2874 2243 sed
2914 2202 2981 2242 ex
3018 2186 3276 2242 continua
3323 2185 3411 2242 sui

1844 2276 2143 2331 mutatione
2187 2277 2322 2332 alter
2360 2278 2588 2335 subinde
2621 2278 2683 2334 ﬁt
2721 2295 2788 2336 ex
2844 2280 3036 2335 altero.
3090 2277 3296 2334 Sensus
3327 2279 3412 2333 in-

1842 2376 2025 2435 terea,
2083 2368 2247 2440 529
2296 2371 2554 2440 quoniam
2608 2364 2748 2438 ejus,
2802 2369 2950 2441 quod
3003 2379 3105 2436 est,
3153 2379 3406 2425 naturam

1841 2457 2096 2530 ignorat,
2151 2461 2298 2529 quod
2350 2476 2472 2516 esse
2524 2461 2703 2517 adhuc
2756 2461 2991 2527 videtur,
3026 2459 3079 2515 id
3132 2468 3217 2515 est
3268 2458 3407 2515 falso

1840 2550 2120 2618 opinatur.
2158 2547 2367 2619 Ecquid
2416 2549 2582 2620 igitur
2613 2549 2750 2604 illud
2782 2560 2887 2616 est,
2930 2549 3077 2619 quod
3114 2564 3241 2605 vere
3284 2550 3406 2606 est?

1839 2634 1896 2689 Id
1931 2653 2099 2691 unum
2131 2638 2322 2707 utique
2363 2638 2509 2707 quod
2542 2639 2936 2706 sempiternum
2968 2645 3074 2702 est,
3105 2638 3249 2707 quod
3279 2647 3406 2693 ortu

1838 2725 2171 2799 interimque
2207 2737 2380 2791 caret,
2416 2727 2505 2782 cui
2548 2728 2759 2784 nullum
2792 2736 3008 2797 tempus
3044 2728 3402 2783 mutationem

1835 2816 2012 2873 affert.
2048 2817 2144 2873 Est
2173 2818 2317 2873 enim
2353 2819 2578 2874 omnino
2617 2828 2832 2889 tempus
2866 2818 3068 2873 mobile
3104 2818 3360 2889 quiddam
3381 2858 3398 2884 ,

1834 2907 2087 2976 quodque
2120 2907 2284 2962 simul
2313 2924 2437 2962 cum
2464 2908 2653 2964 mobili
2686 2909 2910 2964 materia
2946 2925 3162 2980 semper
3201 2909 3396 2978 ﬂuens,

1833 3013 1901 3053 ac
1942 2999 2079 3053 nihil
2122 3016 2355 3070 usquam
2394 3000 2669 3057 ﬁrmitatis
2715 3002 2960 3069 habens,
3013 3003 3094 3058 sic
3139 3013 3397 3074 tanquam

1833 3102 1928 3142 vas
1976 3089 2198 3159 aliquod
2255 3090 2509 3146 interitus
2557 3098 2842 3161 ortusque,
2898 3092 3188 3162 cogitatur.
3227 3092 3399 3164 Cujus

1831 3179 2078 3247 profecto
2126 3181 2211 3235 vel
2261 3182 2651 3252 appellationes
2694 3183 2826 3251 ipsa:
2857 3184 3156 3252 posterius,
3208 3184 3395 3254 prius,

1828 3270 1951 3334 erit,
1989 3271 2113 3346 fuit,
2157 3272 2288 3326 illud
2324 3288 2435 3326 non
2468 3287 2589 3328 esse
2618 3273 2798 3342 palam
2843 3288 2907 3327 ac
2938 3288 3035 3343 per
3067 3289 3199 3335 sese.
3224 3274 3396 3331 conti-

1828 3371 2030 3418 tentur.
2065 3359 2202 3415 Nam
2236 3361 2382 3430 quod
2423 3361 2508 3417 vel
2540 3361 2782 3416 nondum
2826 3360 3018 3415 habuit
3052 3370 3112 3417 ut
3160 3363 3263 3430 sit,
3309 3363 3394 3417 vel

1820 3456 1933 3526 jam
1983 3467 2107 3509 esse
2154 3452 2341 3518 desiit,
2390 3451 2445 3508 id
2477 3467 2619 3517 esse,
2662 3466 2772 3507 non
2819 3452 2925 3508 nisi
2973 3452 3168 3509 stolide
3194 3454 3391 3510 absur-

1824 3547 1998 3618 deque
2026 3548 2200 3603 dicas.
2235 3544 2382 3613 Quin
2413 3545 2581 3600 etiam
2604 3544 2738 3599 illud
2772 3545 2975 3616 ipsum,
3010 3560 3121 3615 quo
3152 3546 3389 3601 maxime

1823 3640 2083 3712 temporis
2128 3638 2515 3711 cogitationem
2547 3638 2886 3694 sustinemus
2907 3646 3072 3708 atque
3108 3637 3386 3705 fulcimus,

1816 3900 1960 3975 apud
2003 3900 2187 3975 eumd.
2212 3898 2514 3975 _Plutarch.
2562 3898 2803 3965 an‘ertur,
2834 3896 2900 3952 ἄν
2947 3900 3019 3971 γῇ
3059 3913 3175 3975 pro_
3204 3899 3383 3975 ἀκμῇ,

1814 3970 1941 4027 licet
1985 3974 2147 4025 etiam
2195 3971 2518 4041 depravata,
2571 3978 2772 4025 nostra:
2799 3969 3243 4041 tamenpropior
3274 3969 3380 4039 est,

1813 4056 1978 4110 quam
2016 4039 2561 4110 vulgataa."l‘_antum,
2609 4048 2871 4109 sequente
2913 4054 3101 4108 versu,
3149 4040 3381 4098 libenter

1813 4057 1978 4110 quam
2016 4057 2267 4163 vulgatae.
2310 4057 2451 4093 ιεηιι

1811 4110 2055 4181 legerim,
2082 4128 2113 4164 τ
2148 4110 2225 4181 ἐξ
2255 4106 2451 4181 ἀῌνάγκ.

1808 4178 1993 4304 mittil;
2022 4182 2090 4305 (ξι
2133 4179 2221 4236 δέ.
2273 4178 2365 4235 Sic
2410 4180 2695 4251 legendum
2720 4220 2737 4247 ,
2785 4192 2897 4234 non
2938 4179 2968 4232 ὁ
3009 4178 3088 4246 δέ,
3132 4189 3192 4237 ut
3233 4181 3378 4253 apud

1875 4267 1906 4304 u
1934 4267 2026 4305 arc
2070 4289 2085 4305 .

1875 4260 2085 4306 utarch.

1879 4320 1990 4397 (65)
2029 4318 2503 4443 Ἠέιιετρουμέγη.
2535 4317 2682 4400 _Hinc
2708 4318 2871 4374 etiam
2900 4317 3106 4378 ftedum
3132 4334 3373 4377 errorem

1885 4391 1954 4443 le.
1984 4390 2015 4443 ἢ
2057 4409 2093 4443 υ.
2125 4408 2250 4443 τοον
2294 4390 2414 4443 μέν.
2456 4406 2549 4443 aut
2597 4389 2739 4443 apud
2785 4404 3046 4443 excusum
3095 4388 3371 4443 Plutarch.

1808 4391 1954 4464 tolle,
1973 4388 2016 4462 ἢ
2056 4388 2250 4464 μέτρον
2290 4388 2414 4461 μέν,
2456 4390 2549 4460 qui
2597 4389 2739 4464 apud
2781 4388 3371 4464 _excusum__Plutarch.

1806 4459 2139 4532 inveteravit,
2162 4459 2275 4516 'nec
2298 4459 2490 4516 tamen
2522 4459 2750 4515 eruditis
2780 4459 3165 4530 interpretibus
3202 4462 3374 4532 impo-

1804 4539 1982 4669 ευίὲδ)
2014 4599 2168 4655 οὐδὲ
2199 4598 2352 4667 αὐτὴ
2372 4599 2582 4668 μόνον.
2613 4597 2855 4653 Mutuam
2880 4596 3208 4669 Plutarchus
3241 4615 3373 4669 ope-

1797 4684 1916 4723 ram
1973 4672 2301 4739 commodat,
2356 4669 2499 4739 apud
2551 4684 2711 4738 quem
2765 4678 2923 4739 recte
2955 4668 3173 4738 legitur,
3221 4668 3372 4724 οὐδὲν

1794 4739 1961 4812 αὐτῆς
1996 4740 2174 4811 μένον.
2226 4738 2343 4795 Nisi
2390 4737 2581 4802 inalis,
2632 4739 2752 4792 οὐδὲ
2805 4737 2950 4862 αὐτὶ
2982 4738 3179 4859 μένον,
3224 4744 3367 4809 quod

1794 4807 1932 4862 forte
1961 4810 2155 4862 melius
2191 4825 2315 4862 cum
2347 4809 2593 4862 seauenti
2622 4808 2889 4862 membro.
2951 4807 2981 4861 λ
3014 4808 3049 4862 ὰ
3080 4808 3364 4862 γινομένη.

1793 4807 1932 4863 forte
1961 4807 2155 4865 nielius
2191 4825 2315 4865 cum
2347 4809 2593 4879 sequenti
2622 4808 2889 4872 membro,
2914 4807 3049 4862 ἀλλὰ
3080 4807 3364 4879 γινομένη,

1794 4894 1931 4934 COD!
1937 4889 2133 4933 rueret.

1863 4946 1975 5018 (6‘7)
2011 4947 2195 5018 Ἀλλὰ,
2215 4947 2517 5018 γινομένη.
2551 4946 2884 5018 Plutarchus
2910 4946 3066 5013 ἀλλὰ,
3091 4948 3365 5018 γινόμενα

1790 5016 1986 5090 πάντα,
2018 5016 2490 5090 καὶ-φθειρόμενα,
2520 5016 2640 5073 κατ’
2671 5016 2860 5090 αὐτὴν,
2890 5017 3025 5090 πρὸς
3054 5016 3147 5071 τὸν
3173 5016 3363 5089 χρόνον

1790 5035 1986 5081 παντα,
2018 5035 2111 5073 και
2140 5035 2604 5141 φυειροὲεναηκω

1789 5089 2072 5160 συνεμίγη.
2108 5088 2289 5160 Placet
2365 5090 2604 5160 useinus.

1859 5154 1968 5231 (68)
1994 5154 2207 5212 Ὀὐδὲν
2260 5157 2548 5213 τοιοῦτον.
2607 5156 2771 5215 Recte
2824 5156 3154 5213 Plutarchus
3178 5194 3194 5220 ,
3248 5154 3360 5210 οὐδ’

1784 5230 1966 5370 ὄσῗὲδ)
1999 5300 2072 5355 El
2102 5296 2241 5369 χρή.
2274 5295 2438 5353 Tollit
2473 5297 2797 5369 particulam
2831 5298 2881 5351 ei
2921 5293 3270 5361 Plutarchus,
3301 5301 3348 5349 et

1782 5377 1947 5426 recte.

1845 5440 1966 5520 (79)
2007 5438 2123 5520 ξ(φρ
2280 5438 2586 5520 πρόξερον.
2614 5435 2762 5520 ‘Haac
2807 5446 2860 5491 et
2902 5436 3188 5520 sequentia
3202 5435 3355 5517 ,περὶ

1778 5503 1872 5565 τοῦ
1900 5503 2036 5585 Θεοῆ
2059 5503 2374 5585 dicuntur'a
2394 5503 2701 5585 Plutarcho,
2727 5521 2838 5561 non
2868 5503 2997 5585 περῖ
3017 5503 3112 5585 τοῦ
3135 5503 3349 5585 αίῷνος,
3388 5558 3399 5575 ,

1779 5588 1841 5634 ut
1881 5579 2210 5634 existimavit
2260 5578 2484 5633 Latinus
2520 5578 2806 5646 interpres.
2854 5574 3103 5646 Amiotus
3122 5574 3349 5646 quidem

1777 5650 1844 5704 ad
1873 5648 2040 5703 Deum
2090 5649 2297 5714 retulit,
2330 5647 2422 5701 sed
2454 5643 2679 5710 vereor;
2695 5655 2755 5701 ut
2798 5647 2931 5701 satis
2963 5660 3030 5698 ex
3071 5643 3349 5700 Plutarchi

1775 5730 1956 5775 mente
1985 5718 2294 5781 reddiderit,
2323 5718 2512 5771 devant
2544 5715 2710 5787 teque!
2736 5717 2849 5771 rien
2876 5716 3028 5779 n’est,
3056 5715 3109 5770 id
3135 5724 3222 5787 est
3243 5729 3350 5782 quo

1773 5792 1920 5860 prius
1960 5788 2092 5842 nihil
2124 5798 2220 5841 est.
2254 5789 2429 5860 Atque
2461 5787 2602 5860 idin
2645 5801 2810 5860 causa
2837 5795 2953 5852 est,
2988 5786 3346 5860 quamobrem

1775 5855 1980 5917 Gallica
2009 5871 2244 5931 sequens
2267 5857 2651 5933 oratio‘minus
2674 5856 2949 5913 cohaerere
2977 5855 3275 5926 videatur”
3326 5925 3361 5938 η
