3826 6232
469 334 539 389 '79
1090 323 1359 382 EUSEBII
1396 320 1872 381 CESARIENSIS
1911 320 1980 377 Οῐ

2147 314 2275 372 ΑΗΒ
2308 315 2372 370 ll.
2412 346 2482 357 --
2515 311 3016 370 APOLOGETICA.
3430 272 3461 307 ί
3552 308 3658 369 ssc

428 454 560 510 dum
589 450 676 507 vel
708 450 936 515 instans,
970 446 1057 502 vel
1097 460 1356 516 praesens,
1405 445 1488 499 vel
1528 460 1673 499 nunc
1715 445 1939 499 dicimus

2145 437 2507 509 ιρῳχημένον,
2567 434 2686 488 οὐδὲ
2739 432 3125 505 πρεσϐύτερον,
3193 432 3311 485 οὐδὲ
3366 429 3656 504 νεώτερον·

428 542 606 601 soluta
633 542 1002 612 dissipataque
1022 538 1163 593 ratio
1191 535 1478 591 confestim
1511 536 1738 590 amittit:
1766 536 1939 605 perint

2155 529 2204 582 λ’
2238 524 2318 592 εἷς
2362 526 2457 591 ὢν,
2498 528 2578 580 ἐνὶ
2618 525 2695 597 τῷ
2726 517 2822 579 νῦν
2846 526 2904 578 τὸ
2933 525 3017 578 ἀεὶ
3046 525 3372 596 πεπλήρωκε
3396 540 3410 555 ⁸
3439 525 3534 577 καὶ
3568 525 3666 595 μό-

429 636 577 693 enim
606 634 662 688 in
710 632 954 688 futurum
989 646 1054 685 ac
1095 630 1432 700 pratteritum
1476 628 1611 682 elisa
1642 626 1935 682 distrahitu

2154 638 2177 674 ν
2209 619 2326 673 ἐστὶ
2363 619 2424 671 τὸ
2462 620 2583 672 κατ’
2629 616 2759 670 αὐτὸ
2797 616 2906 684 (71)
2937 616 3104 680 ὅντως
3142 614 3222 676 ὃν,
3256 615 3375 668 οὐδὲ
3421 614 3665 683 γεγονὸς,

430 733 493 781 ιιι
520 726 575 780 in
614 725 894 780 oculorum
928 721 1099 777 radiis
1134 736 1238 775 usu
1270 718 1438 783 venit,
1473 718 1519 773 si
1553 717 1677 786 quis
1706 716 1847 786 quod
1890 733 1941 769 ει

2155 712 2211 764 δὲ
2264 710 2541 780 ἐσόμενον,
2588 708 2709 761 οὐδὲ
2755 707 3077 779 ἀρξάμενον,
3128 706 3248 759 οὐδὲ
3301 706 3666 777 παυσόμενον.

430 815 663 886 quadam
713 814 1037 870 necessitate
1107 811 1440 881 disjunctum
1503 817 1666 878 atque
1714 807 1941 863 dIVUISIII

2162 816 2275 862 ιτως
2302 795 2395 851 οὖν
2421 798 2551 851 αὐτὸ
2571 797 2652 850 δεῖ
2674 796 2995 867 σεϐομένους
3016 796 3356 861 ἀσπάζεσθαι
3380 795 3475 848 καὶ
3500 811 3673 866 προσ-

429 882 535 972 εει,
568 907 622 961 id
652 906 819 963 semel
850 905 1048 961 intueri
1078 904 1225 958 velit.
1258 900 1377 956 Jam
1408 901 1452 957 si
1482 900 1668 955 eadem
1700 900 1836 969 ipsa,
1869 915 1940 967 qu

2157 890 2397 962 ὀρεύειν,
2428 889 2460 960 ἢ
2491 890 2583 942 xai.
2613 889 2679 959 νὴ
2704 888 2801 952 Δί’,
2830 888 2905 951 ὡς
2927 887 3055 941 ἔνιοι
3077 888 3184 941 τῶν
3207 887 3471 951 παλαιῶν,
3497 882 3563 940 Εἴ
3586 888 3668 940 ἓν.

427 996 660 1067 tempori
715 995 955 1051 metienti
999 993 1348 1054 conveniunt,
1398 1006 1485 1054 ea,
1537 1004 1700 1059 quam
1746 988 1933 1042 metitu

2163 992 2173 1036 i
2222 984 2330 1054 γὰρ
2364 982 2531 1036 πολλὰ
2557 982 2618 1033 τὸ
2647 980 2797 1034 Θεῖόν
2822 983 2988 1045 ἐστιν,
3023 981 3098 1043 ὡς
3128 983 3160 1050 ὴ
3171 979 3284 1050 μῶν
3322 980 3577 1044 ἕκαστος,
3610 981 3674 1032 ἐκ

428 1094 624 1143 natura
654 1086 864 1150 subeat,
892 1100 961 1141 ne
992 1084 1108 1153 ipsa
1139 1083 1358 1153 quidem
1388 1090 1481 1135 aut
1511 1088 1712 1142 manet,
1742 1087 1837 1133 aut
1865 1094 1939 1132 γε]

2158 1074 2308 1145 ›ρίων
2326 1072 2591 1145 διαφορῶν
2611 1073 2879 1142 ὲμπάθεσι
2900 1089 2924 1117 ι
2942 1072 3236 1142 γινομένων
3254 1071 3526 1145 ἄθροισμα
3547 1090 3669 1125 πανι

429 1186 537 1241 εει,
569 1176 663 1232 εεά
694 1184 857 1246 prout
897 1173 1129 1243 tempori
1164 1171 1552 1233 contribuitur,
1593 1169 1676 1223 vel
1720 1168 1940 1224 nascitu‘

2171 1170 2341 1233 ῑαπδν,
2369 1171 2461 1223 καὶ
2490 1169 2856 1240 πανηγυρικὸν
2882 1168 2911 1207 ιι
2944 1169 3295 1239 μεμιγμένον.
3338 1167 3473 1222 Ἀλλ’
3500 1167 3557 1219 ἓν
3602 1162 3682 1219 εἶ-

428 1269 515 1323 vel
547 1268 751 1323 interit.
787 1267 967 1332 Quare
1000 1263 1137 1318 nihil
1182 1261 1469 1332 ejusmodi,
1517 1260 1663 1330 quod
1708 1274 1804 1329 per
1841 1276 1939 1312 era.

2140 1280 2185 1315 ιι
2224 1261 2302 1314 δεῖ
2345 1261 2406 1314 τὸ
2454 1260 2535 1328 ὃν,
2580 1260 2767 1331 ὥσπερ
2796 1258 2854 1312 ὃν
2892 1257 2951 1311 τὸ
2979 1259 3037 1311 ἓν
3058 1276 3071 1288 ·
3100 1262 3133 1330 ἡ
3161 1259 3217 1312 δὲ
3248 1258 3522 1329 ἑτερότης,
3555 1257 3651 1311 δια

430 1358 666 1423 velerit,
713 1356 1066 1427 significetur,
1103 1354 1170 1408 de
1199 1366 1265 1407 eo
1306 1350 1451 1418 quod
1484 1357 1588 1416 est,
1630 1349 1739 1403 dici
1784 1358 1941 1419 queat

2140 1351 2240 1424 ορὰ
2271 1351 2365 1405 τοῦ
2413 1352 2584 1416 ὄντος,
2632 1352 2711 1416 εἰς
2749 1351 2959 1420 γένεσιν
3004 1349 3279 1416 ἐξίσταται
3323 1348 3417 1403 τοῦ
3460 1349 3536 1419 μὴ
3587 1348 3650 1401 δν

429 1463 558 1505 cum
593 1448 699 1503 ista
749 1444 1017 1518 ejusmodi
1067 1445 1169 1511 rei,
1214 1457 1336 1513 quae
1365 1457 1459 1512 per
1488 1455 1609 1497 sese
1658 1439 1889 1494 ﬁrmiter
1938 1448 1993 1494 et
2096 1460 2207 1506 τος.
2250 1462 2267 1494 ι

431 1551 744 1600 constanter
793 1556 911 1597 esse
961 1555 1069 1596 non
1139 1544 1340 1609 potest,
1406 1536 1787 1591 inclinationes
1828 1534 2075 1605 quaedam
2116 1552 2210 1591 seu
2261 1536 2607 1606 trajectiones
2655 1537 3094 1607 deﬂexionesque
3143 1538 3271 1593 sint.
3316 1536 3385 1590 At
3439 1550 3566 1591 vero
3604 1536 3679 1589 ita

431 1633 593 1702 plane
634 1628 1006 1713 loquendum,
1076 1624 1218 1681 Deus
1261 1632 1366 1689 est,
1398 1638 1498 1678 nec
1537 1635 1715 1678 tamen
1762 1624 1878 1692 ipse
1925 1632 2165 1693 tempore
2224 1626 2337 1680 ullo
2392 1634 2494 1693 est,
2539 1626 2632 1682 sed
2687 1628 2987 1682 aeternitate
3030 1627 3323 1691 duntaxat,
3371 1642 3493 1693 quae
3523 1638 3680 1679 motu

432 1726 582 1782 omni
610 1726 867 1794 omnique
891 1730 1132 1791 tempore
1158 1719 1321 1775 simul
1368 1726 1425 1773 et
1452 1718 1802 1773 inclinatione
1849 1727 1999 1773 caret
2034 1725 2251 1789 :‘cu1us
2284 1735 2384 1775 nec
2435 1720 2586 1790 prius
2617 1721 2913 1791 quidquam
2946 1729 3049 1788 est,
3095 1736 3197 1775 nec
3235 1721 3533 1789 quidquam
3576 1733 3681 1788 po-

434 1822 653 1891 sterius,
683 1818 926 1875 futurum
958 1816 1114 1882 nihil,
1156 1815 1292 1868 nihil
1320 1816 1690 1884 praeteritum,
1731 1815 1998 1869 vetustius
2037 1815 2195 1880 nihil,
2237 1815 2482 1885 nihilque
2528 1815 2821 1871 recentius.
2884 1815 2990 1870 Sed
3030 1815 3121 1885 qui
3185 1830 3330 1869 unus
3372 1822 3476 1875 est,
3529 1811 3680 1866 idem

434 1925 547 1966 uno
593 1909 757 1964 etiam
815 1920 979 1969 nunc,
1028 1902 1345 1972 sempiterni
1394 1901 1735 1956 durationcm
1786 1901 1972 1970 implet
2013 1918 2027 1953 :
2069 1902 2314 1971 adeoque
2360 1904 2491 1957 illud
2540 1920 2709 1958 unum
2750 1912 2854 1968 est,
2896 1904 3040 1974 quod
3088 1919 3215 1959 vere
3256 1918 3356 1973 per
3415 1917 3536 1959 sese
3568 1911 3679 1967 est,

434 2015 545 2057 non
578 2006 759 2054 autem
816 2002 911 2050 aut
944 1993 1083 2061 fuit,
1145 2000 1238 2047 aut
1298 1991 1541 2046 futurum
1596 2000 1714 2056 est;
1756 1991 2213 2060 quemadmodum
2246 2009 2345 2048 nec
2379 1994 2673 2064 aliquando
2722 1996 2907 2066 cmpit,
2952 2010 3056 2051 nec
3098 2010 3337 2065 unquam
3370 1996 3679 2050 desiturum

434 2100 539 2149 est.
572 2090 665 2147 Sic
690 2089 851 2161 igitur
875 2088 1017 2143 idem
1072 2086 1252 2156 ipsum
1304 2084 1633 2150 venerando,
1683 2084 1921 2140 salutare
1949 2102 2071 2153 nos,
2111 2095 2164 2141 et
2195 2088 2466 2158 appellare
2497 2089 2673 2157 decet,
2721 2099 2816 2144 aut
2856 2090 3044 2145 saltem
3068 2131 3083 2156 ,
3118 2089 3205 2144 his
3250 2089 3459 2155 verbis,
3501 2088 3683 2144 Unum

435 2198 512 2247 es,
589 2181 644 2236 id
683 2178 828 2251 quod
876 2177 1184 2248 priscorum
1233 2175 1480 2231 nonnulli
1534 2173 1870 2230 factitabant.
1928 2175 2038 2233 Nec
2073 2179 2215 2233 enim
2274 2179 2431 2249 plura
2479 2180 2621 2236 Deus
2667 2191 2780 2247 est,
2822 2183 2901 2237 uti
2961 2190 3208 2237 nostrum
3272 2170 3681 2252 quilibet,'qui

437 2273 720 2345 congeries
767 2270 1013 2341 quaedam
1079 2282 1295 2334 sumus,
1355 2282 1421 2321 ex
1476 2266 1627 2320 omni
1678 2276 2057 2323 sexcentarum
2095 2270 2420 2325 varietatum
2475 2272 2709 2328 diversis
2776 2289 2842 2329 ex
2894 2274 3111 2329 casibus
3169 2274 3682 2345 mutationibusque

438 2368 778 2425 nascentium
829 2378 1044 2437 genere,
1082 2372 1137 2417 et
1167 2360 1402 2432 quadam
1435 2360 1601 2414 veluti
1635 2361 1986 2416 universitate
2021 2362 2251 2418 conﬂata
2314 2376 2479 2436 atque
2527 2366 2808 2437 permista.
2869 2366 2974 2422 Sed
3012 2383 3184 2422 unum
3236 2376 3449 2436 oportet
3476 2367 3531 2421 id
3549 2382 3683 2423 esse

439 2461 585 2531 quod
613 2469 714 2525 est,
744 2473 808 2513 ac
839 2455 1080 2511 vicissim
1150 2454 1203 2508 id
1259 2468 1383 2509 esse
1431 2453 1574 2517 quod
1609 2469 1776 2507 unum
1811 2464 1913 2508 est.
1946 2453 2081 2509 Nam
2120 2458 2348 2513 alterum
2387 2459 2518 2529 quid
2561 2459 2609 2514 si
2652 2460 2889 2527 additur,
2933 2460 3067 2515 illud
3100 2474 3231 2515 sane
3266 2468 3527 2528 tanquam
3557 2459 3683 2529 ejus

438 2555 582 2627 quod
629 2562 731 2621 est,
787 2550 1109 2615 differentia,
1156 2548 1223 2602 ad
1269 2548 1388 2616 ejus
1432 2548 1577 2619 quod
1610 2549 1815 2603 nullum
1864 2558 1965 2617 est,
2006 2554 2433 2620 procreationem
2476 2554 2728 2611 declinat.
2761 2576 2779 2608 ι
2813 2554 3086 2611 Hactenus
3114 2555 3439 2610 Plutarchus

1030 2640 1258 2697 CAPUT
1290 2640 1405 2697 xu.
2033 2658 2077 2711 Β

2033 2658 2077 2711 Β
2623 2652 2799 2703 ΚΕΦΑ
2809 2652 3018 2704 AAION
3060 2652 3157 2703 lB'.

721 2735 884 2790 Deum
915 2732 1082 2789 verbis
1112 2732 1371 2801 explicari
1405 2749 1509 2787 non
1550 2749 1723 2802 posse.

2535 2743 2651 2795 Ὀτι
2673 2742 2931 2811 ἇρῤητον
2964 2740 3026 2794 τὸ
3060 2742 3246 2795 Θεῖον.

513 2828 774 2885 Similiter
810 2843 935 2882 cum
976 2824 1191 2895 Moyses
1237 2837 1300 2878 ac
1341 2824 1615 2894 prophetae
1656 2822 2005 2879 Hebraeorum

2176 2829 2417 2893 Μωσέως
2459 2832 2552 2884 καὶ
2582 2832 2691 2885 τῶν
2720 2836 2849 2905 παρ’
2885 2833 3153 2905 Ἑϐραίοις
3194 2833 3489 2904 προφητῶν
3514 2833 3683 2887 ἁπάν-

442 2921 707 2987 universi,
743 2927 993 2973 naturam
1041 2914 1202 2985 530
1244 2914 1482 2969 divinam
1523 2916 1705 2971 verbis
1749 2916 1953 2984 explica

2175 2935 2214 2971 ιν
2247 2919 2481 2992 ἄρρητον
2509 2918 2647 2975 εἶναι
2675 2922 2735 2976 τὸ
2766 2923 2920 2977 Θεῖον
2941 2921 3316 2986 διδασκόντων,
3345 2922 3438 2974 καὶ
3465 2923 3570 2993 τῆς
3593 2925 3686 2995 ἁρ-

441 3030 551 3071 non
576 3028 737 3085 posse
760 3014 1012 3075 doceant,
1032 3011 1259 3081 ejusque
1281 3008 1543 3063 reconditi
1569 3008 1806 3063 nominis
1825 3024 1952 3077 quar

2173 3027 2281 3080 ιτου
2317 3014 2687 3086 προσηγορίας
2717 3014 2779 3067 τὸ
2802 3013 3066 3086 σύμϐολον
3093 3013 3182 3067 διὰ
3205 3013 3307 3084 τῆς
3338 3015 3469 3086 παρ’
3498 3015 3684 3075 αὐτοῖς

441 3109 568 3163 dam
597 3105 764 3161 veluti
793 3114 1006 3166 notam,
1043 3101 1330 3173 singulari,
1366 3114 1529 3169 quam
1568 3099 1787 3168 ipsimet
1815 3099 1948 3154 eﬂ‘er

2173 3106 2490 3174 πεκφωνήτου
2525 3104 2872 3177 σημειώσεως
2897 3106 3318 3175 ὑποφαινόντων,
3348 3105 3561 3169 τούτοις
3590 3107 3684 3159 καὶ

442 3216 556 3257 non
606 3198 855 3270 possint,
911 3196 1309 3256 elementorum
1369 3190 1754 3246 informatione
1810 3208 1953 3262 repr:

2175 3194 2394 3248 Πλάτων
2427 3197 2730 3267 συμφώνως
2773 3199 2953 3261 αὐτοῖς
2989 3199 3224 3269 ῥήμασιν
3258 3199 3317 3250 ὲν
3358 3201 3426 3269 τῇ
3472 3198 3686 3271 μεγάλῃ

446 3296 685 3354 sentent,
729 3287 934 3341 videsis
969 3300 1136 3354 quam
1191 3284 1332 3338 belle
1362 3280 1517 3336 Plato
1547 3297 1669 3336 cum
1723 3282 1913 3337 iisdem
1954 3285 1957 3336 ἐ

2175 3286 2362 3358 τιστολῇ
2400 3283 2489 3341 οἷά
2537 3304 2700 3357 φησιν
2740 3289 2935 3343 ἄκουε·
2988 3307 3006 3340 ι
3053 3289 3239 3360 Ῥητὸν
3283 3288 3392 3359 γὰρ
3435 3288 3686 3359 οὐδαμιιᾶ

444 3395 641 3450 magna
681 3379 772 3433 illa
797 3377 1028 3448 epistola
1078 3375 1407 3437 consentiat,
1442 3373 1570 3428 dum
1618 3373 1693 3427 ita
1724 3374 1955 3443 loquitur

2175 3394 2281 3439 τιν,
2306 3377 2381 3441 ὡς
2412 3378 2546 3432 ἄλλα
2595 3379 2909 3450 μαθήματα,
2935 3378 3049 3433 ἀλλ’
3074 3381 3138 3432 ὲκ
3170 3378 3365 3449 πολλῆς
3402 3379 3686 3443 συνουσίας

452 3491 473 3525 ‹
513 3470 627 3526 Νεε
654 3470 822 3533 enim,
868 3467 1067 3537 inquit,
1116 3466 1195 3519 uti
1231 3465 1443 3533 reliqua
1482 3462 1895 3532 disciplinarum
1928 3479 1959 3534 g

2178 3467 2399 3539 νομένης
2431 3487 2497 3522 πε
2508 3472 2559 3541 pi.
2578 3471 2639 3524 τὸ
2660 3472 2889 3543 πρᾶγμα
2913 3471 3062 3535 αὐτὸ,
3085 3471 3179 3524 καὶ
3205 3469 3299 3522 τοῦ
3331 3468 3523 3541 συζῆν,
3551 3470 3689 3537 ὲξαί-

447 3575 581 3615 nera
629 3559 827 3624 solent,
870 3557 979 3611 ulla
1015 3555 1230 3626 penitus
1271 3552 1502 3623 exprimi
1522 3553 1810 3607 verborum
1840 3552 1957 3622 sign

2175 3575 2252 3629 ἠς
2282 3555 2392 3612 οἷον
2420 3561 2529 3614 ἀπὸ
2574 3563 2745 3634 πυρὸς
2796 3562 3137 3633 πηδήσαντος
3184 3560 3415 3631 ἐξαφθὲν
3457 3561 3577 3630 φῶς
3620 3563 3686 3634 τῇ

447 3650 703 3707 ﬁcatione
731 3658 946 3720 potest:
993 3647 1085 3702 sed
1121 3656 1353 3713 tantum,
1389 3655 1513 3716 post
1544 3646 1759 3715 longam
1788 3659 1911 3699 cum
1946 3660 1958 3697 ι

2180 3654 2257 3721 ιχῇ
2286 3653 2593 3723 γενόμενον,
2628 3655 2759 3708 αὐτὸ
2795 3655 2956 3709 ἑαυτὸ
2990 3654 3087 3727 ἤδη
3115 3653 3322 3726 τρέφει.
3364 3671 3384 3705 ι
3430 3655 3543 3708 Ka‘t
3571 3655 3691 3711 τόδε

445 3745 573 3800 vitae
605 3740 1078 3803 consuetudinem,
1135 3746 1354 3809 repente
1406 3739 1591 3793 lumen
1643 3735 1883 3807 aliquod,
1935 3751 1956 3790 s

2234 3743 2326 3795 τοῦ
2395 3745 2572 3812 φωτὸς
2639 3746 2700 3799 τὸ
2772 3746 3121 3819 παράδειγμα
3182 3744 3470 3816 προλαϐὼν
3534 3745 3692 3808 ἄλλος

447 3845 708 3905 tanquam
734 3833 1021 3889 exsiliente
1068 3832 1190 3903 igne
1222 3845 1570 3896 succensum,
1614 3828 1705 3883 ubi
1743 3827 1911 3883 semel
1957 3846 1958 3849 η

2187 3832 2391 3904 ϐραίων
2444 3839 2729 3909 προφήτης
2787 3839 3129 3910 παρέστησεν
3180 3835 3350 3890 εἰπών
3388 3854 3401 3866 ·
3468 3856 3488 3889 ι
3534 3838 3693 3890 Ἐσηο

448 3927 693 3983 animum
749 3925 958 3989 incidit,
1008 3940 1067 3979 se
1117 3923 1238 3993 ipso
1284 3923 1540 3991 deinceps
1589 3920 1751 3974 alitur
1814 3927 1868 3973 et
1912 3919 1959 3989 gl

2181 3926 2323 3997 ιιώθη
2367 3928 2450 3996 ἐφ’
2492 3930 2638 4000 ἡμᾶς
2676 3930 2738 3984 τὸ
2785 3930 2899 3999 φῶς
2943 3931 3036 3983 τοῦ
3087 3930 3378 3999 προσώπου
3432 3946 3548 3994 σου,
3576 3928 3692 3983 Κύ-

452 4020 573 4074 εεὶι.
622 4035 643 4068 ι
700 4015 876 4086 Atque
919 4016 1062 4070 hanc
1100 3991 1262 4069 etiam
1307 4013 1531 4068 luminis
1576 4005 1963 4068 similitudine‘u

2182 4033 2200 4067 ε
2222 4033 2236 4047 ο
2272 3991 2432 4072 total.
2455 3991 2827 4085 adloquater
2922 4023 3009 4075 Ἐν
3053 3991 3145 4094 «33‘
3160 4023 3298 4091 φωτί
3325 4039 3421 4075 σου
3449 3991 3693 4092 ὀψόμεθα

453 4106 593 4162 alius
617 4105 968 4161 Hebraeorum
1002 4104 1390 4175 pr0phetarum
1423 4117 1534 4157 non
1562 4116 1724 4157 nemo
1749 4102 1860 4172 jam
1890 4111 2015 4157 ante
2121 4108 2256 4176 φῶς.
2301 4132 2321 4167 ι

454 4207 833 4269 occupaverat,
879 4199 966 4254 his
1003 4199 1206 4264 verbis,
1238 4218 1257 4250 ι
1298 4197 1580 4268 Signatum
1623 4204 1707 4252 est
1768 4212 1930 4267 super
1971 4214 2072 4255 nos
2110 4202 2291 4260 lumen
2353 4207 2532 4265 vultus
2571 4209 2670 4275 lui,
2716 4210 2941 4266 Domine
2965 4212 3007 4266 '.
3047 4230 3066 4263 ι
3103 4211 3347 4280 Itemque
3375 4210 3540 4277 alius,
3570 4228 3590 4260 ι
3635 4209 3694 4262 In

452 4296 658 4352 lumine
682 4303 796 4361 tuo,
851 4294 1044 4365 inquit,
1099 4294 1402 4348 videbimus
1429 4293 1612 4347 lumen
1639 4291 1680 4347 ‘.
1714 4311 1735 4344 ι

1037 4387 1265 4443 CAPUT
1303 4386 1443 4440 XIII.

2639 4395 2862 4447 ΚΕΦΑΛ
2871 4395 3031 4448 AION
3064 4395 3160 4448 ll".

808 4479 981 4536 Unum
1010 4498 1072 4534 ac
1115 4480 1284 4535 solum
1323 4496 1434 4534 esse
1470 4478 1662 4534 Deum.

2513 4484 2632 4537 Ὅτι
2664 4480 2918 4551 Θεὸςεῖς
2951 4486 3081 4539 ἐστι
3094 4488 3295 4554 μόνος.

524 4570 819 4639 Prseterea,
872 4587 997 4627 cum
1055 4571 1122 4626 de
1187 4570 1429 4625 universi
1479 4570 1828 4623 moderatore
1872 4569 2019 4637 Deo,

2194 4573 2434 4636 Μωσέως
2476 4573 2606 4644 περὶ
2645 4572 2740 4626 τοῦ
2776 4573 2883 4627 τῶν
2919 4574 3055 4627 ὅλων
3104 4573 3239 4627 Θεοῦ
3282 4575 3582 4644 φήσαντος,
3614 4573 3696 4629 ὅτι

455 4680 629 4723 unum
665 4662 878 4735 Moyses
928 4662 1095 4717 Deum
1140 4662 1292 4717 illum
1319 4676 1440 4717 esse
1484 4661 1835 4731 pronuntiet,
1895 4663 1962 4717 du

2186 4665 2257 4728 εὸς
2305 4658 2388 4729 εἷς
2436 4667 2552 4730 ἐστι
2596 4666 2783 4737 μόνος·
2834 4685 2852 4717 ι
2895 4667 3112 4734 Ἀκουε,
3145 4665 3384 4737 Ἰσραὴλ,
3420 4664 3629 4737 Κύριος
3666 4663 3697 4718 ὁ

458 4757 535 4812 ait
558 4756 602 4825 ',
652 4774 672 4808 ι
704 4754 867 4818 Audi,
903 4754 1086 4819 Israel,
1134 4753 1399 4808 Dominus
1447 4751 1591 4807 Deus
1635 4762 1847 4817 noster,
1909 4752 1969 4808 Dt

2183 4756 2256 4819 εὸς
2297 4756 2473 4827 ἡμῶν,
2522 4758 2725 4829 Κύριος
2766 4750 2847 4819 εἷς
2888 4757 3038 4811 ἐστι·
3086 4774 3105 4808 ι
3159 4756 3320 4810 πάλιν
3368 4756 3399 4808 ὁ
3446 4757 3694 4821 Πλάτων,

457 4848 638 4904 minus
666 4862 809 4903 unus
837 4855 940 4911 est,
977 4864 996 4898 ι
1024 4845 1179 4900 Plato
1209 4859 1403 4898 rursus
1433 4859 1555 4898 cum
1581 4859 1647 4898 eo
1668 4844 1966 4899 convenicn

2190 4846 2298 4918 ύτῳ
2342 4846 2666 4917 συντρέχων,
2706 4847 2803 4900 ἕνα
2842 4846 2973 4900 Θεὸν
3012 4842 3169 4913 εἶναι,
3208 4846 3285 4906 ὡς
3330 4845 3428 4899 καὶ
3468 4845 3699 4917 οὐρανὸν

456 4940 539 4995 uti
578 4940 776 4995 caelum
810 4953 1004 5004 unum,
1055 4938 1129 4991 ita
1163 4936 1335 4991 Deum
1368 4951 1540 4990 unum
1573 4951 1693 4990 esse
1726 4935 1927 4990 docens
1965 4952 1967 4957 ‘

2188 4954 2221 4990 a
2247 4937 2509 5000 διδάσκει,
2551 4931 2655 4991 ὧδέ
2685 4955 2761 5007 πη
2800 4937 2970 5006 λέγων
3009 4939 3065 4991 ὲν
3108 4937 3349 5006 Τιμαίῳο
3402 4954 3423 4988 ι
3460 4937 3699 5010 Πότερον

461 5031 694 5087 Timeo:
726 5049 744 5083 ι
769 5030 1003 5096 Rectene
1034 5029 1217 5100 igitur,
1252 5029 1447 5098 inquit,
1476 5026 1674 5083 caelum
1703 5044 1871 5082 unum
1900 5042 1972 5081 es:

2191 5044 2216 5079 ν
2248 5026 2423 5098 ὀρθῶς
2450 5027 2545 5081 ἕνα
2574 5026 2800 5101 οὐρανὸν
2831 5029 3257 5101 προειρήκαμεν,
3288 5027 3323 5097 ἦ
3355 5026 3589 5091 πολλοὺς
3610 5028 3702 5082 καὶ

457 5130 617 5177 antea
652 5122 964 5185 statuimus,
1012 5136 1081 5174 an
1110 5134 1239 5174 vero
1274 5118 1501 5182 multos,
1546 5117 1791 5188 adeoque
1840 5116 1968 5170 infin

2192 5117 2382 5189 εείρους
2409 5117 2590 5187 λέγειν
2616 5114 2684 5189 ἦν
2728 5119 3043 5191 όρθότερον;
3077 5120 3230 5184 Ἕνα,
3261 5117 3422 5189 εἰπερ
3450 5118 3598 5172 κατὰ
3641 5117 3703 5171 τὸ

460 5223 544 5268 tos
586 5212 835 5283 posuisse
872 5210 1206 5281 praestabat?
1257 5207 1439 5264 Unum
1493 5209 1716 5279 utique,
1760 5207 1807 5262 si
1859 5222 1971 5261 mor

2188 5207 2473 5279 ιρὰδειγμα
2498 5208 3023 5281 δεδημιουργημένος
3050 5209 3221 5263 ἔσται.
3251 5209 3327 5262 Τὸ
3371 5209 3485 5279 γὰρ
3541 5225 3699 5279 περι-

401 5358 411 5368 ,
458 5319 620 5359 suum
660 5305 729 5359 ad
775 5304 1051 5373 exemplar
1094 5299 1496 5357 conformatum
1545 5299 1679 5354 illud
1733 5313 1853 5354 esse
1890 5313 1912 5352 ε

2191 5314 2246 5349 ον
2277 5297 2455 5350 πάντα
2493 5299 2667 5353 ὁπόσα
2705 5300 2869 5370 νοητὰ
2908 5294 3043 5365 ζῶα,
3077 5299 3196 5372 μεθ’
3230 5299 3420 5369 ἑτέρου
3450 5298 3702 5371 δεύτερον

459 5396 724 5451 cedimus.
771 5394 927 5461 Quod
957 5409 1100 5448 enim
1132 5395 1438 5446 animantes
1480 5405 1674 5445 omnes
1719 5389 1970 5457 intelligei

2192 5406 2222 5441 κ
2252 5390 2315 5443 ἄν
2345 5407 2473 5443 ποτε
2502 5392 2611 5459 εἴη.
2650 5411 2668 5444 ι
2703 5391 2870 5463 Δῆλος
2884 5387 2955 5446 ’δέ
2982 5394 3128 5447 ἐστιν
3156 5390 3253 5447 ἕνα
3278 5390 3412 5447 Θεὸν
3442 5389 3627 5456 εἰδὼς,
3653 5388 3703 5445 ει

530 5512 553 5543 ⁵
587 5510 727 5567 Ρεαι.
770 5527 845 5578 tv,
887 5511 939 5565 7.
1013 5511 1035 5541 ⁸
1074 5509 1212 5564 Psal.
1256 5524 1413 5567 xxxv.
1461 5507 1546 5565 Ἠ).
1621 5506 1642 5537 ⁷
1682 5505 1837 5560 Deut.
1877 5521 1952 5569 vr,
1988 5505 2023 5559 4

1013 5511 1035 5541 ⁸
1074 5509 1212 5564 Psal.
1256 5524 1413 5567 xxxv.
1461 5507 1546 5565 Ἠ).
1621 5506 1642 5537 ⁷
1682 5505 1837 5560 Deut.
1877 5521 1952 5569 vr,
1988 5505 2023 5559 4
2109 5508 2129 5534 ’
2493 5473 2497 5477 1

534 5639 561 5665 ι
589 5627 671 5677 Pr.
698 5626 754 5677 ὲν
785 5624 1001 5709 τξάϐεσι.
1078 5624 1107 5663 δ
1140 5622 1227 5678 Pl.
1263 5618 1669 5688 πανηγυρικῶς.
1709 5636 1716 5649 ‘

534 5701 997 5787 (⁷1)Κατ”αὐτό.
1041 5708 1109 5772 Ει
1151 5715 1256 5772 hoc
1289 5711 1513 5778 rectius,
1556 5724 1720 5780 quam
1749 5718 1811 5766 ut
1852 5704 2045 5779 apud!

1199 5729 1256 5772 oc
1289 5711 1513 5778 rectius,
1556 5724 1720 5780 quam
1749 5718 1811 5766 ut
1852 5707 1994 5779 apud
2020 5704 2299 5763 Plutarch.
2330 5702 2471 5759 κατὰ
2501 5701 2710 5757 τοῦτον.
