3826 6232
127 373 219 431 £8]

1276 378 1598 435 ΡΗᾸΣΡΛΒ.
1642 375 1891 434 EVANG.
1928 378 2055 434 LIB.
2096 378 2192 434 XI.

3248 374 3355 431 88!

126 494 213 549 καὶ
253 494 495 565 συνήθως
527 497 772 571 Ἕλλησι,
805 502 869 571 τῇ
914 496 1022 552 τῶν
1061 500 1320 554 ¹πλειόνων
1361 500 1518 554 εῐωθε
1561 501 1678 574 χρῆι

1798 502 1870 555 tia
1917 501 2171 570 praeditas
2207 500 2618 570 complectatur,
2675 497 2729 552 id
2777 511 2909 553 sane
2958 511 3236 566 nunquam
3274 496 3357 552 al-

129 587 243 639 σθαι
275 589 613 661 προσηγορίᾳ
643 592 735 643 καὶ
756 591 863 644 ἀπὸ
892 592 989 662 τῆς
1020 591 1155 663 πρὸς
1183 591 1453 645 Διονύσιον
1482 592 1691 645 ἐπιστο-

126 677 238 749 λῆς,
269 681 327 732 ἐν
432 679 673 750 σύμϐολα
701 681 893 745 διδοὺς,
926 682 1033 735 τῶν
1063 700 1119 735 τε
1150 681 1237 735 διὰ
1283 682 1515 752 σπουδῆς
1543 681 1690 753 αύτῴ
1743 702 1753 711 “

126 771 475 841 γραφομένων
504 773 821 838 ἐπιστολῶν,
869 774 1097 829 καὶτῶν
1135 774 1309 838 ἄλλως
1348 774 1690 846 ἀπερριμμέ-

125 876 243 924 νων,
281 859 389 913 τῶν
430 863 529 931 μὲν
571 862 735 934 μηδὲν
777 863 1013 933 ἐχουσῶν
1045 864 1327 918 σπουδαῖον
1365 867 1587 935 σημεῖον
1627 863 1688 917 τὸ

124 948 228 1005 τῶν
256 950 394 1005 θεῶν
421 952 588 1023 δνομα
618 954 937 1023 προστάξειν
969 967 994 995 ι
1025 956 1216 1026 ἔφησε,
1246 956 1354 1010 τῶν
1380 956 1436 1008 δέ
1466 974 1689 1029 πεφρον-

123 1040 383 1111 τισμένως
410 1042 558 1112 αύτῴ
608 1044 1043 1115 συνταττομένων
1081 1045 1142 1098 τὸ
1190 1045 1283 1098 τοῦ
1322 1045 1475 1099 Θεοῦ.
1522 1047 1685 1114 Λέγει

121 1132 166 1188 δ’
191 1129 282 1187 οῦν
310 1127 410 1187 ὧδε
440 1136 576 1188 κατὰ
616 1134 791 1199 λέξιν·
841 1158 859 1185 ι
901 1139 1035 1210 Περὶ
1062 1138 1117 1192 δὲ
1147 1137 1239 1192 τοῦ
1273 1138 1539 1209 συμϐόλου
1572 1138 1683 1209 (ἾΞ)

121 1222 208 1279 τοῦ
239 1224 373 1295 πρὸς
410 1226 508 1287 τὰς
548 1226 834 1290 ἐπιστολάς
866 1228 996 1298 (75),
1029 1230 1160 1293 ὅσας
1206 1247 1265 1282 τε
1294 1228 1359 1282 ἂν
1388 1228 1685 1282 ἐπιστέλλω

124 1315 343 1383 σπουδῇ,
392 1316 485 1369 καὶ
538 1316 666 1379 ὅσας
728 1316 823 1387 μὴ,
872 1314 1022 1386 οἶμαι
1077 1317 1173 1386 μέν
1232 1334 1292 1371 σε
1351 1317 1681 1389 μεμνῆσθαι,

122 1404 263 1473 ὅμως
298 1404 343 1457 δ’
373 1406 561 1468 ἐννόει,
593 1409 687 1461 καὶ
731 1408 933 1481 σφόδρα
963 1410 1193 1480 πρόσεχε
1229 1410 1321 1463 τὸν
1367 1410 1489 1463 νοῦν
1510 1428 1523 1440 ·
1556 1411 1683 1463 πολ-

119 1494 201 1547 λοὶ
236 1495 343 1567 γὰρ
386 1498 434 1549 oi
464 1497 774 1563 κελεύοντες
803 1500 1054 1570 γράφειν,
1114 1501 1207 1565 οὓς
1252 1504 1313 1556 οὐ
1353 1502 1531 1574 ῥᾴδιον
1587 1520 1681 1572 φα-

120 1587 287 1658 νερῶς
312 1588 635 1643 διωθεῖσθαι.
668 1591 781 1661 Τῆς
822 1593 919 1664 μὲν
948 1590 1039 1648 οῦν
1062 1594 1355 1658 σπουδαίας
1396 1594 1682 1665 ἐπιστολῆς

118 1676 148 1728 6
184 1678 314 1740 Θεὸς
360 1679 536 1749 ἄρχει,
579 1679 691 1734 θεοὶ
736 1681 792 1734 δὲ
834 1683 931 1754 τῆς
967 1678 1150 1756 ἦττον.
1194 1704 1210 1735 ι
1264 1685 1568 1757 Διαρρήδην
1623 1685 1679 1739 δὲ

120 1771 149 1823 6
187 1770 345 1833 αὐτὸς
389 1773 638 1842 ὁμολογεῖ
690 1775 754 1827 ἐκ
800 1776 1043 1831 παλαιῶν
1098 1778 1158 1831 τὺ
1212 1780 1340 1850 περὶ
1395 1777 1487 1833 τοῦ
1542 1778 1676 1832 Θεοῦ

1797 602 1973 646 terum
2015 591 2083 646 ab
2113 592 2285 646 altero
2326 590 2507 644 fuerit.
2547 608 2565 641 ι
2610 586 2873 642 Eumdem
2915 601 3098 657 porro,
3136 595 3195 642 ut
3230 586 3355 641 vul-

1792 682 1906 747 gari
1958 680 2273 736 Graecorum
2329 695 2482 734 more
2524 679 2763 749 plurium
2801 679 3083 732 numinum
3126 677 3357 749 appella-

1790 772 1939 826 tione
1981 771 2059 825 uti
2107 771 2301 836 soleat,
2348 768 2517 824 Deum
2572 778 2750 823 tamen
2802 783 2970 823 unum
3024 782 3350 839 agnoscere,

1788 860 1873 915 vel
1916 875 1983 914 ex
2039 875 2124 926 ea,
2162 875 2328 928 quam
2380 858 2447 911 ad
2502 856 2818 928 Dionysium
2862 856 3077 924 scribit,
3123 854 3352 925 epistola

1788 952 1967 1021 quivis
1998 951 2295 1025 intelligat:
2334 949 2424 1004 ubi
2478 965 2615 1019 quas
2648 949 2891 1004 studiose
2934 964 2999 1004 ac
3044 950 3186 1003 serio
3218 963 3373 1025 con-’

1788 1043 2054 1099 scriberet
2102 1042 2388 1113 epistolas,
2438 1042 2507 1095 ab
2555 1041 2705 1105 aliis,
2755 1056 2893 1112 quas
2931 1050 3134 1095 temere
3181 1042 3350 1112 negli-

1787 1143 2081 1204 genterque
2135 1132 2505 1203 profunderet,
2542 1147 2640 1185 sua
2687 1132 2921 1201 quadam
2978 1141 3103 1187 nota
3164 1146 3349 1187 secer-

1788 1240 1962 1292 nens;
1998 1239 2119 1295 quae
2161 1239 2325 1294 grave
2366 1223 2505 1277 nihil
2555 1237 2620 1277 ac
2662 1221 2864 1276 serium
2894 1222 3252 1289 continerent,
3281 1222 3349 1277 iis

1789 1316 2016 1370 deorum
2040 1355 2054 1380 ,
2095 1331 2218 1385 quae
2261 1328 2393 1369 vero
2441 1313 2729 1383 diligenter
2758 1312 2854 1368 abs
2896 1328 2954 1367 se
2989 1327 3054 1367 ac
3092 1313 3348 1367 meditato

1784 1406 2169 1471 scriberentur,
2203 1406 2310 1461 illis
2350 1404 2444 1459 Dei
2478 1419 2599 1460 sese
2642 1420 2863 1468 nomen,
2905 1404 3185 1473 proprium
3232 1403 3349 1458 vel-

1785 1497 1861 1550 uti
1909 1492 2279 1551 characterem
2341 1497 2735 1566 impressurum
2778 1510 2899 1551 esse
2945 1494 3203 1549 declarat.
3256 1493 3350 1551 Sic

1782 1588 1929 1642 enim
1957 1587 2026 1641 ad
2072 1587 2296 1642 verbum
2352 1587 2587 1643 scribit:
2648 1606 2665 1637 ι
2702 1584 2983 1655 Propriam
3023 1585 3168 1655 quod
3216 1585 3348 1640 attic-

1782 1686 1875 1733 net
1920 1679 2276 1749 epistularum
2314 1689 2524 1745 notam,
2578 1692 2673 1733 seu
2720 1692 2858 1747 quas
2902 1677 3074 1741 serio,
3113 1676 3348 1746 dataque

1783 1783 1971 1839 opera,
2017 1784 2112 1824 seu
2154 1784 2292 1839 quas
2335 1770 2696 1839 negligentius
2725 1769 2925 1832 scribo,
2972 1768 3187 1823 tametsi
3226 1770 3348 1839 ejus

116 1860 286 1933 δόγμα
312 1840 704 1933 μεμαθηκέναι,
732 1863 904 1932 λέγων
924 1866 981 1917 ἐν
1012 1867 1125 1928 τοῖς
1150 1840 1387 1935 Νόμοις·
1429 1886 1448 1919 ι
1498 1867 1555 1920 Ὀ
1582 1867 1678 1938 μὲν

1786 1870 1836 1915 te
1867 1862 2180 1917 meminisse
2208 1861 2482 1928 existimo,
2530 1876 2677 1916 nunc
2710 1870 2894 1915 tamen
2948 1860 3096 1914 illam
3141 1861 3346 1931 cogites

116 1952 176 2023 δὴ
216 1952 347 2015 Θεὸς
392 1952 526 2023 (74),
570 1953 644 2018 ὠς
684 1956 777 2008 καὶ
819 1958 847 2009 6
885 1956 1111 2020 παλαιὸς
1154 1956 1330 2025 λόγος,
1375 1960 1548 2030 ἀρχὴν
1588 1959 1681 2012 καὶ

113 2041 365 2114 τελευτὴν
388 2045 482 2097 καὶ
513 2045 652 2115 μέσα
680 2046 788 2099 τῶν
816 2047 982 2101 ὄντων
1012 2049 1261 2103 ἁπάντων
1281 2093 1295 2117 ,
1331 2052 1542 2105 εὐθεῖαν
1567 2053 1678 2123 (75)

116 2132 357 2203 περαίνει
390 2133 530 2186 κατά
582 2135 741 2203 φύσιν
786 2139 1298 2210 περιπορευόμενος.
1343 2141 1432 2211 Τῷ
1484 2141 1527 2194 δ’
1570 2145 1679 2196 αἰεὶ

114 2218 399 2285 ξυνέπεται
422 2222 574 2293 Δίκη,
610 2222 715 2275 τῶν
736 2224 1177 2295 ἀπολειπομένων
1208 2224 1303 2279 τοῦ
1337 2226 1482 2280 θείου
1513 2230 1677 2299 νόμου

110 2311 379 2381 τιμωρός·
410 2306 477 2383 ἦς
507 2314 535 2364 6
583 2313 678 2382 μὲν
735 2314 1141 2386 εὐδαιμονήσειν
1185 2315 1390 2386 μέλλων
1427 2318 1679 2388 ἐχόμενος

113 2402 417 2469 ξυνέπεται,
467 2403 736 2470 ταπεινὸς,
780 2406 1189 2476 κεκοσμημένος
1209 2424 1220 2436 ·
1258 2409 1285 2459 6
1316 2406 1374 2460 δέ
1400 2424 1483 2471 τις
1517 2407 1677 2480 ἐξαρ-

110 2492 223 2555 θεὶς
267 2492 373 2545 ὑπὸ
426 2493 813 2564 μεγαλαυχίας,
856 2494 1165 2567 ἢχρήμασι
1216 2498 1592 2569 ἐπαιρόμενος,
1643 2499 1677 2571 ἢ

109 2585 315 2653 τιμαῖς,
348 2583 381 2654 ᾖ
416 2583 508 2636 καὶ
563 2584 810 2654 σώματος
862 2587 1151 2658 εὐμορφίᾳ,
1198 2587 1313 2659 ἅμα
1334 2589 1543 2661 νεότητι
1584 2593 1678 2645 καὶ

109 2674 286 2744 ἀνοία,
320 2672 573 2742 φλέγεται
624 2675 724 2747 τὴν
750 2675 927 2747 ψυχὴν
955 2675 1073 2745 μεθ’
1106 2675 1338 2748 ὕϐρεως,
1375 2676 1514 2731 ὥστε
1554 2678 1678 2733 οὔτε

107 2766 369 2836 ἄρχοντος
390 2764 513 2818 οὔτε
538 2767 678 2830 τινὸς
722 2769 986 2839 ἡγεμόνος
1006 2768 1274 2840 δεόμενος,
1320 2770 1452 2824 ἀλλά
1479 2774 1569 2825 καὶ
1593 2772 1681 2827 ἀλ-

108 2854 221 2919 λοις
250 2857 434 2919 ίκανὸς
463 2855 538 2910 ῶν
570 2860 840 2929 ἡγεῖσθαι,
871 2861 1254 2915 καταλείπεται
1291 2864 1499 2935 ἔρημος
1520 2864 1674 2917 Θεοῦ.

113 2946 508 3016 Καταλειφθεὶς
536 2949 612 3014 δὲ,
659 2951 751 3003 καὶ
793 2949 871 3003 ἔτι
913 2951 1103 3015 ἄλλους
1143 2953 1412 3017 τοιούτους
1453 2954 1681 3026 προσλα-

108 3036 238 3105 ϐὼν,
254 3040 453 3110 σκιρτᾷ
476 3041 757 3112 ταράττων
772 3043 946 3097 πάντα
970 3044 1102 3114 ὁμοῦ
1122 3045 1172 3110 δ,
1189 3046 1282 3098 καὶ
1311 3045 1525 3110 πολλοῖς
1539 3064 1678 3101 τισιν

107 3126 459 3228 ἔδοξεν-εἷναί-
509 3150 610 3196 τις,
640 3134 778 3204 μετὰ
800 3134 857 3188 δὲ
901 3136 1090 3208 χρόνον
1120 3138 1181 3190 οὑ
1216 3137 1383 3191 πολὺν
1422 3137 1676 3209 ὑποσχὼν
1702 3171 1744 3228 C

105 3221 377 3292 τιμωρίαν
408 3223 470 3275 οὐ
512 3225 765 3296 μεμπτὴν
799 3227 865 3295 τῇ
889 3225 1038 3299 Δίκῃ,
1072 3226 1263 3280 ἑαυτόν
1289 3244 1349 3279 τε
1383 3227 1475 3281 καὶ
1506 3224 1673 3292 οἷκον,

104 3314 200 3366 καὶ
236 3313 388 3366 πόλιν
416 3313 584 3386 ἄρδην
610 3316 908 3370 ἀνάστατον
938 3317 1178 3388 ἐποίησε.
1221 3337 1238 3370 ι
1268 3318 1454 3373 Ταῦτα
1476 3322 1505 3373 6
1536 3318 1677 3373 Πλά-

102 3419 234 3457 των.
270 3404 344 3457 Σὺ
372 3404 429 3457 δέ
454 3422 517 3473 γε
532 3405 633 3472 τῷ,
666 3425 684 3457 ι
725 3407 781 3461 '0
804 3408 900 3477 μὲν
922 3407 985 3478 δὴ
1009 3408 1143 3471 Θεὸς
1170 3409 1343 3480 ἀρχὴν
1368 3411 1463 3465 καὶ¹
1495 3410 1679 3465 τελευ-

104 3494 205 3563 τὴν
223 3494 318 3546 καὶ
366 3494 508 3566 μέσα
545 3495 654 3548 τῶν
689 3495 857 3550 ὄντων
896 3495 1148 3553 ἁπάντων
1189 3500 1347 3569 έχων,
1379 3518 1398 3552 ι
1433 3501 1678 3573 παράθες

102 3585 214 3639 ἀπὸ
234 3587 334 3657 τῆς
373 3586 635 3658 Ἐϐραίων
661 3589 993 3660 προφητείας
1015 3591 1095 3655 τὸ,
1133 3610 1152 3642 ι
1203 3590 1344 3658 Ἐγὼ
1365 3591 1496 3656 Θεὸς
1528 3593 1678 3665 πρῶ-

99 3694 216 3741 τος,
251 3679 345 3731 καὶ
373 3677 486 3745 ἐγὼ
506 3678 643 3748 μετὰ
675 3680 875 3734 ταῦτα·
911 3700 930 3735 ι
961 3681 1038 3752 τῷ
1078 3682 1155 3749 δὲ,
1183 3698 1200 3732 ι
1229 3682 1456 3737 Εὐθεῖαν
1484 3686 1675 3757 περαί-

102 3784 185 3821 νει
222 3767 367 3821 κατά
411 3769 569 3838 φύσιν
622 3769 1094 3842 ἐπιπορευόμενος,
1133 3790 1151 3822 ι
1188 3772 1267 3839 τὸ,
1291 3792 1311 3824 ε
1364 3772 1676 3839 Εὐθύτητας

102 3856 210 3912 εἶδε
246 3861 307 3913 τὸ
343 3861 632 3931 πρόσωπον
649 3862 832 3916 αὐτοῦ.
857 3881 876 3914 ι
908 3864 1018 3917 Καὶ
1041 3863 1177 3935 πρὸς
1207 3864 1290 3927 τὸ,
1332 3882 1351 3915 ι
1379 3865 1469 3936 Τῷ
1494 3865 1542 3918 δ’
1564 3867 1675 3920 αἰεὶ

100 3949 390 4018 ξυνέπεται
427 3951 556 4023 Δίκη
598 3954 707 4008 τῶν
737 3956 1174 4026 ἀπολειπομένων
1206 3956 1300 4009 τοῦ
1329 3957 1473 4011 θείου
1511 3957 1675 4029 νόμου

95 4045 366 4115 τιμωρὸς,
397 4063 415 4096 ι
446 4045 733 4117 σύγκρινον
776 4047 858 4112 τὺ,
894 4065 913 4099 t
959 4048 1175 4112 Δίκαιος
1206 4048 1430 4120 Κύριος,
1479 4051 1573 4103 καὶ
1607 4050 1679 4103 δι-

98 4136 400 4201 καιοσύνας
448 4138 733 4209 ἠγάπησεν
755 4156 767 4169 ·
808 4163 825 4190 ι
860 4141 954 4194 καὶ
990 4141 1070 4205 τὸ,
1106 4159 1125 4192 ι
1172 4142 1326 4212 Ἐμοὶ
1376 4143 1674 4213 ἐκδίκησις,

97 4227 213 4296 ἐγὼ
271 4230 657 4295 ἀνταποδώσω,
712 4232 860 4301 λέγει
912 4235 1174 4306 Κύριος·›
1208 4235 1304 4288 καὶ
1344 4236 1433 4309 τὸ,
1474 4254 1492 4287 ι
1533 4236 1676 4289 Διότι

97 4320 319 4384 ἔκδικος
372 4321 604 4392 Κύριος,
661 4324 755 4376 καὶ
793 4325 1183 4385 ἀνταποδίδωσι
1242 4329 1356 4390 τοῖς
1403 4326 1677 4398 περισσῶς

95 4412 347 4466 ποιοῦσιν
382 4414 775 4486 ὑπερηφανίαν·
818 4435 837 4467 ι
869 4414 951 4485 τῷ
992 4417 1067 4486 δὲ,
1110 4437 1128 4471 ι
1156 4412 1266 4482 Ἦς
1296 4422 1325 4473 6
1359 4419 1674 4490 εὐδαιμονή-

1780 1952 1967 2018 velim,
1998 1967 2063 2007 ac
2090 1952 2376 2023 diligenter
2419 1952 2689 2007 attendas.
2736 1950 2848 2007 Nos
2901 1953 3044 2007 enim
3089 1951 3345 2021 permulti

1781 2043 1849 2096 ad
1879 2043 1981 2097 sibi
2032 2043 2381 2097 scribendum
2432 2044 2681 2112 invitant,
2716 2043 2916 2114 quibus
2951 2044 3003 2098 id
3052 2042 3210 2098 facile
3251 2058 3346 2098 ne-

1779 2135 1893 2204 gari
1917 2149 2022 2189 non
2052 2144 2244 2204 possrt.
2274 2132 2441 2205 Igitur
2470 2134 2549 2189 sic
2584 2134 2780 2189 habeto
2810 2149 3002 2204 :quam
3039 2133 3183 2188 serio
3216 2134 3346 2189 scri-

1780 2226 1980 2294 bimus,
2026 2226 2170 2281 hanc
2198 2241 2228 2281 a
2265 2224 2377 2280 Deo
2406 2226 2774 2294 auspicamur,
2822 2240 2854 2279 a
2895 2225 3001 2280 diis
3037 2239 3184 2288 vero,
3223 2239 3346 2293 quae

1779 2318 1961 2372 minus
2000 2317 2161 2371 habet
2197 2317 2383 2372 studii.
2430 2335 2450 2369 ι
2488 2315 2552 2369 Et
2581 2330 2711 2370 vero
2752 2331 2811 2370 se
2851 2315 2918 2370 ab
2947 2314 3345 2384 antiquioribus

1779 2423 1967 2463 sanam
2000 2408 2067 2462 de
2115 2407 2224 2463 Deo
2270 2408 2590 2463 sententiam
2634 2407 2789 2477 531
2843 2407 3092 2461 hausisse
3147 2421 3344 2460 conce-

1778 2502 1885 2570 ptis
1929 2501 2043 2570 ipse
2083 2500 2414 2569 disertisque
2455 2499 2636 2553 verbis
2684 2499 2739 2552 in
2770 2496 2993 2569 Legibus
3035 2497 3346 2565 conﬁtetur,

1777 2593 1906 2647 dum
1946 2594 2056 2647 ait:
2099 2611 2118 2644 ι
2152 2590 2296 2647 Deus
2343 2600 2491 2646 certe
2539 2590 2782 2659 quidem,
2828 2591 2906 2643 uti
2936 2604 3003 2643 ex
3037 2590 3347 2658 priscorum

1777 2684 2025 2739 doclrina
2078 2691 2325 2748 constat,
2379 2696 2561 2735 rerum
2622 2680 2996 2735 universarum
3038 2679 3344 2749 principia,

1779 2774 1941 2829 ﬁnem
1970 2774 2319 2844 mediumque
2351 2773 2692 2842 complexus,
2742 2781 2889 2825 recta
2920 2771 3033 2838 illa,
3068 2770 3346 2841 quomodo

1780 2875 1976 2921 natura
2017 2865 2287 2937 postulat,
2334 2864 2586 2918 obeundo
2628 2863 2857 2933 perlicit.
2903 2862 3039 2917 Eum
3087 2870 3346 2932 perpetuo

1778 2959 1995 3015 Justitia
2037 2957 2304 3027 sequitur,
2355 2970 2567 3020 eorum,
2607 2954 2700 3024 qui
2741 2954 2839 3009 abs
2869 2953 3052 3008 divina
3087 2953 3204 3023 lege
3229 2953 3347 3008 dis-

1781 3049 2003 3113 cedunt,
2069 3047 2233 3102 ultrix
2276 3056 2438 3117 atque
2484 3045 2720 3101 vindex:
2773 3045 2861 3100 cui
2897 3044 3115 3115 quidem
3155 3043 3346 3100 aﬂixus

1780 3143 2019 3199 demisso
2054 3140 2466 3211 compositoque
2512 3139 2698 3195 animo
2741 3138 3053 3203 comitatur,
3094 3137 3348 3208 quisquis

1781 3233 1849 3288 ad
1902 3232 2213 3289 felicitatem
2269 3233 2514 3301 aspirat:
2565 3239 2755 3285 contra
2803 3245 2933 3287 vero
2980 3229 3075 3301 qui
3125 3230 3207 3285 vel
3256 3244 3350 3284 su-

1778 3325 1966 3395 perbia
2000 3325 2389 3383 intumescens.
2440 3323 2524 3378 vel
2566 3337 2730 3392 opum
2760 3323 2813 3376 vi
2856 3322 3120 3392 copiaque
3163 3321 3348 3377 subla-

1782 3424 1891 3478 tus,
1936 3402 2021 3470 vel
2068 3415 2236 3470 etiam
2286 3414 2560 3467 bonorum
2600 3412 2991 3483 amplitudine,
3036 3411 3349 3481 corporisve

1779 3505 1980 3575 specie,
2030 3519 2154 3559 cum
2197 3503 2505 3574 iuventutis
2556 3500 2689 3557 ﬂore
2742 3501 3079 3570 stultitiaque
3116 3500 3349 3569 conjun-

1777 3602 1862 3648 cta
1905 3592 2259 3658 insolescens,
2287 3591 2471 3645 animo
2504 3590 2834 3660 petulantius
2875 3589 3200 3655 exardescit,
3231 3603 3348 3658 per-

1777 3685 1902 3739 inde
1955 3683 2089 3738 utsi
2132 3697 2233 3737 nec
2274 3682 2540 3752 principe,
2590 3696 2691 3736 nec
2744 3680 3085 3734 moderatore
3124 3678 3234 3733 ullo
3262 3678 3348 3731 in-

1776 3776 1975 3845 digeat,
2034 3774 2128 3829 sed
2179 3774 2360 3844 potius
2401 3772 2469 3827 ad
2512 3771 2725 3827 caeteris
2766 3769 3142 3840 imperandum
3186 3775 3347 3838 aptus

1775 3868 2010 3937 ipsemet
2056 3866 2389 3936 idoneusque
2437 3864 2530 3930 sit,
2584 3864 2633 3918 is
2689 3861 2799 3917 Deo
2836 3874 3044 3917 vacuus
3088 3858 3348 3929 relinqui-

1779 3968 1907 4013 tur:
1956 3956 2179 4012 relictus
2219 3963 2426 4034 autem,
2458 3953 2715 4009 adhibitis
2759 3951 2907 4007 illico
2947 3950 3175 4021 gemina
3214 3963 3345 4021 pro-

1780 4048 1963 4104 terviae
2002 4046 2188 4113 sociis,
2224 4045 2460 4100 exsultat
2489 4052 2686 4099 cuncta
2710 4042 3035 4107 miscendo;
3074 4048 3234 4111 atque
3266 4042 3351 4094 in-

1780 4137 1939 4191 terim
1992 4135 2198 4205 aliquid
2238 4149 2360 4190 esse
2408 4133 2697 4204 permultis
2747 4134 2983 4197 videtur,
3027 4139 3085 4186 at
3130 4126 3350 4185 modico

1777 4238 1903 4299 post
1940 4239 2205 4298 tempore,
2237 4227 2433 4298 dignas
2469 4225 2539 4280 ab
2570 4240 2637 4279 eo
2680 4239 2868 4294 poenas
2902 4225 3152 4295 exigente
3191 4221 3350 4277 Justi-

1780 4322 1874 4388 tia,
1906 4320 2171 4390 seipsum,
2203 4319 2537 4389 domumque
2565 4317 2748 4382 simul,
2790 4332 2915 4373 cum
2948 4324 3058 4371 tota
3101 4314 3349 4369 funditus

1779 4413 1996 4468 civitate
2036 4411 2288 4482 perdit.)
2324 4408 2447 4465 Haec
2480 4408 2654 4463 Plato.
2696 4407 2815 4463 Jam
2862 4421 3014 4472 vero,
3045 4421 3169 4462 eum
3204 4405 3346 4469 illis,

96 4522 216 4559 σειν
245 4503 456 4574 μέλλων
485 4506 740 4576 ἐχόμενος
764 4505 1069 4574 ξυνέπεται,
1092 4510 1363 4574 ταπεινὸς,
1401 4526 1675 4581 κεκοσμη-

1786 4523 1805 4556 ι
1849 4503 1990 4559 Deus
2022 4511 2168 4559 certe
2206 4502 2448 4573 quidem,
2495 4516 2675 4556 rerum
2723 4500 3102 4555 universarum
3146 4495 3352 4566 princi-

97 4597 287 4668 μένος,
315 4616 335 4649 ο
361 4596 627 4666 ἑπόμενὸν
658 4599 773 4651 ἐστι
793 4598 874 4666 τὸ,
894 4618 913 4650 ‹
952 4599 1155 4654 Ὀπίσω
1185 4600 1387 4670 Κυρίου
1416 4601 1509 4655 τοῦ
1539 4600 1673 4654 Θεοῦ

93 4710 190 4745 σου
227 4692 508 4766 πορεύσῃ·
535 4713 554 4744 ι
574 4693 651 4764 τῷ
669 4694 747 4761 δὲ,
778 4712 797 4745 ι
844 4695 901 4748 '0
928 4694 972 4747 δ’
1004 4695 1249 4766 ἐξαρθεὶς
1270 4695 1374 4747 ὑπὸ
1400 4694 1672 4765 μεγαλαυ-

91 4783 220 4854 χίας
239 4782 630 4836 καταλείπεται
650 4782 852 4855 ἔρημος
875 4782 1031 4847 Θεοῦ,
1059 4804 1076 4834 ι
1122 4782 1204 4846 τὸ,
1252 4800 1270 4832 ι
1289 4783 1461 4846 ὁΘεὸς
1507 4784 1674 4856 ὑπερ·

95 4876 339 4945 ηφάνοις
367 4875 768 4941 ἀντιτάσσεται,
812 4877 1086 4939 ταπεινοῖς
1133 4875 1189 4929 δὲ
1213 4875 1395 4929 δίδωσι
1425 4874 1582 4947 χάριν
1603 4892 1616 4905 ·
1649 4894 1667 4926 ι

88 4966 210 5030 καὶ,
243 4984 265 5017 ι
300 4965 564 5036 Χαρμονὴ
587 4964 645 5016 δὲ
669 4964 901 5029 ἀσεϐῶν,
926 4964 1123 5035 πτῶμα
1154 4964 1405 5028 ἐξαίσιον.
1433 4984 1451 5017 ι
1490 4964 1675 5018 Ταῦτα

90 5074 193 5124 μεν
255 5053 352 5111 οὖν
400 5056 509 5111 ἀπὺ
562 5056 772 5129 μυρίων
822 5057 1028 5129 σμικρά
1066 5057 1313 5128 περὶτοῦ
1339 5058 1430 5110 ἐπὶ
1459 5058 1675 5110 πάντων

86 5148 253 5202 Θεοῦ.
302 5148 413 5202 Θέα
464 5149 522 5201 δὲ
546 5149 733 5204 καὶτὰ
796 5150 923 5220 περὶ
966 5146 1060 5202 τοῦ
1104 5148 1355 5221 δευτέρου
1384 5147 1555 5202 αἰτίου
1587 5143 1675 5205 οἷα

80 5243 154 5313 τῇ
183 5241 402 5311 διανοίᾳ
435 5240 591 5295 είσίν.

65 5402 75 5409 ⁸
163 5335 188 5366 ⁸
228 5334 339 5389 lsa.
387 5351 495 5399 xu,
537 5336 590 5393 4.
666 5338 687 5369 θ
726 5335 871 5391 Psal.
912 5353 965 5399 κ,
1008 5336 1061 5390 8.
1141 5336 1184 5368 ¹⁰
1224 5336 1353 5390 ibid.

158 5438 189 5466 ι
235 5426 402 5481 Forte
436 5428 659 5499 προτάξ.
736 5430 765 5468 b
805 5427 906 5483 Ms.
944 5440 993 5483 et
1025 5429 1109 5482 Pl.
1151 5428 1284 5499 ἅμα.

164 5522 291 5593 (72)
322 5523 463 5591 Περὶ
512 5523 580 5577 δὲ
623 5525 728 5579 τοῦ
772 5526 1101 5594 συμϐόλου.
1134 5523 1376 5578 Platonis
1413 5523 1529 5578 lich
1563 5523 1680 5592 epi-

88 5595 239 5650 stola
267 5602 372 5664 est
405 5594 826 5664 dccimaﬁlertia,
859 5596 924 5649 ad
955 5594 1273 5664 Dionysium
1302 5608 1430 5664 ver_o
1464 5604 1679 5663 quarta,

86 5678 223 5735 pag.
265 5662 373 5735 228
433 5664 565 5721 edit.
606 5663 799 5719 Fieini.
830 5664 953 5719 Fuit
992 5662 1155 5734 igitur
1186 5680 1253 5719 ex
1289 5663 1356 5718 iis
1383 5662 1558 5735 Plato,
1589 5665 1682 5731 qui

88 5731 224 5787 eisin
262 5731 452 5805 Deum
502 5736 903 5805 cognovissent,
960 5731 1067 5791 non
1112 5742 1290 5791 tamen
1333 5736 1472 5790 sient
1514 5732 1683 5793 Deum

83 5804 566 5863 (.orilicaverunt.

1780 4596 1904 4667 pia,
1960 4597 2151 4661 linem,
2198 4593 2547 4661 mediumque
2592 4591 2931 4661 complexus,
2968 4607 2987 4641 ι
3037 4589 3152 4643 hate
3189 4594 3249 4641 tu
3282 4601 3350 4640 ex

1782 4687 2134 4743 Hebrmorum
2179 4685 2462 4755 prophetia
2504 4678 2793 4752 compone,
2831 4699 2851 4733 ι
2908 4679 3022 4749 Ego
3059 4679 3201 4733 Deus
3244 4678 3354 4747 pri-

1781 4795 1929 4843 mus,
1957 4786 2011 4834 et
2042 4777 2372 4831 novissimus
2402 4789 2501 4844 ego
2530 4790 2649 4829 sum
2673 4773 2728 4839 ⁸;
2764 4791 2783 4826 ι
2820 4772 3061 4840 itemque
3086 4782 3211 4824 cum
3232 4767 3349 4835 illo,

1788 4890 1807 4924 ι
1850 4869 2015 4926 Recta
2046 4867 2276 4938 perlicit,
2317 4884 2336 4917 ι
2370 4865 2601 4919 alterum
2635 4864 2757 4929 hoc,
2795 4880 2814 4913 ι
2855 4860 3229 4917 Rectitudines
3258 4872 3354 4913 no-

1780 4964 1859 5018 vit
1900 4962 2083 5017 vultus
2107 4960 2227 5029 ejus
2258 4957 2298 5010 ⁹.
2334 4975 2352 5009 ι
2410 4955 2611 5011 Deinde
2649 4970 2775 5011 cum
2830 4952 2960 5019 illis,
2995 4969 3013 5003 ι
3062 4951 3201 5006 Eum
3230 4963 3353 5019 per-

1781 5065 1946 5126 petuo
1968 5050 2185 5107 Iustitia
2213 5048 2483 5120 sequitur,
2513 5062 2725 5113 eorum,
2757 5045 2852 5115 qui
2885 5044 2983 5099 abs
3010 5042 3193 5098 divina
3236 5041 3355 5110 lege

1783 5146 2094 5208 discedunt,
2130 5141 2293 5197 ultrix
2326 5140 2494 5210 atque
2518 5139 2737 5202 vindex,
2774 5155 2793 5189 ι
2828 5137 2929 5192 ista
2964 5133 3174 5200 confer,
3206 5150 3225 5184 ι
3256 5130 3355 5188 Ju-

1782 5246 1900 5293 stus
1931 5234 2213 5300 Dominus,
2242 5240 2297 5287 et
2320 5230 2562 5301 justitias
2592 5229 2781 5283 dilexit
2806 5229 2891 5295 ¹⁰;
2922 5246 2941 5279 ι
2976 5228 3214 5296 itemque
3239 5222 3356 5280 hac

1858 5519 1974 5591 (75)
2004 5510 2683 5591 Πρὸς-τὰςλέπιςτηΡΙσερ
2710 5510 2844 5591 περὶ.
2863 5508 2963 5591 τὰς
2992 5509 3109 5572 ἐπ.,
3136 5503 3356 5591 ιιιειίίιιρζ

1858 5580 1972 5658 (74)
2011 5580 2066 5658 ’ῥ
2109 5580 2227 5654 μὲν
2266 5580 2349 5652 δὴ
2407 5583 2571 5658 Qsdg.
2607 5580 2885 5658 “Prornpta
2933 5580 3060 5658 haec
3084 5585 3255 5658 “sunt.
3285 5585 3356 5632 ex

1788 5646 1983 5731 quarti)
2017 5646 2230 5731 Laium,
2255 5646 2376 5731 pag.
2410 5646 2697 5731 (SOU-edit:
2717 5646 3286 5731 ﬁrigcojLatszicinj:

1883 5729 1974 5798 75)
2008 5714 2280 5798 Εὺῦειαςνῖ
2310 5714 2581 5798 Manuscr.
2601 5721 2788 5798 εὐθέα.
2826 5718 2933 5777 Sed
2975 5717 3114 5775 inira
3143 5731 3198 5787 p.
3230 5714 3355 5785 793.

1883 5732 1974 5798 75)
2008 5732 2280 5781 Εὑθείαν.
2310 5732 2581 5778 Manuscr.
2607 5732 2737 5774 ευυε

1792 5732 1955 5866 huius
1978 5798 2107 5855 edit.
2131 5794 2341 5853 Atticus
2370 5793 2498 5860 legit
2532 5791 2737 5857 εὐθείᾳ.
