3826 6232
474 297 582 355 833
1151 288 1421 357 EUSEBII
1451 299 1931 357 CESARIENSIS
1967 300 2120 358 OPP.
2169 300 2349 357 PARS
2385 300 2450 358 ll.
2473 334 2531 345 ——
2583 299 3085 359 APOLOGETICA.
3618 302 3721 360 885

473 421 578 476 alia
606 404 636 475 ε’
674 439 695 475 ι
732 421 850 479 Mea
887 431 972 480 est
1033 422 1190 491 ultio,
1226 433 1280 479 et
1315 440 1415 494 ego
1455 424 1773 489 retribuam,
1839 422 1973 479 dicit
2030 422 2295 477 Dominus
2324 424 2412 489 ¹¹;
2456 441 2475 476 ι
2520 438 2742 500 necnon
2809 425 2944 490 ista,
2985 442 3005 475 ι
3053 422 3322 489 Quoniam
3366 421 3565 478 vindex
3619 422 3723 476 Do-

472 513 679 578 minus,
746 522 800 569 et
841 514 1102 570 retribuet
1148 513 1475 569 facientibus
1536 513 1875 569 abundanter
1917 512 2225 584 superbiam
2254 513 2321 566 ’².
2382 531 2401 564 ι
2456 512 2720 568 Praeterea
2780 530 2905 568 cum
2978 513 3119 579 illis,
3168 513 3312 569 tCui
3359 513 3578 583 quidem
3620 514 3725 570 ali—

471 621 576 662 xus
635 606 870 663 demisso
921 610 1333 679 compositoque
1386 610 1570 664 animo
1626 609 1940 675 comitatur,
1977 609 2229 679 quisquis
2295 609 2363 664 ad
2410 608 2720 664 feiicitatem
2768 609 3013 680 aspirat,
3054 629 3074 663 ι
3118 609 3370 679 congruit
3407 625 3541 665 sane
3581 611 3724 681 quod

476 697 753 767 sequitur,
793 721 819 750 ι’
857 701 989 755 Post
1045 699 1331 755 Dominum
1383 700 1552 756 Deum
1604 711 1756 756 tuum
1823 700 2129 757 ambulabis
2167 700 2234 754 ¹³.
2295 720 2313 752 ι
2348 700 2593 770 Denique
2646 716 2772 756 cum
2826 701 2955 767 illis,
3001 721 3019 753 ι
3071 701 3140 756 At
3175 717 3305 757 vero
3347 704 3603 773 superbia
3654 704 3728 758 in.

476 794 818 854 tumescens,
864 795 963 844 abs
1016 789 1128 844 Deo
1183 804 1393 845 vacuus
1451 791 1811 860 relinquitur,
1873 810 1892 843 ι
1945 790 2062 845 haec
2099 806 2399 861 compone,
2455 790 2655 847 tDeus
2713 792 2963 861 superbis
3002 792 3241 859 resistit,
3286 792 3585 849 humilibus
3641 809 3727 849 au°

478 886 583 932 tem
612 880 705 935 dat
735 893 964 952 grattam
1002 883 1096 949 “,i
1128 893 1203 950 et,
1244 903 1263 936 ι
1302 883 1511 939 Laetitia
1553 885 1867 956 impiorum,
1917 900 2078 942 casus
2116 887 2374 943 terribilis
2397 888 2464 941 ’⁸.
2505 907 2524 939 ι
2552 886 2630 942 Ac
2664 888 2731 943 de
2764 902 2980 942 summo
3004 887 3221 958 quidem
3252 904 3433 943 rerum
3481 891 3725 944 omnium

477 971 822 1029 moderatore
865 973 999 1040 Deo,
1037 976 1153 1031 haec
1187 977 1254 1031 de
1317 977 1546 1033 infinitis
1598 994 1772 1049 pauca
1821 978 2126 1047 sufﬁciant;
2166 979 2429 1050 deinceps
2464 980 2774 1051 cujusmodi
2823 980 2953 1046 sint,
2993 996 3115 1050 qua:
3154 981 3453 1036 secundum
3483 981 3549 1036 ad
3592 983 3729 1052 prin-

478 1063 688 1134 cipium
739 1067 1045 1136 pertinent,
1088 1068 1395 1124 considera.

1057 1159 1287 1215 CAPUT
1318 1157 1459 1215 XIV.

550 1246 627 1303 De
660 1249 886 1303 secundo
926 1249 1271 1306 Hebraeorum
1312 1253 1658 1324 Platonisque
1691 1254 1973 1323 principio.

555 1338 630 1395 De
657 1339 837 1410 primo
870 1341 1039 1396 totius
1075 1342 1315 1398 universi
1359 1341 1628 1412 principio
1666 1343 1782 1398 haec
1827 1357 1859 1397 a
1889 1342 2049 1399 nobis

479 1447 580 1504 pro
621 1431 891 1490 confessis
937 1434 1260 1490 habeantur.
1308 1435 1469 1506 532
1507 1433 1663 1490 Nunc
1692 1449 1821 1489 vero
1865 1435 1919 1489 in
1955 1448 2033 1489 se-

2150 1450 2242 1487 τον
2269 1433 2401 1503 ἡμῖν
2452 1428 2891 1500 άνωμολογήσθω
2920 1427 3011 1481 τὸν
3053 1428 3274 1499 τρόπον.
3323 1428 3645 1499 Ἐπίσκεῲαι
3674 1429 3730 1483 δὲ

477 1523 642 1579 eundi
683 1525 1202 1595 contemplationem
1239 1526 1543 1596 ingredere,
1585 1525 1731 1595 quod
1770 1522 1868 1579 Dei
1916 1522 2033 1578 Ver-

2147 1526 2242 1580 καὶ
2270 1523 2340 1577 τά
2374 1523 2502 1594 περὶ
2528 1520 2622 1574 τοῦ
2645 1520 2923 1591 δευτέρου,
2952 1518 3011 1572 ὃν
3038 1519 3103 1589 δὴ
3118 1518 3252 1572 Θεοῦ
3269 1520 3459 1589 Λόγον,
3478 1522 3569 1574 καὶ
3600 1521 3731 1575 Θεὸν

478 1619 640 1682 bum,
688 1630 753 1672 ac
796 1614 966 1671 Deum
1019 1632 1086 1672 ex
1126 1616 1237 1671 Deo
1278 1632 1401 1673 esse
1443 1616 1795 1673 Hebraeorum
1849 1617 2033 1671 docent

2144 1618 2210 1671 ὲκ
2232 1616 2367 1669 Θεοῦ
2395 1610 2534 1667 εἶναι
2578 1613 2646 1666 τὰ
2687 1611 2954 1683 Ἑϐραίων
2982 1610 3226 1665 παιδεύει
3263 1611 3441 1681 λόγια,
3482 1612 3731 1685 καθάπερ

478 1706 724 1773 oracula,
758 1707 1066 1777 cuiusmodi
1109 1708 1383 1780 theologia
1420 1723 1521 1762 nos
1562 1708 1727 1763 etiam
1768 1706 1964 1761 imbuti
1989 1715 2033 1762 el

2148 1711 2241 1764 καὶ
2280 1710 2441 1780 ἡμεῖς
2464 1705 2621 1760 αὐτοὶ
2664 1704 2934 1773 θεολογεῖν
2988 1703 3366 1777 δεδιδάγμεθα.
3414 1706 3471 1758 Ὁ
3508 1706 3610 1776 μὲν
3642 1703 3733 1759 οὖν

476 1797 756 1854 informati
800 1814 1010 1854 sumus.
1064 1798 1277 1871 Moyses
1327 1807 1473 1854 certe
1517 1799 1736 1870 quidem
1790 1800 2033 1855 dominos

2146 1800 2348 1871 Μωσῆς
2395 1798 2691 1870 διαρρήδην
2762 1796 2857 1850 δύο
2913 1795 3153 1866 θεολογεϊ
3210 1798 3490 1868 Κυρίους,
3540 1799 3602 1850 ὲν
3653 1794 3732 1861 οἷς

476 1890 728 1959 agnoscit
771 1890 1137 1960 praedicatque
1185 1891 1344 1955 duos,
1390 1890 1519 1945 dum
1570 1890 1677 1956 ait,
1722 1908 1740 1942 ι
1798 1889 1865 1943 Ει
1906 1890 2033 1960 pluit

2151 1907 2316 1962 φησι’
2365 1909 2383 1941 ι
2420 1889 2530 1943 Καὶ
2578 1887 2764 1959 ἔϐρεξε
2811 1886 3015 1959 Κύριος
3046 1885 3198 1959 παρὰ
3249 1887 3455 1959 Κυρίου
3494 1887 3610 1960 πῦρ
3642 1889 3733 1943 καὶ

479 1978 745 2037 Dominus
792 1997 823 2035 a
855 1980 1086 2036 Domino
1121 1983 1301 2052 ignem
1341 1990 1396 2037 et
1448 1982 1697 2051 sulphur,
1744 1998 1907 2051 super
1951 1983 2033 2036 ima

2148 1983 2288 2036 θεῖον
2329 1981 2422 2035 ἐπὶ
2472 1981 2570 2051 τὴν
2602 1981 2710 2033 τῶν
2746 1979 2958 2033 ἀσεϐῶν
3011 1979 3184 2032 πόλιν.
3218 1998 3234 2029 ι
3273 1980 3441 2033 Ἔνθα
3488 1981 3732 2051 συνήθως

474 2072 689 2142 piorum
715 2072 984 2128 civitatem
1012 2075 1081 2140 η,
1114 2092 1133 2125 ο
1163 2074 1253 2128 ubi
1277 2074 1437 2128 solito
1466 2089 1617 2128 more
1638 2074 1870 2128 similem
1902 2075 2033 2143 apud

2148 2073 2239 2126 ἐπὶ
2271 2073 2380 2126 τῶν
2400 2072 2493 2125 δύο
2523 2072 2622 2143 τὴν
2656 2070 2846 2143 ὁμοίαν
2865 2070 2975 2123 τῶν
3000 2070 3130 2142 παρ’
3159 2068 3429 2141 Ἑϐραίοις
3457 2073 3734 2142 χαρακτὴ-

476 2159 737 2218 Hebraeos
770 2162 826 2216 in
858 2162 1125 2218 ambobus
1173 2162 1481 2218 litterarum
1525 2174 1704 2219 notam
1747 2163 2033 2233 expressit,

2148 2181 2257 2235 ρων
2285 2165 2579 2235 ἐποιήσατο
2628 2163 2960 2235 παράθεσιν
2992 2163 3132 2234 αὕτη
3182 2162 3241 2216 δέ
3288 2164 3405 2215 ἐστι
3434 2166 3467 2232 ἡ
3504 2162 3595 2215 διὰ
3624 2163 3734 2217 τῶν

473 2268 597 2324 quae
626 2253 732 2308 alia
764 2268 875 2309 non
906 2263 991 2309 est
1021 2269 1184 2325 quam
1215 2255 1306 2310 illa
1344 2254 1484 2324 ipsa,
1516 2268 1679 2326 quam
1722 2255 1915 2311 efferre
1949 2272 2033 2311 nea

2143 2255 2426 2325 τεσσάρων
2465 2255 2742 2324 στοιχείων
2773 2252 3151 2325 άνεκφὼνητος
3184 2254 3314 2323 παρ’
3344 2254 3528 2316 αὐτοῖς
3558 2252 3737 2306 θεολο-

471 2355 713 2417 queunt,
764 2346 1048 2401 elementis
1093 2355 1329 2416 quatuor
1372 2346 1665 2402 informata
1718 2347 1886 2402 divini
1931 2345 2033 2402 Nu‘

2145 2344 2258 2411 γία.
2291 2345 2477 2415 Τούτῳ
2504 2344 2563 2396 δὲ
2600 2346 2693 2397 καὶ
2735 2344 2920 2409 Δαϐὶδ,
2964 2344 3121 2408 ἄλλος
3145 2346 3432 2414 προφήτης
3471 2342 3611 2414 όμοῦ
3640 2343 3736 2398 καὶ

478 2439 644 2496 minis
686 2439 998 2510 appellatio.
1046 2437 1233 2494 Eidem
1279 2455 1498 2511 quoque
1554 2438 1720 2495 David
1765 2441 2033 2503 accinens.

2148 2435 2397 2505 βασιλεὺς
2428 2436 2713 2508 Ἑϐραίων,
2742 2436 2980 2507 συνᾴδων
3010 2436 3192 2507 φησίν·
3226 2455 3243 2487 ι
3288 2432 3503 2491 Εἶπενὸ
3529 2436 3733 2507 Κύριος

475 2531 617 2588 alius
664 2538 719 2586 et
767 2530 883 2602 ipse
921 2530 1272 2586 Hebraeorum
1328 2532 1591 2603 pr0pheta
1635 2533 1796 2588 simul
1829 2541 1884 2588 et
1924 2547 2033 2596 rex,

2143 2533 2222 2603 τῷ
2255 2531 2446 2603 Κυρίῳ
2482 2549 2603 2602 μου·
2632 2530 2813 2584 Κάθου
2837 2533 2899 2584 ὲκ
2925 2529 3112 2594 δεξιῶν
3144 2547 3264 2601 μου·
3294 2549 3313 2581 ι
3345 2530 3435 2583 τὸν
3463 2531 3562 2601 μὲν
3595 2533 3731 2584 ἀνω-

471 2624 547 2678 ita
585 2624 849 2694 loquitur:
900 2642 919 2676 t
966 2623 1111 2679 Dixit
1144 2623 1412 2680 Dominus
1462 2623 1697 2679 Domino
1726 2640 1868 2689 meo,
1914 2626 2033 2680 sede

2143 2623 2289 2676 τάτω
2342 2621 2473 2675 Θεὸν
2529 2622 2617 2675 διὰ
2667 2621 2760 2673 τοῦ
2797 2619 3015 2692 πρώτου
3062 2622 3290 2692 Κυρίου,
3326 2619 3421 2673 τὸν
3446 2621 3505 2673 δὲ
3538 2622 3729 2677 τούτου

470 2730 501 2770 a
542 2714 749 2770 dextris
780 2714 915 2771 meis
940 2715 1011 2767 "z
1058 2734 1076 2768 ι
1109 2715 1198 2771 ubi
1237 2715 1692 2786 quemadmodum
1721 2714 1917 2784 prioris
1946 2713 2033 2769 Do

2142 2713 2392 2784 δεύτερον
2430 2712 2519 2766 διὰ
2568 2713 2665 2782 τῆς
2709 2711 2967 2781 δευτέρας
3007 2712 3291 2780 ἀποφήνας
3332 2712 3725 2783 προσηγορίας.

480 2806 616 2860 mini
659 2821 793 2862 voce
840 2807 1010 2862 Deum
1048 2808 1370 2871 maximum,
1417 2806 1492 2861 ita
1528 2805 1817 2875 posteriori
1868 2805 2033 2875 appel-

2143 2808 2263 2860 Τίνι
2293 2806 2402 2878 γὰρ
2440 2805 2583 2876 ἄλλῳ
2610 2805 2767 2876 θέμις
2787 2806 3034 2858 ὑπονοεῖν
3066 2803 3134 2857 τὰ
3163 2804 3313 2871 δεξιά
3333 2804 3424 2858 διὰ
3442 2805 3545 2876 τῆς
3574 2808 3725 2875 ἀγενο

471 2897 675 2955 latione
730 2898 963 2953 alterum
1020 2898 1088 2954 ab
1130 2898 1223 2955 illo
1283 2897 1602 2953 declaravit.
1667 2897 1840 2963 Quem
1896 2897 2033 2951 enim

2141 2899 2301 2969 νήτου
2333 2897 2595 2968 Θεότητος
2644 2895 3085 2967 παραχωρείσθαι
3119 2897 3152 2968 ἢ
3194 2896 3340 2967 μόνῳ
3368 2896 3448 2968 τῷ
3473 2893 3681 2968 περὶῶ
3701 2900 3726 2941 ’δ

468 2989 714 3059 cogitare
759 2990 844 3044 fas
901 2997 1021 3057 est,
1076 2990 1169 3060 qui
1234 2989 1301 3044 ab
1357 2988 1593 3060 ingenita
1640 2988 1926 3043 divinitate
1972 2987 2033 3041 ad

2142 2988 2325 3057 λόγος;
2360 2989 2417 3042 ὃν
2445 2991 2473 3041 ὁ
2522 2989 2679 3052 αὐτὸς
2729 2990 3011 3059 προφήτης
3057 2989 3115 3041 ὲν
3167 2988 3375 3057 ἑτέροις
3407 2989 3722 3059 λευκότερον

469 3079 642 3149 ipsius
685 3078 969 3134 dexteram
1013 3079 1334 3136 considendi
1373 3080 1465 3150 jus
1507 3078 1806 3149 acceperit,
1847 3089 2033 3148 praeter

2141 3081 2392 3149 διασαφεῖ
2430 3080 2603 3149 Λόγον
2648 3078 2743 3133 τοῦ
2784 3079 3016 3150 Πατρὸς,
3054 3079 3386 3152 δημιουργὸν
3438 3082 3550 3133 τῶν
3593 3082 3723 3135 ὅλων

470 3186 641 3224 unum
684 3170 862 3239 illum,
910 3186 1022 3240 quo
1073 3171 1140 3226 de
1184 3187 1365 3226 sermo
1409 3187 1438 3226 a
1482 3172 1640 3227 nobis
1699 3171 2033 3227 instituitur?

2142 3173 2509 3243 ὑφιστάμενος
2568 3169 2705 3225 εἶναι
2741 3172 2831 3225 τὸν
2861 3170 3296 3251 θεολογούμενον,
3331 3174 3390 3225 ὲν
3430 3167 3514 3236 οἷς
3554 3190 3713 3243 φησι·

2670 1153 3068 1209 ΚΕΦΑΛΑΙΟΝ
3107 1156 3200 1207 ῙΔ’.

2152 1248 2295 1320 Περὶ
2313 1247 2420 1302 τοῦ
2435 1245 2718 1313 δευτέρου
2731 1245 2944 1307 αἰτίου,
2974 1244 3255 1312 Ἑᾶοαίωεν
3265 1244 3365 1297 καὶ
3386 1243 3726 1312 Πλάτωνος.

2224 1340 2306 1394 Τὰ
2334 1339 2433 1411 μὲν
2454 1337 2519 1409 δὴ
2555 1338 2683 1409 περ)⁵
2704 1335 2797 1389 τοῦ
2827 1334 3046 1405 πρώτου
3070 1335 3178 1389 τῶν
3212 1335 3347 1389 ὅλων
3376 1336 3573 1400 αἰτίου,
3606 1337 3731 1391 τοῦ-

469 3260 645 3328 Quem
694 3261 838 3317 idem
892 3262 1008 3331 ipse
1049 3263 1350 3332 propheta,
1406 3263 1627 3333 planius
1683 3263 1863 3317 adhuc
1909 3263 2033 3317 alibi

2154 3283 2173 3314 ι
2200 3262 2289 3333 Τῷ
2326 3263 2483 3333 Λόγῳ
2512 3260 2716 3333 Κυρίου
2758 3264 2809 3316 οἱ
2840 3263 3057 3334 οὐρανοὶ⁸
3089 3262 3525 3333 ἐστερεώθησαν.
3569 3286 3587 3316 ι
3622 3265 3724 3317 Καὶ

467 3349 643 3407 Patris
670 3350 907 3407 Verbum
937 3367 1059 3408 esse
1097 3354 1432 3422 pronuntiat,
1459 3354 1586 3408 dum
1620 3354 1772 3409 illum
1798 3354 2040 3410 universi

470 3443 779 3499 molitorem
843 3457 965 3498 esse
1024 3450 1255 3505 testatur
1294 3460 1357 3499 ac
1396 3445 1569 3514 ponit,
1600 3464 1619 3496 ι
1658 3443 1858 3512 Verbo,
1901 3464 1919 3496 ι
1960 3446 2042 3498 in-

470 3538 685 3610 quiens,
713 3556 732 3589 ι
756 3534 969 3592 Domini
985 3537 1109 3597 caeli
1125 3537 1322 3599 ﬁrmati
1349 3546 1478 3592 sunt
1505 3539 1567 3594 ¹⁸.
1594 3558 1613 3591 ι
1634 3536 1773 3605 Quin
1794 3539 2039 3593 omnium

470 3630 660 3693 etiam,
690 3628 811 3699 ejus
845 3643 948 3699 ope
976 3635 1031 3685 et
1063 3629 1350 3685 curatione
1375 3630 1760 3699 indigentium,
1790 3629 2041 3687 Servato-

471 3737 589 3777 rem
636 3722 791 3777 illum
835 3736 958 3778 esse
995 3721 1350 3789 confirmans,
1400 3721 1626 3791 (Misit,
1665 3724 1861 3794 inquit,
1906 3721 2040 3778 Ver-

469 3812 599 3868 bum
641 3828 826 3880 suum,
860 3820 915 3869 et
945 3813 1156 3868 sanavit
1182 3826 1275 3868 eos
1314 3814 1380 3867 1’.
1425 3832 1445 3866 ι
1491 3812 1754 3870 Similiter
1791 3814 2035 3883 ejusdem

469 3904 615 3960 filius
648 3905 815 3960 simul
861 3913 1024 3976 atque
1060 3920 1351 3961 successor
1394 3903 1676 3974 Salomon,
1712 3906 2034 3977 appellatio-

471 4012 543 4054 ne
570 3998 790 4067 quidem
830 3998 959 4064 alia,
1000 4013 1162 4053 sensu
1197 4006 1376 4055 tamen
1421 4013 1648 4067 prorsus
1690 4000 1900 4064 eodem,
1942 4015 2037 4069 pro

469 4084 650 4144 Verbo
685 4087 1017 4158 Sapientiam
1049 4091 1362 4154 nominans,
1397 4091 1512 4146 haec
1540 4090 1686 4147 illius
1716 4106 1779 4146 ex
1807 4107 2036 4160 persona

468 4179 896 4233 commemorati
950 4194 970 4229 ι
1023 4176 1132 4248 Ego
1179 4177 1456 4249 Sapientia
1505 4180 1758 4235 habitans
1806 4182 1862 4235 in
1902 4197 2035 4236 con-

470 4268 613 4335 silio,
632 4275 686 4323 et
705 4268 1069 4339 cognitionem
1101 4279 1155 4324 et
1188 4270 1600 4341 intelligentiam
1632 4272 1880 4327 invocavi
1910 4274 1975 4326 ὀ.
2012 4293 2030 4325 ι

473 4358 611 4415 Tum
633 4360 796 4430 paulo
825 4369 949 4430 post
980 4359 1052 4415 ita
1082 4364 1458 4432 prosequitur:
1485 4380 1504 4414 t
1532 4364 1793 4418 Dominus
1835 4366 2037 4419 creavit

469 4464 557 4505 me
586 4448 802 4503 initium
841 4448 1053 4503 viarum
1089 4464 1311 4505 suarum
1344 4450 1397 4503 in
1427 4464 1593 4521 opera
1619 4466 1738 4506 sua.
1769 4452 1907 4508 Ante
1935 4469 2035 4521 sae-

464 4541 650 4597 culum
684 4538 935 4595 fundavit
960 4556 1070 4605 me,
1103 4541 1154 4596 in
1196 4541 1468 4612 principio
1498 4553 1791 4613 antequam
1835 4554 2031 4602 terram
2062 4522 2104 4579 δ

464 4631 691 4699 faceret,
710 4641 1002 4702 antequam
1028 4642 1243 4689 montes
1259 4634 1657 4690 constitissent.
1682 4635 1821 4691 Ante
1842 4652 2032 4694 omnes

463 4725 631 4780 colles
674 4724 847 4794 gignit
880 4739 986 4778 me.
1022 4722 1251 4791 Quando
1294 4726 1633 4795 praeparabat
1674 4728 1895 4792 uelum,
1931 4731 2029 4783 ad-

461 4831 610 4871 eram
636 4814 736 4885 ipsi
755 4815 820 4869 “.
865 4833 885 4866 ι
927 4813 1182 4883 Ejusdem
1215 4830 1432 4884 quoque
1471 4823 1618 4884 sunt,
1644 4832 1765 4887 quae
1790 4834 2028 4888 sequun-

462 4917 588 4972 tur,
640 4927 662 4960 ι
704 4906 846 4963 Deus
897 4908 949 4961 in
999 4904 1275 4977 Sapientia
1330 4906 1579 4964 fundavit
1616 4918 1839 4977 terram,
1887 4926 2026 4980 prte-

459 5000 670 5075 paravit
717 5000 885 5056 cmlos
935 4998 991 5054 in
1046 5000 1376 5070 prudentia;
1439 5019 1459 5053 ι
1516 5008 1631 5055 tum
1685 5001 1848 5056 etiam
1899 5002 2022 5068 ista,

465 5111 489 5147 ι
525 5089 718 5148 Omnia
747 5091 957 5147 occulta
989 5101 1045 5146 et
1073 5102 1256 5162 aperta
1290 5092 1453 5147 novi:
1488 5092 1734 5147 omnium
1765 5094 1909 5148 enim
1945 5109 2028 5148 aro

2142 3354 2372 3425 Σωτῆρα
2402 3353 2458 3406 δὲ
2506 3354 2597 3407 τὸν
2637 3352 2797 3408 αὑτὸν
2828 3352 2936 3405 τῶν
2967 3353 3235 3424 δεομένων
3258 3354 3357 3425 τῆς
3398 3356 3530 3427 παρ’
3563 3357 3723 3409 αὑτοῦ

2143 3447 2435 3519 θεραπείας
2466 3446 2699 3516 εἰσάγει,
2748 3446 2950 3515 λέγων·
2994 3465 3013 3497 t
3066 3447 3378 3501 Ἀπέστειλε
3415 3450 3509 3501 τὸν
3555 3451 3722 3517 Λόγον

2140 3538 2327 3604 αὑτοῦ,
2396 3539 2489 3592 καὶ
2542 3538 2730 3592 ἰάσατο
2771 3536 2989 3600 αὐτούς.
3032 3556 3051 3589 ι
3088 3539 3256 3591 Καὶὸ
3288 3539 3481 3592 τούτου
3507 3541 3566 3592 δὲ
3596 3545 3721 3604 παῖς

2140 3628 2275 3701 epos
2330 3631 2425 3683 καὶ
2469 3628 2709 3699 διάδοχος
2739 3629 3011 3699 Σολομὼν,
3038 3629 3214 3701 ἑτέρῳ
3242 3633 3595 3704 προσρήματι
3624 3635 3721 3703 τὴν

2141 3720 2310 3790 αὐτὴν
2344 3719 2615 3788 παριστὰς
2648 3720 2905 3783 διάνοιαν,
2949 3720 3068 3772 ἀντὶ
3093 3721 3268 3784 Λόγου
3307 3722 3509 3790 Σοφίαν
3530 3724 3720 3789 εἰπὼν,

2138 3812 2266 3865 τάδε
2294 3813 2370 3875 ὡς
2393 3811 2453 3876 ἐξ
2481 3812 2651 3881 αὐτῆς
2681 3812 2969 3882 προσώπου
3006 3813 3255 3877 διέξεισιν
3275 3833 3289 3845 ο
3325 3835 3344 3868 ι
3398 3815 3540 3885 Ἐγὼ
3569 3820 3602 3888 ἡ
3628 3818 3724 3871 Σο-

2140 3905 2237 3973 φία
2290 3905 2682 3976 κατεσκήνωσα
2734 3904 2951 3975 βουλὴν,
2979 3906 3072 3958 καὶ
3115 3906 3339 3974 γνῶσιν,
3376 3909 3474 3961 καὶ
3515 3909 3722 3964 ἔννοιαν

2140 3994 2249 4064 ἐγὼ
2282 3994 2718 4066 ἐπεκαλεσάμην.
2763 4016 2781 4046 ι
2815 3992 2928 4049 Εἶθ’
2978 3997 3104 4067 ἑξῆς
3148 3999 3391 4067 ἐπιλέγει
3415 4018 3431 4030 ·
3464 4020 3484 4052 ι
3519 4002 3722 4073 Κύριος

2138 4084 2318 4138 έκτισέ
2346 4102 2411 4156 με
2477 4086 2649 4157 ἀρχὴν
2688 4086 2822 4139 όδῶν
2869 4086 3033 4140 αὐτοῦ
3069 4090 3149 4151 είς
3198 4089 3337 4161 ἔργα
3370 4091 3559 4146 αὐτοῦ.
3611 4094 3723 4165 Πρὸ

2137 4175 2230 4229 τοῦ
2264 4175 2457 4239 αἰῶνος
2484 4176 2811 4247 ἐθεμελίωσέ
2847 4195 2934 4247 με,
2967 4180 3023 4231 ὲν
3055 4179 3195 4250 ἀρχῇ
3226 4181 3332 4250 πρὸ
3364 4181 3461 4234 τοῦ
3492 4184 3591 4255 τὴν
3619 4187 3721 4255 γῆν

2137 4268 2382 4338 ποιῆσαι,
2417 4268 2522 4339 πρὸ
2543 4268 2635 4321 τοῦ
2654 4269 2752 4341 ὅρη
2784 4269 3127 4340 ἑδρασθῆναι.
3146 4271 3262 4342 Πρὸ
3292 4273 3349 4325 δὲ
3371 4275 3594 4329 πάντων
3614 4278 3720 4329 τῶν

2139 4356 2342 4427 βουνῶν
2373 4360 2536 4429 γεννᾷ
2564 4376 2649 4429 με.
2682 4360 2872 4413 Ἡνίκα
2903 4361 3165 4431 ἡτοίμαξε
3190 4362 3282 4415 τὸν
3306 4364 3558 4435 οὐρανὸν,
3588 4383 3721 4436 συμ-

2139 4453 2400 4522 παρήμην
2430 4449 2598 4521 αὐτῷ.
2623 4470 2642 4502 ι
2675 4450 2780 4504 Τοῦ
2803 4451 2847 4505 δ’
2887 4451 3051 4506 αὐτοῦ
3093 4453 3254 4507 πάλιν
3296 4457 3392 4508 καὶ
3417 4456 3546 4510 τάδε
3570 4460 3714 4511 ἐστί·

2145 4562 2163 4593 ι
2208 4544 2265 4595 '0
2287 4542 2419 4606 Θεὸς
2439 4543 2497 4594 ὲν
2519 4544 2584 4613 τῇ
2618 4543 2789 4614 Σοφίᾳ
2832 4543 3159 4614 ὲθεμελίωσε
3185 4547 3285 4616 τὴν
3324 4547 3430 4618 γῆν
3449 4589 3465 4614 ,
3492 4550 3719 4621 ἡτοίμα-

2142 4653 2232 4689 σεν
2280 4636 2542 4708 οὐρανοὺς
2608 4637 2666 4689 ὲν
2714 4638 2990 4707 φρονήσει.
3039 4656 3058 4689 ι
3104 4639 3225 4691 Ἔτι
3264 4638 3321 4692 δὲ
3350 4640 3476 4694 τάδε
3501 4640 3719 4711 λέγεται

2138 4723 2381 4781 εἶναιτοῦ
2418 4722 2583 4778 αὑτοῦ
2609 4741 2622 4754 ·
2656 4743 2673 4775 ι
2707 4726 2819 4777 Καὶ
2846 4725 2946 4778 ὅσα
2982 4723 3100 4778 ἐστὶ
3132 4725 3353 4795 κρυπτὰ
3383 4729 3719 4799 καὶ-ἐμφανῆ

2137 4816 2305 4885 ἔγνων
2331 4833 2343 4846 ·
2369 4819 2402 4886 ἡ
2424 4817 2532 4887 γὰρ
2550 4815 2765 4868 πάντων
2787 4817 3021 4886 τεχνῖτις
3047 4814 3254 4883 ἐδίδαξέ
3274 4834 3342 4887 με
3361 4818 3555 4888 Σοφία.
3570 4838 3589 4870 ι
3606 4820 3717 4873 Εἶτ’

2135 4907 2373 4975 ἐπιλέγει
2396 4924 2410 4937 ο
2442 4926 2460 4957 ι
2503 4907 2566 4959 Τί
2589 4906 2634 4960 δ’
2661 4905 2777 4959 ἐστὶ
2800 4907 2990 4975 Σοφία,
3010 4908 3105 4960 καὶ
3128 4906 3246 4971 πῶς
3271 4909 3491 4978 ἐγένετο
3512 4927 3531 4975 ;
3576 4909 3718 4979 Ἐγὼ

2130 4996 2448 5066 ἀπαγγελῶ,
2483 4998 2576 5050 καὶ
2624 4997 2724 5049 οὐκ
2766 4995 3071 5067 ἀποκρύψω
3111 4998 3238 5067 ὑμῖν
3267 5000 3567 5071 μυστήρια,

2127 5089 2189 5155 ἐξ
2222 5091 2397 5161 ἀρχῆς
2433 5089 2701 5159 γενέσεως
2757 5088 3063 5159 ἐξιχνιάσω.
3098 5108 3117 5140 ι
3156 5090 3269 5143 Καὶ
3310 5092 3441 5161 ἑξῆς
3465 5092 3718 5162 διασαφεί

457 5180 590 5239 tifex
634 5180 821 5237 docuit
864 5195 954 5236 me
983 5181 1258 5252 Sapientia
1288 5182 1354 5235 ι’.
1411 5200 1431 5234 ι
1485 5179 1696 5249 Quibus
1740 5184 2021 5252 sequentia

2141 5181 2193 5236 τὰ
2218 5182 2396 5236 τοιάδε
2418 5198 2433 5214 ο
2471 5202 2490 5235 ι
2525 5181 2681 5235 Ἔστι
2730 5180 2840 5252 γὰρ
2868 5179 3005 5251 αὕτη
3037 5181 3256 5252 πνεῦμα
3281 5185 3487 5255 νοερὸν,
3537 5187 3712 5255 ἅγιον,

455 5273 714 5342 deinceps
754 5271 1038 5342 adjungit,
1084 5291 1104 5324 ι
1151 5272 1293 5339 Quid
1325 5279 1505 5328 autem
1532 5280 1620 5327 est
1655 5271 1931 5342 Sapientia
1968 5283 2022 5330 et

455 5365 735 5436 quomodo
758 5364 943 5435 genita
986 5364 1108 5421 est?
1134 5362 1250 5434 Ego
1283 5362 1521 5420 referam
1558 5371 1613 5419 et
1657 5379 1765 5419 non
1795 5377 2024 5420 abscon—

2129 5272 2435 5343 μονογενὲς,
2491 5271 2819 5343 πολυμερὲς,
2873 5272 3086 5338 λεπτὸν,
3119 5272 3403 5343 εὐκίνητον
3426 5314 3441 5339 ,
3492 5275 3710 5347 τρανὸν,

2129 5362 2449 5433 ἁμόλυντον,
2502 5361 2925 5433 παντοδύναμον,
2985 5363 3416 5427 πανεπίσκοπον,
3478 5366 3578 5420 καὶ
3626 5367 3714 5419 διὰ

452 5452 580 5511 dam
627 5470 659 5509 a
692 5455 848 5512 vobis
890 5464 1257 5519 sacramenta,
1293 5455 1389 5511 sed
1424 5454 1494 5510 ab
1538 5454 1695 5510 initio
1723 5456 2025 5511 nativitatis

2141 5453 2347 5535 πάντων
2372 5452 2582 5525 χωροῦν
2615 5452 2938 5524 πνευμάτων
2962 5454 3182 5526 νοερῶν,
3212 5456 3492 5529 καθαρῶν,
3523 5459 3715 5513 λεπτο-

454 5546 794 5616 investigabo
821 5547 889 5604 ⁸⁸.
944 5566 966 5600 ι
1018 5546 1221 5603 Deinde
1277 5562 1390 5603 rem
1442 5547 1723 5603 illustrans
1781 5547 2026 5614 uberius,

2126 5545 2324 5600 τάτων.
2393 5545 2581 5615 Πάσης
2632 5545 2740 5618 γὰρ
2775 5548 3041 5618 κινήσεως
3079 5548 3710 5622 κινητικώτερονΣοφία.

524 5662 564 5736 ξ’
583 5661 726 5717 Deut.
754 5663 997 5736 “311,7.
1030 5664 1094 5736 _"
1113 5662 1254 5736 Psal.
1279 5662 1510 5736 xxx,_29.
1531 5662 1634 5736 κζ’
1650 5663 1806 5736 Deut.
1834 5679 1952 5736 xui,
1971 5662 2023 5718 4.
2066 5735 2073 5736 γ
2099 5656 2435 5736 ίιιίοοζινβτ
2456 5733 2474 5736 _
2512 5662 2789 5736 "John,
2821 5664 2994 5736 (haec.
3014 5663 3185 5720 LXX.
3262 5667 3307 5699 “
3328 5666 3467 5722 Gen.
3487 5668 3706 5736 ιιιβι.

454 5728 499 5763 ⁸¹
515 5730 792 5802 Psal.crx,
828 5735 878 5791 1.
912 5728 917 5730 ⁷
960 5735 1003 5766 ³⁸
1027 5732 1172 5790 Psal.
1197 5750 1368 5802 xxxn,
1394 5728 1448 5790 6.
1526 5731 1956 5804 "Psal.cvr,20.

2142 5749 2258 5790 rov.
2277 5748 2397 5800 vui,
2417 5733 2503 5790 12.
2546 5734 2622 5809 "‘
2654 5728 2783 5790 ibid.
2823 5733 2913 5791 22.
2992 5736 3211 5817 ⁸³,ὼὶάη
3263 5737 3312 5771 ³⁸
3352 5728 3708 5811 Sap.vt,'25.
