3826 6232
133 307 245 365 385

1286 298 1605 359 ΡΒᾸΕΡᾹΒ.
1645 294 1897 353 EVANG.
1939 290 2066 349 LIB.
2096 290 2188 347 XI.

3279 267 3384 328 886

128 433 321 502 Διήκει
345 428 403 482 δὲ
439 428 530 483 καὶ
560 431 731 500 χωρεῖ
755 428 847 484 διὰ
866 428 1086 484 πάντων
1111 427 1198 482 διὰ
1218 427 1314 498 τὴν
1348 424 1715 496 καθαρότητα.

1840 440 1842 449 λ
1887 418 1982 473 Est
2034 416 2202 477 enim,
2252 410 2460 482 inquit,
2511 408 2628 477 ipsa
2689 402 2926 476 Spiritus
2974 364 3384 502 intelligentire,

142 524 341 595 ’Λτμὶς
369 525 477 594 γάρ
512 525 628 575 ἐστι
649 524 748 593 τῆς
796 521 889 576 τοῦ
922 520 1057 574 Θεοῦ
1089 521 1389 591 δυνάμεως,
1430 520 1523 571 καὶ
1547 514 1717 586 ἀπόρ-

133 617 260 687 ροςα
296 615 392 684 τῆς
436 613 530 667 τοῦ
569 614 1016 686 Παντοκράτορος
1065 612 1223 683 δόξης
1271 610 1587 680 εἰλικρινής.
1620 606 1718 660 Διὰ

129 705 295 758 τοῦτο
344 703 495 758 οὐδὲν
549 703 956 776 μεμολυσμένον
992 705 1072 768 εἰς
1112 703 1279 774 αὐτὴν
1318 699 1713 772 παρεμπίπτει.

1822 520 2071 573 sanctus,
2103 505 2438 577 unigenitus,
2477 499 2782 569 multiplex,
2832 493 3085 555 subtilis,
3132 485 3386 551 mobilis,

1823 602 2086 665 disertus,
2123 596 2592 667 incoinquinatus,
2623 602 2840 645 omnem
2873 586 3080 640 habens
3105 581 3385 644 virtutem,

1823 693 2009 748 omnia
2039 690 2399 761 prospiciens,
2436 700 2626 741 omnes
2672 694 2960 753 permeans
3004 674 3259 746 spiritus,
3304 670 3388 724 in—

141 794 516 866 Ἀπαύγασμα
549 760 676 867 ,γάρ
729 760 844 848 ἐστι
882 760 1285 864 φωτὸς-ἀϊδίοῦ,
1320 760 1417 846 καί
1460 760 1718 860 έσοπτρον

1840 760 2147 854 elligibiles,
2166 794 2357 851 puros,
2380 775 2762 833 tenuissimos:
2785 770 2942 841 533
2966 765 3222 829 omnibus
3241 760 3388 817 enim

130 888 469 959 ἀκηλίδωτον
505 888 605 959 τῆς
633 887 728 941 τοῦ
775 887 910 941 Θεοῦ
955 886 1256 957 ἐνεργείας,
1303 884 1398 938 καὶ
1440 883 1600 936 εἰκὼν
1624 881 1723 950 τῆς

135 980 476 1049 ἀγαθότητος
499 979 684 1033 αὑτοῦ.
731 998 854 1031 ›-‹
890 978 1151 1032 Διατείνει
1188 977 1244 1031 δὲ
1268 975 1374 1043 ἀπὸ
1396 974 1628 1046 πέρατος
1647 972 1726 1034 εἰς

134 1073 313 1145 πέρας
352 1072 660 1145 εὐρώστως,
688 1073 780 1126 καὶ
806 1072 1086 1125 διοικεῖται
1111 1070 1180 1123 τὰ
1202 1050 1377 1122 πάντα
1401 1064 1672 1138 χρηστῶς.
1701 1083 1719 1115 ι

134 1163 328 1219 Ταῦτα
347 1165 445 1236 μὲν
474 1166 506 1235 ἡ
538 1162 751 1238 Γραφή.
770 1165 880 1236 Τὴν
903 1163 959 1216 δὲ
987 1163 1072 1216 διὰ
1096 1162 1186 1216 τοῦ
1204 1161 1465 1231 δόγματος
1492 1156 1725 1211 διάνοιαν

132 1255 312 1309 Φίλων
344 1259 373 1310 ὁ
411 1256 659 1327 Ἐϐραῖος
691 1255 1002 1327 λευκότερον
1034 1251 1349 1325 ἑρμηνεύων
1386 1247 1534 1302 τόνδε
1564 1244 1724 1317 παρί-

134 1361 302 1419 στησι
335 1347 424 1400 τὸν
443 1346 663 1418 τρόπον.

1823 873 2120 931 mobilibus
2155 870 2410 926 mobilior
2436 876 2520 922 est
2554 862 2869 934 Sapientia:
2914 863 3164 929 penetrat
3206 863 3391 907 autem

1823 984 1890 1023 ac
1923 965 2168 1037 pervadit
2217 962 2401 1017 omnia
2445 967 2666 1029 propter
2695 968 2851 1011 suam
2898 948 3243 1006 munditiam.
3285 943 3392 998 Va-

1823 1074 1924 1128 por
1948 1057 2210 1113 est'enim
2253 1054 2470 1109 virtutis
2495 1051 2607 1113 Dei,
2643 1057 2698 1103 et
2724 1044 3003 1102 emanatio
3032 1042 3280 1112 quaedam
3308 1049 3393 1093 est

1825 1147 2227 1218 Omnipotentis
2260 1144 2447 1215 gloriae
2486 1143 2720 1198 sincera.
2758 1137 2824 1191 Et
2863 1137 2985 1190 ideo
3026 1132 3159 1187 nihil
3206 1128 3389 1199 inqui-

1830 1249 2021 1295 natum
2079 1238 2134 1292 in
2191 1252 2311 1291 eam
2371 1232 2623 1289 incurrit.
2667 1229 2881 1285 Candor
2930 1233 3016 1279 est
3060 1224 3203 1277 enim
3253 1219 3393 1275 lucis

1831 1339 2066 1395 aeternae,
2098 1338 2152 1385 et
2194 1327 2474 1399 speculum
2515 1324 2636 1379 sine
2665 1318 2876 1376 macula
2910 1316 3007 1372 Dei
3036 1312 3395 1379 eﬁicacitatis,

131 1445 195 1495 et
217 1403 401 1508 imago
445 1403 703 1493 bonitatis
738 1436 882 1492 illius
902 1435 969 1489 “.
1007 1453 1026 1485 ι
1064 1465 1123 1474 νμ-
1157 1450 1175 1484 ι
1204 1430 1430 1501 Attingit
1458 1436 1637 1483 autem
1672 1440 1702 1478 a
1731 1423 1836 1478 ﬁne
1875 1437 2047 1494 usque
2082 1421 2149 1477 ad
2191 1422 2352 1475 tinem
2385 1417 2618 1479 fortiter,
2648 1423 2703 1469 et
2721 1411 2958 1482 disponit
2991 1408 3174 1465 omnia
3209 1403 3396 1461 suavi—

133 1538 225 1587 ter
252 1498 385 1584 ἐν»
436 1530 562 1588 Haec
615 1530 918 1601 Scriptura.
973 1528 1144 1599 Cujus
1191 1498 1410 1598 quidem
1467 1521 1727 1580 doctrinae
1764 1534 1986 1574 sensum
2045 1517 2204 1572 Philo
2262 1515 2520 1570 Hebraeus
2556 1521 2851 1581 exponens,
2910 1504 3112 1561 clarius
3154 1502 3299 1556 hunc
3339 1498 3396 1554 in

138 1629 370 1685 modum
405 1629 787 1699 illustriusque
824 1637 1195 1700 repraesentat.

660 1724 1056 1778 ΚΕΦΑΛΛΙΟΝ
1101 1724 1203 1777 ΙΕ’.

384 1818 649 1883 Φίλωνος
677 1817 813 1887 περὶ
840 1817 943 1872 τοῦ
972 1815 1254 1885 δευτέρου
1279 1815 1489 1869 αἰτίου.

217 1927 237 1960 ι
268 1909 552 1981 Εὐπρεπὲς
571 1909 678 1979 (76)
705 1910 812 1982 γὰρ
837 1912 949 1974 τοῖς
982 1909 1225 1981 ἑταιρίαν
1251 1907 1387 1976 πρὸς
1415 1903 1724 1973 ἐπιστήμην

141 2001 395 2071 θεμένοις
422 2001 668 2071 ἐφίεσθαι
705 2001 803 2071 μὲν
836 2000 929 2054 τοῦ
965 2001 1026 2053 τὸ
1073 1998 1131 2053 ὃν
1168 1999 1321 2053 ἰδεῖν·
1360 1999 1407 2050 εἰ
1447 1995 1503 2048 δὲ
1534 1994 1606 2065 μὴ
1637 1991 1725 2045 δύ-

138 2110 346 2157 ναιντο,
370 2092 467 2164 τὴν
499 2091 629 2162 γοῦν
657 2093 844 2146 εἰκόνα
876 2091 1041 2145 αὐτοῦ
1060 2091 1152 2145 τὸν
1183 2089 1469 2162 ἱερώτατον
1497 2086 1721 2155 Λόγον.»

154 2184 245 2236 Ἐν
280 2183 359 2253 τῷ
388 2182 431 2236 δ’
460 2183 607 2254 αὐτῷ
658 2183 1046 2255 συγγράμματι
1074 2182 1169 2237 καὶ
1196 2180 1320 2234 τάδε
1350 2180 1481 2250 φησί
1502 2195 1515 2208 ο
1551 2197 1569 2229 t
1610 2175 1726 2229 Κᾶν

145 2276 377 2345 μηδέπω
441 2274 621 2344 μέντοι
678 2274 918 2345 τυγχάνῃ
966 2291 1051 2337 τις
1103 2274 1396 2344 ἀξιόχρεως
1435 2270 1546 2332 υἱὸς
1592 2264 1726 2321 Θεοῦ

144 2362 673 2441 προσαγορεύεσθαι,
722 2367 1074 2432 σπουδαζέτω
1108 2365 1429 2438 κοσμεῖσθαι
1468 2361 1608 2416 κατὰ
1638 2361 1730 2414 τὸν

144 2461 489 2535 πρωτόγονον
524 2459 686 2514 αὐτοῦ
720 2461 913 2529 Λόγον,
950 2460 1042 2513 τὸν
1073 2458 1318 2528 ἀγγέλων
1339 2454 1726 2527 πρεσϐύτατον,

142 2553 243 2609 καὶ
269 2553 343 2616 ὡς
371 2552 441 2607 ἂν
491 2551 827 2623 ὰρχάγγελον
872 2550 1222 2620 πολυώνυμον
1257 2547 1585 2618 ὑπάρχοντα.
1621 2543 1730 2596 Καὶ

142 2647 261 2718 γὰρ
321 2645 484 2716 ἀρχὴ,
515 2645 609 2698 καὶ
639 2645 807 2716 ὄνομα
822 2643 979 2708 Θεοῦ,
1002 2643 1096 2697 καὶ
1114 2641 1305 2709 Λόγος,
1338 2639 1432 2693 καὶ
1456 2639 1484 2690 ὁ
1510 2638 1628 2691 κατ’
1657 2636 1732 2688 εἰ-

140 2739 282 2795 κόνα
321 2737 624 2808 ἄνθρωπος,
656 2738 749 2790 καὶ
779 2738 807 2789 6
829 2734 1218 2808 όρῶνἸσραὴλ,
1247 2729 1729 2801 προσαγορεύεται.

146 2831 242 2886 Διὸ
275 2828 556 2901 προήχθην
589 2828 753 2898 ὀλίγῳ
797 2828 1058 2900 πρότερον
1097 2826 1379 2880 ἐπαινέσαι
1404 2824 1500 2888 τὰς
1533 2822 1732 2895 ἀρετὰς

145 2924 261 2979 τῶν
288 2922 604 2992 φασκόντων
635 2923 718 2975 ὅτι
747 2922 945 2984 πάντες
966 2920 1132 2991 ἐσμὲν
1155 2902 1262 2972 uiui
1283 2918 1401 2980 ἐνὸς
1420 2914 1729 2988 ἀνθρώπου.

149 3018 265 3071 Καὶ
290 3017 400 3087 γὰρ
418 3017 467 3068 εἰ
512 3014 677 3086 μήπω
721 3014 896 3067 ἱκανοὶ
918 3012 1051 3065 Θεοῦ
1076 3011 1263 3075 παῖδες
1300 3007 1615 3080 νομίζεσθαι
1642 3023 1733 3075 γε-

2416 1695 2644 1755 CAPUT
2690 1692 2808 1749 XV.

2105 1795 2183 1851 De
2216 1792 2444 1850 secundo
2478 1790 2763 1861 principio,
2798 1799 2864 1842 ea:
2894 1783 3130 1838 Philone.

1907 1932 1925 1964 ι
1961 1911 2125 1968 Decet
2153 1910 2322 1978 enim,
2355 1907 2552 1979 inquit,
2593 1920 2719 1971 eos,
2763 1902 2855 1975 qni
2891 1916 3014 1956 cum
3045 1897 3269 1954 scientia
3309 1906 3401 1949 so-

1832 2005 2081 2060 cietatem
2122 2004 2365 2058 inierunt
2403 2001 2524 2072 ejus
2557 1999 2703 2070 quod
2748 2005 2852 2062 est,
2885 1991 3103 2049 vivendi
3133 1988 3401 2045 desiderio

1834 2099 2008 2155 teneri
2034 2116 2050 2165 ;
2091 2105 2206 2165 aut,
2255 2096 2302 2153 si
2332 2096 2515 2151 minus
2561 2094 2613 2148 id
2643 2089 2877 2162 possint,
2901 2084 3020 2157 ejus
3046 2084 3236 2140 saltem
3267 2081 3403 2135 ima-

1834 2191 1997 2260 ginis,
2038 2191 2143 2246 hoc
2188 2197 2272 2245 est
2309 2184 2666 2244 sacratissimi
2714 2181 2897 2238 Verbi.
2948 2200 2967 2233 ι
3017 2176 3172 2247 Quod
3213 2175 3402 2231 eodem

1834 2284 1995 2348 libro,
2050 2283 2169 2338 haec
2226 2282 2412 2342 etiam,
2466 2294 2591 2350 quae.
2636 2284 2956 2348 sequuntur,
2993 2274 3201 2327 habet:
3256 2287 3274 2320 ι
3332 2264 3405 2323 Ut
3475 2300 3483 2317 μ

1836 2376 1968 2446 quis
2003 2374 2188 2430 minus
2216 2372 2395 2428 adhuc
2420 2370 2545 2425 Filii
2566 2370 2659 2424 Dei
2679 2367 3035 2439 appellatione
3062 2363 3257 2433 dignus
3284 2358 3405 2415 fue—

1838 2469 1925 2534 rit,
1958 2482 2018 2523 se
2062 2467 2239 2536 ipsum
2290 2473 2473 2520 tamen
2504 2462 2570 2517 ad
2603 2459 3025 2531 primogenitum
3075 2455 3221 2510 illius
3270 2450 3407 2507 Ver-

1837 2563 1988 2625 bum,
2026 2561 2122 2630 qui
2163 2558 2482 2629 angelorum
2520 2553 2960 2624 antiquissimus,
3008 2565 3074 2605 ac
3116 2548 3278 2602 veluti
3314 2560 3406 2600 ar—

1836 2652 2137 2722 changelus
2178 2648 2434 2720 plurimis
2482 2645 2800 2701 nominibus
2840 2641 3072 2712 insignis
3119 2648 3222 2704 est,
3270 2652 3405 2693 con-

1838 2744 2074 2799 formare
2114 2750 2363 2797 conetur.
2401 2738 2614 2794 Etenim
2654 2734 3003 2807 principium,
3045 2731 3139 2787 Dei
3172 2727 3403 2793 Nomen,

1839 2834 2108 2901 Verbum,
2153 2831 2328 2887 Homo
2388 2830 2687 2888 secundum
2740 2827 3067 2897 imaginem,
3119 2830 3174 2878 et
3220 2820 3408 2876 videns

1839 2927 2003 2982 Israel
2053 2927 2376 2996 appellatur.
2438 2923 2625 2994 Itaque
2704 2921 2773 2977 ad
2815 2916 3170 2976 celebrandas
3215 2928 3406 2970 eorum

1838 3018 2067 3072 virtutes
2096 3016 2260 3087 paulo
2288 3023 2415 3070 ante
2454 3021 2735 3085 permotus
2766 3026 2911 3074 sum,
2956 3008 3051 3079 qui
3084 3020 3185 3061 nos
3217 3017 3408 3058 omnes

148 3108 416 3179 γόναμεν,
447 3105 583 3162 ἀλλά
625 3123 706 3159 τοι
750 3105 850 3174 τῆς
876 3104 1086 3169 ἀειδοῦς
1129 3104 1336 3167 εἰκόνος
1365 3101 1528 3156 αὑτοῦ
1561 3100 1732 3169 Λόγου

1840 3107 2080 3164 hominis
2131 3107 2295 3161 unius
2345 3106 2488 3162 ﬁlios
2536 3119 2659 3161 esse
2709 3102 2919 3158 dicunt.
2980 3097 3117 3153 Nam
3166 3104 3227 3153 ut
3275 3108 3411 3149 non-

149 3201 248 3255 τοῦ
284 3200 578 3271 ἱερωτάτου
598 3217 611 3229 ·
668 3196 804 3252 Θεοῦ
852 3198 959 3270 γὰρ
990 3196 1155 3252 εἰκὼν
1188 3197 1358 3266 Λόγος
1377 3197 1405 3250 ὁ
1434 3193 1737 3266 πρεσϐύτα-

155 3302 271 3347 τος.
308 3305 327 3335 ι
376 3286 484 3338 Καὶ
528 3286 687 3338 πάλιν
732 3284 1003 3352 ὲπιλέγεισ
1059 3305 1076 3335 ι
1120 3285 1362 3339 Ἤκουσα
1404 3285 1584 3356 μέντοι
1636 3283 1727 3336 καὶ

159 3373 272 3427 τῶν
304 3375 547 3438 Μωσέως
579 3374 806 3444 ἑταίρων
845 3374 987 3435 τινὸς
1024 3374 1505 3445 ἀποφθεγξαμένου
1530 3372 1727 3427 τοιόνδε

156 3467 340 3534 λόγιον
363 3481 377 3494 ·
418 3466 551 3520 Ἰδοὺ
590 3464 871 3535 ἄνθρωπος
911 3457 954 3531 ᾧ
996 3464 1164 3536 ὄνομα
1212 3464 1489 3535 Ἀνατολή.
1528 3466 1728 3518 Καινο-

154 3562 293 3633 τάτη
329 3562 648 3635 πρόσρησις,
677 3561 773 3614 ἐάν
820 3577 882 3628 γε
915 3559 1004 3611 τὸν
1035 3560 1098 3611 ὲκ
1148 3558 1397 3629 σώματος
1430 3558 1525 3611 καὶ
1561 3557 1739 3627 ψυχῆς

157 3653 472 3710 συνεστῶτα
514 3651 765 3721 λέγεσθαι
810 3650 1067 3721 νομίσῃς’
1105 3647 1200 3702 ἐὰν
1238 3648 1295 3701 δὲ
1327 3649 1417 3702 τὸν
1453 3639 1738 3718 ἀσώματον

157 3747 367 3799 ἐκεῖνον
396 3743 547 3798 θείαν
584 3744 727 3797 ἰδέαν
773 3740 1062 3813 φοροῦντα,
1122 3738 1319 3803 ἱκανῶς
1364 3737 1736 3809 ὁμολογήσεις,

156 3842 240 3895 ὅτι
288 3835 727 3892 εὐθυϐολώτατον
765 3835 936 3906 ὄνομα
987 3832 1334 3904 ὲπεφημίσθη
1374 3830 1434 3884 τὸ
1489 3829 1738 3901 ’Λνατολὴ

160 3931 330 4002 αὐτῷ.
357 3929 559 3983 Τοῦτον
594 3929 690 4000 μὲν
723 3927 830 4000 γὰρ
861 3925 1235 3999 πρεσϐύτατον
1262 3924 1388 3977 Υἱὸν
1410 3926 1439 3977 6
1471 3922 1577 3981 τῶν
1605 3923 1740 3976 ὅλων

160 4024 405 4081 ἀνέτειλε
448 4021 658 4093 Πατὴρ,
691 4020 751 4073 ὃν
799 4018 1023 4089 ἑτέρωθι
1076 4017 1424 4089 Πρωτόγονον
1470 4015 1736 4086 ὠνόμασε.

158 4119 271 4175 Καὶ
304 4118 333 4169 6
366 4114 648 4185 γεννηθεὶς
678 4113 880 4184 μέντοι,
923 4109 1257 4181 μιμούμενος
1285 4109 1380 4172 τὰς
1405 4106 1499 4161 τοῦ
1531 4107 1742 4178 Πατρός

156 4210 333 4272 ὁδοὺς,
346 4208 481 4279 πρὸς
496 4206 910 4278 παραδείνματα
920 4203 1198 4274 ἀρχέτυπα
1210 4202 1279 4255 τὰ
1290 4202 1495 4256 ἐκείνου
1509 4201 1739 4272 βλέπων,

158 4301 407 4372 ἑμόρφου
430 4298 499 4353 τὰ
532 4298 667 4369 εἴδη.
707 4320 726 4349 ο
761 4293 948 4349 Ταῦτά
976 4312 1065 4365 μοι
1097 4293 1207 4347 ἀπὸ
1232 4293 1327 4348 τοῦ
1373 4293 1621 4364 Ἑϐραίου
1649 4291 1742 4345 Φί-

158 4393 330 4456 λωνος
363 4390 599 4445 ἐνταῦθα
634 4388 857 4453 κείσθω,
894 4385 1168 4457 ληφθέντα
1198 4389 1261 4439 ὲκ
1294 4385 1741 4457 συγγράμματος,

160 4476 206 4553 ᾧ
255 4484 503 4537 τέθειται
555 4479 857 4551 ἐπιγραφὴ,
919 4478 1056 4545 Περί
1093 4476 1201 4531 τοῦ
1242 4478 1310 4532 τὸ
1351 4477 1547 4546 χεῖρον
1588 4476 1748 4542 αὐτῷ

162 4576 463 4645 κρείττονι
492 4571 603 4642 (77)
637 4569 838 4641 φιλεῖν
864 4570 1253 4623 ἐπιτίθεσθαι.
1282 4568 1418 4638 Ἤδη
1442 4566 1499 4620 δέ
1536 4583 1623 4637 μοι
1658 4566 1753 4619 καὶ

161 4664 353 4718 ἄλλοτε
406 4662 477 4716 τὰ
520 4662 618 4731 τῆς
682 4660 791 4714 τῶν
838 4658 1083 4712 παλαιῶν
1154 4657 1421 4730 Ἐϐραίων
1475 4656 1755 4720 εὐσεϐείας

160 4757 409 4828 δόγματα
438 4753 803 4826 παραθεμένῳ
829 4755 886 4805 ὲν
907 4754 1018 4815 τοῖς
1045 4751 1142 4821 τῆς
1168 4748 1577 4820 Εὐαγ-τελικῆς
1605 4753 1754 4818 Προ-

164 4844 583 4916 παρασκευῆς,
610 4846 705 4899 καὶ
726 4844 796 4897 τὰ
830 4843 956 4914 περὶ
995 4840 1088 4895 τοῦ
1136 4840 1388 4913 δευτέρου
1423 4840 1592 4893 αἰτίου
1622 4839 1756 4892 διεί-

1841 3200 1970 3255 dum
2001 3199 2179 3255 idonei
2219 3197 2393 3253 simus
2413 3238 2428 3264 ,
2474 3197 2568 3267 qui
2614 3211 2714 3267 pro
2743 3193 2839 3250 Dei
2873 3190 3058 3247 liberis
3090 3188 3409 3247 habeamur,

1842 3292 1963 3361 ejus
1991 3290 2212 3362 quidem
2259 3288 2515 3360 imaginis
2556 3302 2777 3343 sensum
2814 3296 3028 3339 omnem
3075 3276 3410 3350 superantis,

1842 3381 2028 3450 Verbi,
2073 3382 2339 3452 inquam,
2388 3376 2744 3435 sacratissimi
2774 3391 2895 3432 esse
2950 3377 3268 3445 possumus.
3315 3368 3411 3422 Dei

1841 3473 1988 3529 enim
2041 3472 2222 3543 imago
2277 3468 2516 3525 Verbum
2582 3468 2687 3522 hoc
2740 3463 3183 3536 antiquissimum
3229 3468 3332 3513 est.
3386 3475 3409 3510 ι

1845 3559 1983 3620 Tum
2014 3566 2118 3620 ista
2142 3563 2457 3634 subjungit:
2497 3579 2516 3612 ί
2552 3558 2694 3625 Quin
2722 3558 2885 3613 etiam
2921 3556 2989 3611 ab
3025 3554 3176 3609 socio
3208 3551 3414 3622 Moysis

1845 3658 2030 3727 aliquo
2072 3653 2345 3728 ejusmodi
2380 3651 2791 3724 pronuntiatum
2834 3662 2955 3703 esse
2986 3645 3271 3700 oraculum
3307 3658 3409 3696 au-

1844 3751 2080 3806 divimus
2120 3769 2135 3806 :
2190 3748 2330 3804 Ecce
2353 3747 2540 3809 homo,
2575 3744 2662 3800 cui
2696 3755 2894 3796 nomen
2929 3736 3120 3794 Oriens
3178 3732 3250 3789 ".
3307 3730 3416 3788 No-

1846 3859 1973 3897 vum
2007 3840 2250 3913 profecto
2284 3854 2508 3902 nomen,
2558 3836 2605 3892 si
2645 3833 2883 3903 aliquem
2918 3846 2985 3886 ex
3014 3842 3243 3899 corpore
3290 3824 3413 3880 ani-

1847 3947 2048 4002 moque
2091 3928 2388 3985 conflatum
2441 3925 2732 3995 intelligas.
2786 3921 2883 3977 Sin
2934 3928 3114 3979 autem
3159 3917 3416 3985 incorpo-

1848 4039 2000 4079 reum
2033 4023 2184 4076 illum
2209 4036 2274 4075 ac
2299 4019 2542 4074 divinum
2569 4014 2848 4085 exemplar
2872 4010 3133 4068 ferentem
3160 4006 3416 4076 accipias,

1849 4124 1964 4169 tum
1998 4112 2299 4176 enimvero,
2331 4106 2909 4164 convenientissimum
2945 4103 3049 4157 hoc
3081 4101 3186 4171 ipsi
3227 4090 3418 4154 Orien-

1849 4206 1920 4261 tis
1948 4219 2147 4259 nomen
2189 4201 2503 4271 impositum
2551 4213 2693 4263 esse,
2728 4197 2885 4253 facile
2924 4193 3215 4250 admodum
3247 4190 3422 4246 liben-

1851 4304 2036 4365 terque
2096 4292 2371 4348 fateberis.
2422 4290 2561 4344 Eum
2609 4289 2806 4360 quippe
2854 4285 3052 4340 Filium
3100 4281 3421 4352 antiquissi-

1851 4402 2000 4440 mum
2032 4383 2201 4440 edidit
2229 4382 2467 4438 universi
2500 4380 2727 4445 Parens,
2758 4394 2919 4449 quem
2954 4377 3117 4432 etiam
3151 4375 3279 4430 alibi
3307 4372 3423 4427 Pri-

1850 4477 2186 4547 mogenitum
2234 4476 2542 4546 appellavit.
2591 4471 2641 4529 Is
2688 4482 2870 4527 autem
2906 4486 2972 4525 ex
3017 4467 3129 4524 Deo
3171 4466 3422 4538 genitus,

1853 4566 2015 4639 53h.
2065 4568 2120 4621 in
2171 4567 2460 4635 archetypa
2505 4564 2651 4618 illius
2699 4559 3032 4629 exemplaria
3082 4554 3424 4626 respiciendo

1853 4659 2125 4714 formavit.
2166 4678 2184 4710 ι
2221 4655 2493 4711 Hactenus
2522 4670 2587 4710 ex
2631 4654 2726 4708 illo
2770 4651 2983 4706 Hebraei
3011 4647 3260 4703 Philonis
3290 4662 3423 4716 ope—

1853 4765 1946 4815 re,
1977 4749 2134 4817 cujus
2163 4746 2250 4801 bic
2288 4746 2479 4801 titulus
2519 4751 2635 4799 est:
2680 4741 2927 4796 Deterius
2958 4736 3261 4809 perfectiori
3291 4749 3422 4790 sem-

1851 4856 1943 4909 per
1985 4841 2238 4910 infestum
2280 4854 2411 4892 esse.
2447 4834 2649 4890 Verum
2691 4848 2815 4889 cum
2856 4832 2968 4902 jam
3009 4829 3137 4884 alibi
3174 4835 3419 4881 veterum

165 4938 369 5013 ληπται
426 4936 738 5009 αὐτάρκως,
789 4937 873 5006 ἐφ’
926 4935 962 4990 ἃ.
1015 4934 1110 4988 καὶ
1143 4932 1239 4986 νῦν
1280 4933 1406 4996 τοὺς
1433 4931 1732 5003 φιλομαθεῖς

1860 4933 2214 4987 Hebraeorum
2247 4930 2499 4997 dogmata
2534 4927 2791 4997 pietatem
2820 4922 3247 4993 religionemque
3276 4932 3426 4972 com-

163 5008 499 5101 ἀνα-πέμψε).
538 5008 818 5081 Τοσούτων
853 5024 948 5081 οὖν
991 5025 1122 5097 παρ’
1155 5023 1447 5096 Ἑϐραίοις,
1478 5024 1571 5078 καὶ
1600 5023 1732 5076 τόνδε

1858 5024 2016 5094 plexa
2047 5020 2386 5092 protulerim,
2407 5026 2523 5074 tum
2547 5033 2676 5072 vero
2700 5030 2823 5087 quae
2846 5012 3146 5069 secundum
3171 5010 3236 5062 ad
3264 5008 3418 5077 prin-

164 5125 256 5179 τὸν
285 5098 488 5196 τρόπον
522 5123 651 5195 περὶ
674 5121 766 5175 τοῦ
793 5120 1045 5191 δευτέρου
1076 5118 1184 5171 τῶν
1211 5116 1347 5171 ὅλων
1380 5117 1552 5170 αἰτίου
1572 5116 1732 5169 τεθεο

1854 5114 2057 5185 cipium
2091 5114 2382 5183 pertinent,
2416 5111 2518 5164 hoc
2562 5109 2617 5163 in
2642 5104 2972 5175 Evangelij
3011 5098 3426 5168 Prwparationis

163 5188 510 5289 λογημὲνων,
561 5188 750 5287 καιρὸς
794 5214 894 5286 ήδη
942 5188 1038 5267 καὶ
1092 5210 1186 5264 τοῦ
1240 5209 1525 5272 Πλάτωνος
1568 5211 1626 5262 ὲν
1673 5209 1732 5279 τᾷ

1858 5222 2042 5277 opere,
2080 5205 2215 5260 satis
2241 5203 2340 5258 abs
2372 5217 2457 5256 me
2486 5215 2586 5271 pro
2613 5199 2864 5254 instituto
2893 5194 3113 5266 quidem
3153 5205 3275 5245 meo
3311 5188 3423 5244 dis-

176 5282 529 5379 ’έπῖμενίόῃ
553 5282 670 5378 (78j
687 5282 827 5361 τόιδε⁷
843 5282 1092 5374 λέγοντος
1130 5300 1450 5355 ἐπακοῦσαι.

1857 5307 2052 5370 putata
2106 5306 2256 5366 sunt,
2302 5294 2371 5350 ad
2409 5309 2532 5365 qua:
2573 5290 2801 5363 proinde
2840 5303 2987 5343 nunc
3028 5285 3108 5342 rei
3152 5282 3430 5341 studiosos

236 5445 289 5481 ³⁸
321 5446 454 5515 Sep.
490 5461 587 5514 vn,
624 5445 714 5502 22.
790 5444 836 5478 ’⁸
859 5442 987 5514 Sap.
1021 5457 1142 5506 vm,
1182 5440 1236 5496 1.
1310 5439 1357 5471 ’⁸
1378 5436 1544 5493 Zach.
1583 5453 1657 5502 v1,
1698 5438 1786 5494 12.

244 5557 360 5631 (76)
408 5555 741 5625 Εὑπρεπές.
784 5554 1036 5611 Nondum
1080 5552 1319 5608 occurrit
1367 5550 1457 5606 hic
1504 5548 1732 5605 Philoni:

244 5646 348 5681 :us.
377 5627 667 5681 Proﬁletur
697 5627 914 5681 auidem
949 5623 1220 5678 Eusebius
1252 5621 1443 5681 pagina
1490 5636 1605 5681 seq.
1636 5620 1732 5674 beet

1857 5554 2018 5605 σθαι.
2066 5545 2170 5613 Qui
2219 5544 2354 5597 liber
2404 5541 2700 5596 etiamnum
2754 5543 2970 5602 exstat,
3021 5543 3198 5601 neque
3250 5538 3434 5584 tamen

1868 5621 2011 5675 hanc
2041 5619 2160 5681 ejus
2185 5615 2485 5668 orationem
2510 5613 2886 5681 repraesentat.
2964 5672 2977 5681 _

168 5613 355 5687 locus:
377 5613 667 5682 Profit'etur
695 5613 914 5696 quidem
949 5623 1220 5678 Eusebius
1252 5621 1443 5692 pagina
1490 5636 1605 5690 seq.
1636 5620 1754 5674 haec
1868 5621 2011 5675 hanc
2041 5619 2160 5685 ejus
2185 5615 2485 5668 orationem
2519 5613 2886 5677 repraesentat.

170 5697 637 5782 ²Ρι¹ί¹ηΡ¹ἒί¹⁰¹¹ἓ¹¹¹
676 5696 987 5776 Ρθδθτίν.θ⁰
1016 5695 1073 5782 ί¹3
1108 5689 1755 5782 ηδτηθυῖὶίὲἓῗυὲἷῗὲἰῗ⁹
1934 5688 2050 5782 $33?
2090 5678 2728 5782 θηῗῗίέβῗθξέςῖέξῗέἷὲἳθ
2756 5675 2834 5782 ῘῘΞῘ
2856 5672 3062 5782 iiii:

927 5745 1248 5833 νκρείττθκιί
1272 5761 1471 5832 φιλεῖν
1500 5761 1732 5815 ἐπιτίθει

1931 5745 2045 5812 ίἻὸἰ
2092 5757 2193 5811 Ἐν
2228 5745 2332 5817 hii
2355 5745 2723 5814 Ἐπιμενίδῃ.
2758 5745 2835 5801 Ita
2860 5757 3071 5802 omnes.
3097 5754 3198 5797 nec
3221 5747 3436 5795 mutare
