3826 6232
484 271 591 330 887

1154 267 1416 325 EUSEBll
1453 268 1933 326 CJESARIENSIS
1969 269 2117 326 OPP.
2152 269 2331 324 PARS
2367 266 2517 323 ll.—
2546 263 3039 322 APOLOGETICA.

3609 256 3715 311 888

481 388 775 442 remittam.
823 386 960 442 Cum
995 386 1158 457 igitur
1225 385 1491 457 ejusmodi
1563 388 1701 456 apud
1752 386 2004 444 Hebraeos
2044 389 2110 443 de
2148 403 2387 443 secundo
2446 402 2633 443 rerum
2679 387 3059 442 universarum
3102 380 3376 453 principio
3425 379 3719 452 theologia

478 474 621 530 ratio
650 475 832 544 fuerit,
861 486 1070 546 tempus
1098 476 1210 545 jam
1238 484 1343 541 est,
1384 477 1463 529 uti
1502 475 1781 532 Platonem
1818 479 1871 532 in
1907 478 2210 547 Epimenide
2244 479 2317 532 ita
2362 479 2716 533 disserentem
2747 477 3052 531 audiamus.

1047 568 1274 625 CAPUT
1334 569 1474 624 XVI.

750 659 826 715 De
857 663 1084 715 secundo
1112 661 1397 731 principio,
1428 678 1493 716 ea:
1521 662 1764 717 Platone.

558 767 578 801 ι
616 750 679 803 Et
710 750 966 812 honores,
1012 752 1208 821 inquit,
1249 753 1568 819 habeamus,
1618 755 1698 809 sic
1740 763 1939 819 tamen,
1978 762 2035 807 ut

482 854 593 894 non
629 840 739 909 jam
780 855 982 894 annum
1026 841 1201 905 alteri,
1238 842 1392 897 alteri
1436 858 1708 907 mensem,
1759 843 1873 898 dies
1914 843 2035 899 aliis

479 931 805 997 tribuamus,
843 940 937 985 aut
984 932 1154 986 ullum
1194 933 1415 987 omnino
1455 943 1688 1003 tempus,
1734 949 1843 1005 quo
1879 951 2032 990 suam

477 1020 706 1090 quilibet
752 1023 1164 1078 conversionem
1209 1024 1486 1091 absolvat,
1531 1027 1659 1080 dum
1708 1027 1775 1081 ad
1824 1028 2033 1094 mundi,

477 1127 638 1182 quem
686 1111 926 1168 Verbum
977 1116 1219 1169 omnium
1257 1116 1415 1186 longe
1461 1117 1861 1173 divinissimum
1905 1135 2034 1173 con-

476 1200 750 1269 formavit,
795 1204 1179 1273 perfectionem
1213 1206 1329 1275 ipse
1374 1208 1668 1262 concurrit.
1712 1208 1864 1274 Quod
1912 1211 2034 1278 qui-

479 1292 603 1347 dem
630 1291 890 1359 Verbum,
925 1296 1172 1365 quisquis
1214 1298 1403 1353 beatus
1445 1307 1546 1364 est,
1592 1299 1826 1368 primum
1859 1300 2033 1354 admi-

479 1385 612 1450 rari,
664 1393 777 1440 tum
820 1386 1085 1456 ejusdem,
1121 1398 1389 1456 quatenus
1439 1390 1653 1444 mortali
1697 1400 1904 1445 naturas
1952 1391 2031 1445 fas

475 1486 577 1541 est,
618 1478 978 1549 cognoscendi
1018 1495 1201 1533 amore
1255 1496 1317 1534 ac
1361 1481 1541 1535 studio
1589 1482 1756 1537 teneri
1810 1484 1964 1537 solet.
2007 1504 2026 1535 ι

477 1566 620 1622 Idem
656 1569 712 1623 in
759 1584 845 1634 ea,
883 1585 1048 1639 quam
1081 1570 1147 1624 ad
1192 1569 1485 1636 Hermiam,
1540 1571 1810 1638 Erastum,
1843 1582 1897 1628 et
1927 1573 2033 1628 Co-

477 1658 679 1713 riscum
713 1659 903 1714 scribit
926 1660 1176 1730 epistola,
1217 1662 1482 1731 dogmatis
1514 1663 1677 1732 hujus
1707 1665 2028 1719 sententiam

476 1750 771 1817 prudenter
818 1750 1108 1804 admodum
1151 1752 1398 1819 inseruit,
1445 1753 1530 1809 his
1569 1754 1778 1809 verbis:
1838 1774 1857 1806 ι
1905 1756 2031 1825 Ερί-

474 1839 669 1892 stolam
702 1839 846 1894 hanc
888 1854 919 1893 a
953 1841 1106 1896 vobis
1153 1843 1346 1906 tribus,
1394 1843 1588 1914 inquit,
1632 1844 1793 1898 simul
1840 1861 2031 1900 conve-

473 1931 752 1986 nientibus
795 1930 897 1999 legi
929 1932 1115 1998 decet;
1159 1933 1245 1987 sin
1280 1911 1483 1999 autem,
1531 1951 1561 1989 a
1604 1936 1816 1991 duobus
1864 1938 2029 1992 vicis-
2062 1911 2103 1963 Β

472 2021 576 2075 sim
602 2038 820 2091 unaque
851 2022 1175 2091 conjunctis,
1210 2023 1372 2092 idque
1398 2040 1559 2093 quam
1592 2026 1888 2094 saepissime
1915 2027 2027 2079 fieri

471 2113 687 2181 poterit.
729 2112 988 2169 Prazterea
1036 2102 1249 2185 pactum
1301 2116 1439 2169 inter
1478 2131 1574 2171 vos
1614 2117 1897 2187 legemque
1939 2132 2029 2170 ra—

471 2211 580 2257 tam
614 2204 884 2275 ﬁxamque
912 2206 1139 2269 servari,
1179 2208 1259 2261 sic
1293 2216 1351 2260 ut
1373 2207 1425 2259 in
1462 2221 1675 2276 aequum
1710 2207 1914 2261 bonum
1940 2206 2030 2277 ju-

468 2294 631 2349 retis:
673 2295 913 2365 adeoque
950 2299 1129 2352 studio
1161 2312 1268 2350 non
1306 2298 1573 2365 illiberali,
1617 2312 1681 2352 ac
1725 2298 1890 2352 studii
1940 2313 2030 2352 so-

468 2398 591 2437 rore
649 2384 894 2439 doctrina
943 2400 1133 2441 mutuo
1178 2387 1475 2457 conjuncti,
1521 2388 1576 2441 in
1628 2387 1798 2442 Deum
1849 2389 2025 2458 ipsum

466 2490 651 2529 rerum
695 2478 936 2531 omnium
971 2478 1086 2534 sive
1131 2480 1516 2549 praesentium,
1562 2480 1675 2535 sive
1718 2479 2025 2535 futurarum

466 2555 792 2627 Praesidem,
867 2580 1076 2620 necnon
1152 2567 1394 2635 prmsidis
1453 2568 1616 2622 etiam
1668 2569 2026 2639 principiique

466 2659 743 2719 parentem
808 2652 1099 2710 Domlnum
1149 2657 1379 2726 juretis,
1451 2672 1613 2728 quem
1665 2658 1924 2727 quidem,
1978 2659 2024 2714 si

463 2741 627 2797 modo
676 2751 821 2798 recte
884 2746 1425 2818 philosophabimur,
1466 2758 1730 2819 quantum
1775 2749 2024 2804 homines

464 2834 609 2890 beati
660 2846 923 2905 possunt,
972 2840 1117 2894 clare
1162 2856 1355 2896 omnes
1409 2841 1675 2910 planeque
1724 2854 2023 2911 cognosce-

2064 578 2113 634 Α

2647 570 3041 625 ΚΕΦΑΛΑΙΟΝ
3066 569 3186 635 ις’.

2354 662 2671 728 Πλάτωνος
2696 662 2827 728 περὶ
2850 660 2956 714 τοῦ
2976 659 3255 726 δευτέρου
3278 659 3489 711 αἰτίου.

2213 771 2233 804 ι
2272 755 2381 807 Καὶ
2401 755 2566 825 τιμὰς
2589 753 2923 823 ἀποδιδῶμεν
2949 751 3060 822 (79)
3100 751 3174 822 μὴ
3202 749 3279 820 τῷ
3313 749 3408 821 μὲν
3444 748 3711 813 ἐνιαυτὸν,

2134 845 2211 916 τῷ
2241 846 2296 899 δὲ
2327 846 2493 915 μῆνα,
2551 847 2662 907 τοῖς
2702 843 2757 895 δὲ
2789 854 2836 907 α,
2877 842 3012 912 μήτε
3061 840 3180 893 τινά
3221 842 3410 910 μοῖραν
3444 838 3555 906 (80)
3580 838 3714 891 τάτ-

2136 953 2334 1007 τωμεν,
2364 938 2499 1007 μήτε
2528 935 2649 987 τινὰ
2677 935 2884 1005 χρόνον,
2921 933 2977 985 ἐν
3075 930 3404 1001 διεξέρχεται
3431 929 3521 981 τὸν
3540 928 3714 982 αὐτοῦ

2137 1028 2315 1092 πόλον,
2354 1024 2732 1079 συναποτελῶν
2781 1024 3002 1093 κόσμον,
3049 1022 3108 1074 ὃν
3139 1020 3293 1085 ἔταξε
3326 1021 3496 1089 Λόγος
3519 1022 3548 1073 6
3572 1020 3718 1073 πάν-

2135 1135 2239 1172 των
2263 1118 2535 1179 θειότατος
2555 1134 2567 1145 ’
2604 1115 2662 1169 ὃν
2702 1116 2730 1166 ὁ
2768 1115 2864 1186 μὲν
2889 1113 3160 1183 εὐδαίμων
3186 1111 3396 1183 πρῶτον
3423 1112 3520 1182 μὲν
3547 1110 3715 1165 ἐθαύ-

2137 1225 2325 1278 μασεν,
2355 1208 2546 1261 ἔπειτα
2578 1206 2634 1259 δὲ
2667 1205 2842 1277 ἔρωτα
2872 1204 2995 1275 ἔσχε
3037 1202 3129 1257 τοῦ
3173 1202 3509 1274 καταμαθεῖν
3534 1204 3713 1256 ὁπόσα

2135 1298 2297 1369 θνητῇ
2353 1298 2510 1366 φύσει
2565 1297 2783 1350 δυνατά.
2819 1316 2838 1349 ι
2866 1298 2975 1350 Καὶ
3025 1298 3082 1349 ὲν
3111 1294 3363 1365 ἐπιστολῇ
3417 1293 3526 1364 (81)
3560 1294 3620 1347 δὲ
3642 1296 3711 1364 τῇ

2135 1390 2268 1461 πρὸς
2315 1390 2590 1462 Ἑρμείαν,
2639 1390 2897 1460 Ἐραστόν
2929 1406 2987 1441 τε
3024 1388 3117 1442 καὶ
3139 1387 3427 1457 Κορίσκον,
3463 1382 3521 1440 εὖ
3558 1387 3711 1456 μάλα

2134 1480 2560 1551 πεφυλαγμένως
2618 1480 2849 1533 τέθειται
2906 1480 2966 1532 τὸ
3017 1479 3210 1549 δόγμα,
3258 1473 3359 1533 ὧδε
3392 1477 3525 1549 πρὸς
3558 1477 3710 1542 λέξιν

2134 1571 2486 1624 ἐπιστέλλων·
2524 1590 2543 1622 ι
2585 1571 2801 1639 Ταύτην
2851 1570 2946 1640 τὴν
2981 1569 3269 1639 ἐπιστολὴν
3318 1569 3524 1633 πάντας
3552 1572 3712 1639 ἡμᾶς

2131 1663 2279 1730 τρεῖς
2307 1661 2464 1723 ὄντας
2510 1660 2814 1728 ἀναγνῶναι
2843 1661 2969 1732 χρὴ,
3021 1661 3252 1730 μάλιστα
3302 1660 3399 1731 μὲν
3439 1659 3707 1730 ἁθρόους”

2131 1753 2179 1802 εί
2202 1750 2258 1802 δὲ
2290 1750 2385 1820 μὴ,
2416 1750 2555 1803 κατά
2586 1750 2678 1802 δύο
2704 1753 2853 1821 κοινῇ
2888 1750 3021 1820 (82),
3054 1750 3193 1803 κατά
3215 1750 3460 1820 δύναμιν,
3495 1750 3571 1812 ὡς
3592 1746 3713 1805 οἷόν

2129 1840 2188 1891 τέ
2220 1843 2335 1893 ἐστι
2371 1839 2682 1903 πλειστάκις
2705 1858 2717 1871 °
2748 1841 2841 1894 καὶ
2875 1840 3106 1911 χρῆσθαι
3132 1841 3390 1913 συνθήκῃ,
3428 1842 3521 1894 καὶ
3550 1842 3711 1912 νόμῳ

2132 1932 2303 2001 κυρίῳ
2336 1931 2466 1999 (85),
2498 1932 2525 1983 ὅ
2575 1932 2688 1983 ἐστι
2739 1931 2942 1985 δίκαιον
2990 1932 3360 2001 ἐπομνύντας·
3399 1932 3603 2002 σπουδῇ
3644 1948 3711 1984 τε

2133 2025 2247 2094 ἃμα
2276 2022 2350 2093 μὴ
2383 2023 2623 2093 ἀμούσῳ,
2655 2024 2747 2075 καὶ
2766 2026 2831 2094 τῇ
2863 2024 2963 2094 τῆς
2981 2023 3216 2093 σπουδῆς
3238 2022 3437 2093 ἀδελφῇ
3462 2023 3707 2094 παιδείᾳ,

2133 2116 2224 2167 καὶ
2248 2115 2338 2166 τὸν
2367 2113 2474 2168 τῶν
2507 2114 2720 2168 πάντων
2745 2114 2873 2167 Θεὸν
2890 2114 3149 2185 ἡγεμόνα,
3177 2113 3284 2167 τῶν
3307 2131 3367 2166 τε
3390 2115 3582 2179 όντων,
3611 2117 3710 2168 καὶ

2131 2205 2237 2256 τῶν
2267 2202 2587 2273 μελλόντων,
2624 2202 2715 2255 τοῦ
2744 2219 2803 2254 τε
2836 2201 3098 2272 ἡγεμόνος
3130 2202 3224 2253 καὶ
3270 2201 3444 2254 αἰτίου
3482 2201 3708 2272 Πατέρα

2130 2290 2331 2361 Κύριον
2391 2290 2761 2360 ἐπομνύντας·
2816 2288 2895 2355 ὃν,
2944 2289 3036 2342 ὲάν
3067 2289 3241 2360 ὀρθῶς
3284 2288 3711 2358 φιλοσοφῶμεν,

2128 2383 2385 2453 εἰσόμεθα
2425 2384 2623 2446 πάντες
2677 2384 2862 2453 σαφῶς
2895 2385 2974 2448 εἰς
3007 2384 3234 2454 δύναμιν
3278 2382 3580 2454 ἀνθρώπων
3610 2386 3710 2436 εὖ·

2125 2474 2411 2545 δαιμόνων.
2445 2494 2462 2524 ι
2496 2471 2640 2546 Ἀρά
2689 2492 2769 2527 σοι
2816 2475 2962 2527 δοκεῖ
2999 2475 3171 2528 ταῦτα
3193 2475 3363 2542 λέγων
3402 2476 3431 2528 6
3470 2475 3710 2529 Πλάτων

2124 2570 2235 2629 τοῖς
2284 2564 2545 2638 Ἐϐραίων
2565 2566 3058 2637 ἐπηκολουθηκέναι
3090 2566 3389 2636 δόγμασιν;
3429 2568 3502 2619 Ἦ
3535 2566 3707 2620 πόθεν

2125 2654 2344 2709 ἄλλοθεν
2412 2654 2645 2725 ἐπῆλθεν
2699 2655 2843 2726 αὐτῷ
2905 2655 2994 2709 τοῦ
3052 2656 3265 2708 πάντων
3304 2655 3413 2710 τῶν
3452 2656 3707 2726 γενητῶν

2125 2747 2297 2799 αίτίου
2329 2746 2612 2817 κρείττονα
2652 2744 2807 2800 ἄλλον
2848 2747 2980 2798 Θεὸν
3002 2785 3016 2809 ,
3044 2746 3134 2798 τὸν
3154 2745 3217 2816 δὴ
3238 2746 3332 2799 καὶ
3354 2747 3578 2818 Πατέρα
3604 2745 3701 2799 τοῦ

2125 2838 2499 2908 πανηγεμόνος
2532 2840 2879 2908 προσειπεῖν;
2916 2838 3087 2890 Πόθεν
3122 2838 3167 2891 δ’
3192 2837 3341 2909 αὑτῷ
3366 2838 3427 2890 τὸ
3452 2837 3550 2890 τοῦ
3586 2839 3703 2890 Κυ-

462 2940 604 2980 mus.
645 2945 664 2979 ι
729 2926 925 2983 Annon
968 2930 1064 2984 tibi
1116 2930 1327 2986 videtur
1390 2930 1545 2985 Plato
1586 2931 1716 2986 dum
1756 2932 1870 2986 haec
1913 2932 2014 2997 ait,

2131 2931 2242 3002 ρίου
2264 2931 2357 2982 ἐπὶ
2399 2928 2493 2983 τοῦ
2547 2929 2759 2999 Πατρὸς
2798 2928 2892 2983 τοῦ
2934 2929 3267 3000 δημιουργοῦ
3299 2927 3457 2993 τάξαι
3499 2929 3697 3001 ὄνομα,

462 3012 810 3073 llebrzeorum
843 3020 1112 3090 dogmatis
1159 3022 1448 3077 insistere?
1497 3021 1651 3077 Unde
1695 3024 1839 3076 enim
1882 3023 2014 3077 alio-

2131 3017 2349 3086 μηδενός
2378 3034 2464 3069 πω
2497 3016 2601 3088 πρὸ
2652 3015 2813 3070 αὑτοῦ
2860 3017 3122 3089 Ἑλλήνων
3150 3019 3358 3081 ἀκοαῖς,
3384 3017 3521 3071 ἀλλὰ
3561 3019 3699 3089 μηδι

461 3105 553 3173 qui
606 3105 659 3159 in
704 3115 939 3161 mentem
985 3109 1085 3178 ipsi
1139 3111 1365 3175 veniret,
1412 3110 1581 3165 Deum
1648 3111 1878 3167 alterum
1940 3113 2014 3181 ip-

2131 3108 2200 3170 εἰς
2226 3107 2349 3161 νοῦν
2394 3107 2566 3161 ταῦτα
2628 3108 3132 3180 καταϐεϐλημένους
3165 3111 3227 3163 Εἰ
3259 3110 3316 3164 δὲ
3351 3110 3444 3164 καὶ
3492 3112 3698 3184 ἑτέρων

463 3205 637 3250 somet
697 3213 913 3266 rerum,
965 3216 1085 3269 qua:
1141 3214 1524 3270 procreantur,
1578 3204 1823 3258 omnium
1870 3205 2014 3274 prin-

2131 3202 2251 3270 ἡμῖν
2279 3200 2437 3254 πάλιν
2458 3202 2769 3273 μαρτυριῶν
2787 3203 2960 3265 δεῖείς
2988 3202 3387 3274 ἀναμφίλεκτον
3409 3204 3698 3274 παράστα-

460 3287 603 3355 cipio
674 3290 1049 3357 superiorem,
1101 3293 1211 3348 imo
1262 3304 1316 3349 et
1388 3295 1625 3349 universi
1700 3296 2013 3351 moderato-

2131 3308 2207 3344 σιν
2237 3292 2335 3361 τῆς
2366 3309 2425 3345 τε
2453 3293 2546 3345 τοῦ
2572 3293 2857 3364 φιλοσόφου
2883 3295 3139 3357 διανοίας,
3161 3294 3253 3347 κα)⁴
3281 3294 3381 3364 τῆς
3408 3295 3503 3353 τοῦ
3532 3294 3695 3362 λόγου

462 3376 539 3429 ris
590 3385 863 3443 parentem
921 3379 1232 3449 appellare?
1286 3379 1440 3436 Unde
1492 3396 1677 3451 porro,
1735 3382 1864 3436 huic
1912 3382 2014 3451 ipsi

2131 3385 2491 3455 κατασκευῆς·
2528 3386 2829 3438 ἐπάκουσον
2884 3380 2970 3439 οἷα
3018 3386 3307 3451 Πλωτῖνος,
3342 3387 3400 3439 ὲν
3442 3380 3526 3449 οἷς
3552 3386 3694 3454 Περὶ

458 3470 617 3542 535
670 3488 852 3529 rerum
904 3476 1202 3540 conditoris
1276 3478 1484 3547 parenti
1556 3476 1771 3531 Domini
1820 3490 2014 3531 nomen

2131 3474 2236 3527 r6»-
2254 3474 2429 3542 τριῶν
2452 3476 2715 3545 ἀρχικῶν
2736 3475 3127 3532 ὑποστάσεων
3146 3477 3419 3542 συνέταξε,
3440 3477 3698 3546 διασαφεῖ

461 3566 775 3634 imponere?
796 3583 917 3638 quae
950 3569 1194 3638 profecto
1225 3569 1535 3625 Graecorum
1569 3583 1847 3639 nunquam
1876 3569 2019 3621 auri-
2120 3566 2361 3637 γράφων.

456 3661 593 3728 bus,
641 3678 751 3718 uno
802 3679 871 3718 ne
915 3664 1111 3720 animis
1159 3665 1377 3735 quidem
1429 3666 1741 3723 mortalium
1790 3674 1915 3718 ante
1962 3678 2022 3719 se
2056 3663 2343 3732 quisquam
2405 3663 2679 3733 injecerat.
2731 3663 2851 3719 Jam
2906 3666 2953 3719 si
3008 3666 3073 3719 ad
3116 3674 3316 3720 certam
3346 3676 3404 3721 et
3436 3668 3694 3737 explora-

453 3759 568 3807 tam
621 3755 705 3809 vel
761 3755 926 3826 hujus
980 3757 1284 3827 philosophi
1344 3759 1623 3813 sententia:
1675 3757 1834 3815 ﬁdem
1863 3798 1875 3808 .
1938 3755 2024 3809 vel
2063 3763 2326 3825 suscepta;
2371 3756 2755 3826 disputationis
2797 3756 3291 3824 conﬁrmationem,
3356 3760 3693 3815 testimoniis

457 3848 680 3920 insuper
703 3851 824 3906 aliis
879 3867 1015 3922 opus
1047 3862 1171 3909 est:
1223 3853 1350 3909 audi
1398 3862 1659 3923 praeterea
1689 3894 1711 3933 ,ν
1740 3868 1860 3924 quas
1909 3850 2156 3906 Plotinus
2199 3850 2254 3904 in
2303 3865 2405 3906 suo
2444 3851 2520 3905 De
2564 3853 2730 3906 tribus
2777 3851 3087 3906 substantiis
3118 3853 3367 3922 principii
3392 3855 3494 3909 vim
3524 3864 3579 3909 et
3603 3872 3692 3908 ra-

457 3943 649 3998 tionem
683 3944 990 4000 habentibus
1011 3961 1196 4016 opere,
1222 3947 1336 4003 hac
1368 3949 1422 4002 in
1452 3950 1619 4005 verba
1652 3947 2016 4019 persequitur.

1008 4039 1234 4097 CAPUT
1285 4043 1449 4098 XVII.

735 4129 813 4184 De
842 4132 1065 4186 secundo
1098 4136 1377 4205 principio,
1402 4154 1467 4191 ea:
1498 4136 1727 4192 Plotina.

525 4235 545 4267 ι
592 4216 647 4277 Si
676 4220 836 4289 quis,
885 4221 1079 4291 inquit,
1120 4226 1501 4295 aspectabilem
1552 4228 1695 4283 hunc
1742 4228 2004 4283 mundum

448 4308 768 4375 admiratur,
796 4310 915 4380 ejus
945 4313 1364 4383 magnitudinem
1386 4356 1401 4381 ,
1458 4319 1689 4386 speciem
1713 4358 1727 4382 ,
1777 4334 2001 4373 conver-

450 4400 621 4456 sionis
646 4401 890 4456 ordinem
912 4405 1268 4474 sempitemae,
1290 4409 1492 4479 quique
1523 4410 1578 4463 in
1596 4424 1661 4463 eo
1696 4425 1997 4479 versantur,

518 4507 544 4536 ι
583 4494 743 4551 Forte
762 4497 901 4553 'add.
945 4500 1169 4572 ἡμέρας.

2623 4033 3018 4087 ΚΕΦΑΛΑῙΟΝ
3069 4035 3167 4087 1Ζ’.

2317 4125 2620 4180 Πλωτίνου
2653 4125 2786 4193 περὶ
2821 4126 2926 4179 τοῦ
2955 4125 3231 4193 δευτέρου
3263 4127 3477 4180 αἰτίου.

2188 4239 2206 4271 ‹
2236 4220 2455 4290 Κόσμον
2488 4218 2742 4290 αἰσθητὸν
2776 4218 2887 4289 (84)
2926 4220 3071 4273 τόνδε
3104 4222 3156 4273 εῑ
3178 4237 3262 4282 τις
3306 4204 3692 4290 θειυμάζει,ε1’⁸

2111 4327 2167 4363 τε
2192 4310 2252 4362 τὸ
2278 4309 2521 4380 μέγεθος,
2547 4309 2640 4362 καὶ
2665 4309 2726 4361 τὸ
2780 4309 2990 4372 κάλλος,
3021 4312 3113 4363 καὶ
3132 4310 3226 4381 τὴν
3252 4311 3404 4376 τάξιν
3448 4311 3546 4381 τῆς
3584 4329 3685 4379 φο-

2111 4403 2208 4474 ρᾶς
2230 4401 2331 4471 τῆς
2358 4400 2526 4455 ἀϊδίου
2562 4400 2790 4471 βλέπων,
2827 4402 2918 4454 καὶ
2956 4401 3110 4465 θεοὺς
3133 4403 3341 4466 τοὺςεὲν
3365 4402 3533 4472 αὐτῷ,
3554 4403 3688 4469 τοὺς

448 4589 619 4645 ιίῠυίι.
647 4590 867 4677 Certum
890 4599 1069 4647 tamen
1093 4595 1512 4677 Ξξι,Ἑπινομίδι
1542 4598 1820 4677 legendum
1854 4618 1995 4668 esse,

2172 4607 2284 4671 (81)
2325 4605 2434 4677 Kal
2470 4602 2890 4677 ὲνᾲέπιστολῆ.
2943 4603 3106 4677 Sexta
3146 4615 3247 4677 est
3278 4604 3537 4677 Platonis
3568 4610 3689 4677 epi-

446 4674 565 4741 cum
593 4674 693 4741 nec
713 4660 858 4741 ullus
886 4671 1059 4741 essu-ﬁ
1093 4661 1331 4741 Platonis
1361 4660 1624 4737 dialogus:
1656 4669 1757 4722 hoc
1792 4660 2001 4741 Epime'.

445 4729 586 4810 nidis
632 4729 820 4810 titul-ou;
851 4741 902 4783 et
930 4730 980 4810 in
1021 4731 1353 4810 Epiuomide,
1378 4729 1850 4810 quievseq_uuntur;
1880 4743 2002 4810 plu-

444 4798 595 4874 ribus
625 4812 667 4874 a_
701 4798 1415 4874 philosophodisputentur,
1449 4822 1501 4874 p.
1537 4798 1660 4860 7‘09.
1695 4807 1798 4873 Qui
1836 4798 1999 4866 etiam

443 4866 596 4921 locus
619 4868 819 4942 citatur
851 4885 881 4922 a
903 4868 962 4922 B.
994 4866 1198 4942 ACyril‘lo
1237 4866 1625 4939 Alexandrino,
1657 4866 1748 4931 lib.
1781 4896 1873 4935 vm
1904 4884 2001 4935 ad-

440 4952 616 5017 geritis
644 4935 960 5017 Jalianum'2
984 4935 1077 4994 (οἱ.
1113 4942 1437 5017 168Lcodic.
1471 4935 1859 5017 manuscripti;
1889 4962 1940 5005 et
1969 4968 2000 5007 a

438 5002 500 5058 Β.
516 5002 1439 5087 ’Ἐρφείονειοηϐνῳοαςκαῇςειὶοιξ.
1471 5015 1566 5087 lib.
1593 5002 1805 5087 inpag.
1837 5002 1924 5074 δέ.

510 5072 752 5157 (79)](α1
780 5072 1371 5157 τιμᾷςρποδιδῶμεν,
1397 5072 1515 5157 Soli
1540 5072 1803 5153 videlicet,
1836 5072 1997 5155 ltitia},

443 5144 777 5227 reliquisque
809 5144 1118 5227 sideribus,
1169 5144 1459 5227 de'quibus
1504 5156 1610 5222 ibi,
1644 5144 1901 5227 tanquam
1936 5144 2003 5217 de

442 5214 590 5290 reris
614 5216 953 5290 numinibus.
984 5219 1151 5290 impie
1174 5214 1432 5290 loquitur.

506 5283 620 5363 (89)
663 5285 790 5363 Τρξς
812 5286 898 5349 δὲ,
912 5283 1220 5363 μήτείτινὰ
1241 5283 1474 5359 ὶιοζοαν.
1507 5296 1635 5351 Post
1665 5300 1777 5361 τοῖς
1798 5298 1876 5361 δέ,
1901 5299 1999 5353 ad-

433 5350 931 5436 deudﬁvidebatur,
968 5350 1199 5436 ᾖμερας·
1237 5350 1293 5415 ut
1326 5350 1470 5436 enim
1506 5350 1606 5436 soli
1633 5350 1825 5429 annos,
1852 5350 1991 5424 1'..th

435 5437 669 5507 menses,
700 5428 1310 5507 ita_ca:teris,__luna'que
1339 5434 1473 5489 adeo
1504 5435 1626 5504 ipsi,
1658 5428 1907 5507 proprios
1934 5440 1988 5493 in

434 5495 1272 5571 septimana.ditgascribeban't.
1298 5495 1539 5571 quorum
1569 5495 1788 5560 nomina
1825 5509 1990 5563 etiam

433 5574 796 5650 perseverant.
838 5564 1208 5626 Theodoretus
1256 5564 1383 5643 legit
1423 5574 1500 5646 τῷ
1545 5575 1601 5629 δὲ
1652 5578 1818 5650 μηνός
1850 5595 1992 5642 τινος

436 5645 522 5706 μοι
530 5647 626 5698 ραν
659 5645 809 5690 ταττ.

2109 4678 2273 4739 stola,
2321 4675 2479 4743 cujus
2510 4675 2596 4728 hic
2620 4674 2924 4728 clausulam
2961 4675 3185 4727 ascribit
3213 4675 3498 4739 Eusebius;
3529 4674 3688 4731 item-

2108 4763 2212 4815 que
2246 4745 2349 4799 BB.
2385 4745 2636 4815 Clemens
2670 4744 2959 4815 Alexandri.
2990 4743 3187 4797 Strom.
3221 4760 3433 4815 v,7pag.
3460 4745 3591 4811 456,
3628 4759 3687 4803 et

2106 4816 2339 4887 Cyrillus
2365 4814 2655 4887 Alexandr.
2694 4814 3150 4887 loco_paulo-a_nte
3178 4814 3419 4887 laudato.

2180 4886 2287 4954 (82)
2328 4884 2486 4937 Κατὰ
2519 4883 2627 4936 δύο
2654 4882 2826 4954 κοινῇ
2852 4922 2865 4945 ,
2896 4892 2999 4954 etc.
3040 4882 3192 4937 Plato
3226 4885 3306 4938 sic
3333 4894 3547 4954 tantum
3599 4888 3678 4940 le—

2108 4957 2184 5024 git
2211 4950 2349 5008 κατὰ
2377 4954 2603 5022 δύναμιν
2636 4954 2711 5015 ὡς
2744 4950 2853 5005 οἷόν
2882 4953 2940 5005 τέ
2971 4955 3089 5024 ἐστι
3111 4954 3318 5007 πλειστ.
3368 4953 3459 5008 llla
3494 4964 3682 5011 tamen

2107 5023 2248 5078 κατά
2268 5024 2359 5077 δύο
2386 5026 2535 5092 κοινῇ
2558 5064 2571 5085 ,
2603 5031 2656 5076 et
2687 5032 2968 5077 vertuntur
2991 5039 3020 5076 a
3056 5023 3263 5085 Ficino,
3287 5032 3341 5077 et
3363 5029 3680 5080 necessaria

2104 5106 2261 5158 sunt;
2285 5110 2381 5147 nec
2414 5095 2621 5163 dubito,
2656 5093 2785 5163 quin
2810 5093 2949 5163 κατά
2980 5093 3204 5163 δύναμιν
3234 5092 3507 5163 superﬂua
3541 5098 3678 5162 siut,

2101 5180 2235 5235 cum
2256 5162 2613 5235 sequuturt'o;
2640 5161 2749 5217 οἷόν
2783 5162 2843 5235 τέ
2867 5165 3013 5235 ὲστι..

2171 5234 2281 5301 (85)
2322 5231 2429 5285 Καὶ
2464 5233 2624 5299 νόμῳ
2656 5233 2856 5299 κυρίῳ.
2906 5230 3013 5287 ιω·
3037 5230 3388 5288 ΡΙειιο.Ἠίηε
3415 5243 3470 5289 et
3503 5233 3678 5288 Euse-

2100 5303 2248 5357 hium
2276 5311 2519 5355 nostrum
2543 5303 2900 5368 correximus,
2918 5314 2970 5357 et
2993 5303 3191 5371 corrigi
3208 5303 3444 5372 Cyrillus
3470 5314 3672 5371 potest,

2100 5373 2240 5444 apud
2268 5386 2427 5444 quos,
2448 5372 2540 5424 καὶ
2565 5372 2734 5444 νόμῳ,
2772 5373 2865 5423 καὶ
2891 5372 3063 5444 κυρίῳ
3087 5371 3281 5442 τούτῳ,
3315 5388 3481 5444 sensu
3511 5375 3675 5441 plane

2099 5440 2439 5564 nu{10.~83at
2466 5451 2519 5495 et
2552 5440 2691 5496 alius
2719 5456 2872 5496 error
2903 5440 3208 5508 iu'uostro,
3234 5440 3539 5514 κεχρῆσθαι
3570 5458 3670 5511 pro

2099 5528 2167 5563 κα
2215 5527 2354 5564 rem
2389 5528 2465 5563 αι.

2099 5527 2190 5564 και
2215 5527 2465 5575 χρῆσθαι.

2172 5528 2562 5649 (ὥςηῗὲλζὶλιον
2594 5583 2904 5647 αἰσθητόν.
2949 5579 3149 5633 Locum
3192 5582 3335 5636 hunc
3366 5581 3421 5637 in
3448 5580 3669 5640 Plotina

2098 5648 2262 5721 leges,
2291 5648 2525 5704 Euncad.
2566 5666 2617 5715 v,
2647 5651 2735 5703 lib.
2769 5668 2804 5715 ι,
2842 5666 2958 5720 cap.
2996 5651 3108 5705 4-8.
