3826 6232
160 331 270 387 89]

1329 326 1649 383 ΡΒΕΡΛΗ.
1695 326 1949 385 EVANG.
1983 326 2112 382 LlB.
2146 325 2241 380 XI.

3316 330 3417 389 898

156 458 191 529 ἡ
222 457 387 527 αὐτὴ.
429 455 630 509 Τούτου
672 453 731 508 δὲ
771 452 834 507 τὸ
865 453 1058 519 αἴτιον,
1091 445 1137 506 ὦ
1187 452 1304 518 ξένε
1325 493 1340 517 ,
1388 453 1543 507 οὐδέν
1584 454 1727 504 ἐστιν

1836 464 2000 518 quam
2029 450 2228 505 donata
2263 445 2486 515 fuerint,
2519 447 2601 504 sic
2634 448 2702 503 ad
2748 462 2897 513 eum,
2930 448 3023 518 qui
3054 448 3271 519 accipit,
3304 457 3420 505 tra-

154 547 495 621 ὰνθρώπινον
513 566 528 579 ·
558 548 676 602 ἀλλ’
705 548 788 602 ὅτι
821 547 935 612 ἕξις
960 564 1017 601 τε
1043 548 1137 601 κα)⁸
1165 548 1322 600 οὐσία
1346 549 1379 619 ἡ
1407 547 1604 618 ἔχουσα
1633 546 1732 616 τὴν

153 643 466 714 ἐπιστήμην
498 642 531 712 ἡ
562 641 699 711 αὐτή
732 642 850 693 ἐστι
883 640 1036 713 παρὰ
1065 638 1144 711 τῷ
1187 639 1441 693 δεδωκότι
1480 639 1599 711 Θεῷ
1636 640 1732 693 καὶ

153 733 308 806 παρὰ
348 732 427 804 τῷ
455 732 697 804 εἰληφότι
731 733 853 803 ἐμοὶ
883 734 978 786 καὶ
1021 732 1124 785 σοί.
1174 730 1266 784 Διὸ
1314 733 1407 785 καὶ
1445 733 1474 785 6
1507 732 1732 785 Πλάτων

150 825 253 897 τὴν
284 826 476 894 σοφίαν
522 824 627 877 ὑπὸ
682 824 1018 896 Προμηθέως
1066 823 1236 878 ἐλθεῖν
1283 825 1363 887 είς
1411 822 1731 897 ἀνθρώπους

154 918 296 990 μετὰ
329 918 643 988 φανωτάτου
679 919 823 983 τινὸς
849 918 1018 989 πυρὸς
1045 918 1171 988 ἔφη.
1206 937 1223 968 ι
1260 918 1371 971 Καὶ
1405 917 1563 971 πάλιν
1595 918 1729 970 ὑπο-

150 1009 256 1074 ϐὰς
277 1010 406 1080 ἑξῆς
439 1027 632 1080 φησιν·
674 1030 692 1061 ι
722 1011 842 1063 Εἰσὶ
872 1010 917 1062 δ’
949 1004 1093 1063 οῦτοι
1138 1009 1241 1079 βίοι
1282 1012 1312 1063 6
1359 1009 1458 1080 μὲν
1488 1010 1727 1082 πρώτου,

148 1104 179 1157 ὁ
230 1103 290 1156 δὲ
329 1103 583 1174 δευτέρου
630 1102 787 1156 Θεοῦ.
824 1101 1073 1174 Δηλονότι
1117 1104 1145 1155 6
1196 1103 1295 1174 μὲν
1340 1101 1556 1174 πρῶτος
1598 1102 1729 1166 Θεὸς

149 1191 309 1247 ἔσται
337 1192 507 1257 ἑστὼς
534 1193 665 1264 (22),
695 1195 724 1247 6
751 1193 807 1246 δὲ
844 1192 1095 1265 δεύτερος
1116 1192 1354 1264 ἔμπαλίν
1399 1194 1515 1246 ἐστι
1551 1193 1729 1246 κινού-

152 1304 338 1359 μενος.
382 1286 440 1339 Ὀ
468 1286 566 1357 μὲν
596 1282 689 1339 οὖν
718 1285 934 1358 πρῶτος
959 1286 1088 1358 περὶ
1116 1285 1183 1339 τὰ
1215 1285 1402 1355 νοητὰ,
1438 1287 1467 1339 6
1504 1284 1562 1338 δὲ
1608 1284 1728 1337 δεύ-

146 1390 310 1450 τερος
351 1378 477 1449 περὶ
526 1377 596 1431 τὰ
641 1378 811 1447 νοητὰ
863 1377 957 1431 καὶ
1004 1377 1258 1448 αἰσθητά.
1301 1377 1392 1448 Μὴ
1440 1377 1729 1448 θαυμάσῃς

146 1470 197 1524 δ’
231 1471 283 1523 εἰ
309 1470 453 1523 τοῦτ’
488 1469 650 1541 ἔφην·
687 1469 821 1524 πολὺ
854 1470 963 1541 γὰρ
989 1469 1067 1523 ἔτι
1098 1469 1536 1540 θαυμαστότερον
1565 1467 1729 1521 ἀκού-

150 1573 241 1632 σῃ.
281 1559 425 1612 ’Δντὶ
448 1558 557 1630 γὰρ
587 1559 688 1629 τῆς
715 1558 1023 1631 προσούσης
1052 1559 1131 1631 τῷ
1160 1558 1394 1631 δευτέρῳ
1439 1560 1723 1629 κινήσεως,

143 1652 249 1722 τὴν
279 1651 587 1723 προσοῦσαν
726 1651 924 1725 πρώτῳ
955 1652 1140 1706 στάσιν
1173 1655 1313 1724 φημὶ
1345 1649 1481 1706 εἶναι
1515 1653 1727 1722 κίνησιν

148 1741 467 1813 σύμφυτον·
516 1745 608 1814 ἀφ’
646 1740 714 1815 ἧς
752 1745 787 1816 ἧ
820 1762 881 1798 τε
932 1744 1087 1810 τάξις
1139 1744 1233 1799 τοῦ
1280 1745 1518 1816 κόσμου,
1550 1744 1645 1797 καὶ
1688 1746 1722 1814 ὴ

1840 542 2138 607 ducuntur,
2176 550 2234 595 ut
2261 540 2330 594 ab
2356 555 2424 595 eo
2448 539 2545 609 qui
2568 540 2796 607 dederit,
2827 539 3204 611 sejungantur,
3235 556 3421 596 exem-

1838 632 1910 702 pli
1933 633 2105 703 gratia
2131 633 2342 687 curatio
2365 672 2379 697 ,
2416 630 2649 698 divitias,
2686 641 2971 703 argentum
2999 635 3247 688 caelatum
3270 674 3284 698 ,
3322 642 3419 689 aut

1837 725 2133 795 signatum,
2167 740 2231 779 ea
2271 723 2526 779 mortalia
2559 733 2687 781 sunt
2719 724 3067 795 humanaque
3095 727 3299 781 omnia.
3349 726 3424 782 Αι

1836 832 1967 870 vero
1991 817 2172 871 divina
2203 817 2471 887 ejusmodi
2500 825 2662 881 sunt,
2698 832 2820 887 quae
2846 833 2971 872 cum
3000 818 3123 873 aliis
3158 819 3229 873 ita
3262 835 3417 874 com-

1837 908 2286 974 municantur,ut
2316 923 2492 979 neque
2518 917 2809 979 postquam
2837 908 2965 963 illuc
2987 909 3113 963 inde
3143 924 3420 966 commea-

1836 1008 1984 1065 runt,
2014 1000 2139 1056 inde
2166 1008 2347 1056 tamen
2378 1000 2782 1065 abscesserint;
2813 1009 2869 1055 et
2893 1000 3021 1055 illuc
3046 1000 3309 1070 profecta,
3338 1002 3422 1059 sic

1833 1107 1960 1147 eum
1989 1092 2215 1163 juvent,
2246 1094 2342 1163 qui
2376 1094 2680 1162 acceperit,
2709 1103 2770 1148 ut
2800 1094 2848 1148 ei
2872 1094 2966 1164 qui
2999 1093 3244 1158 dederit,
3281 1094 3419 1151 nihil

1833 1184 2265 1252 incommodent,
2303 1186 2415 1242 imo
2450 1186 2661 1257 prosint
2697 1187 2860 1242 etiam
2890 1188 3117 1257 aliquid,
3164 1189 3294 1243 dum
3324 1203 3421 1243 eo-

1834 1293 1983 1341 rum,
2015 1294 2137 1348 quae
2159 1278 2271 1349 jam
2299 1286 2426 1333 ante
2453 1287 2634 1346 norat,
2670 1278 2786 1349 ipse
2833 1279 3172 1335 recordatur.
3219 1281 3418 1350 Cujus-

1833 1370 1981 1424 modi
2035 1385 2167 1425 sane
2216 1370 2444 1425 honesta
2496 1385 2562 1426 ac
2608 1370 2850 1426 liberalis
2879 1370 3129 1426 doctrina
3160 1382 3276 1434 est,
3328 1387 3416 1427 res

1831 1460 1989 1529 plane
2038 1459 2332 1530 singularis
2382 1469 2435 1515 et
2479 1461 2786 1526 excellens,
2832 1476 2955 1531 quae
2998 1476 3123 1517 cum
3159 1463 3414 1518 utilitatis

1832 1551 2119 1622 accipienti
2148 1552 2442 1622 plurimum
2468 1548 2679 1618 afferat,
2705 1552 2773 1608 ab
2802 1567 2871 1608 eo
2898 1563 3101 1618 tamen,
3129 1553 3223 1623 qui
3251 1553 3416 1608 dede-

1832 1648 1938 1714 'rit,
1972 1662 2082 1701 non
2115 1646 2379 1703 aufertur.
2437 1646 2575 1703 Nam
2621 1646 3081 1720 quemadmodum
3132 1648 3412 1703 lucernam

1830 1756 1951 1807 eam
1985 1741 2156 1808 vides,
2174 1756 2299 1812 qua
2322 1755 2551 1797 accensa
2579 1741 2648 1796 ab
2670 1741 2840 1797 altera
2862 1740 3048 1809 fuerit,
3065 1741 3249 1795 lumen
3280 1740 3411 1794 illud

150 1806 292 1908 μονη
318 1837 351 1907 ἡ
382 1806 578 1903 ἀΐδιος,
597 1806 743 1909 καλή
769 1806 1315 1909 σωτηρίανάναχεῖται
1346 1806 1426 1903 είς
1452 1806 1520 1891 τά
1551 1835 1668 1891 ὅλα.

1834 1833 2096 1900 retinere,
2144 1806 2291 1903 quod
2332 1832 2502 1903 priori
2534 1846 2643 1887 non
2686 1806 3156 1898 abstulerit,vsed
3197 1839 3409 1885 tantum

157 1930 287 1984 Ἐπὶ
321 1929 533 1994 τούτοις
574 1930 668 1984 καὶ
714 1932 771 1983 ἐν
822 1930 901 2002 τῷ
948 1930 1093 2002 ἕκτῳ
1144 1930 1465 2001 προστίθησι
1514 1928 1722 1983 ταῦτα·

149 2040 171 2073 ι
219 2021 439 2093 Ἐπειδὴ
470 2022 581 2094 ᾔδει
630 2025 658 2076 6
690 2022 913 2076 Πλάτων
966 2022 1117 2093 παρὰ
1158 2025 1270 2101 τοῖς
1298 2020 1604 2093 ἀνθρώποις
1638 2020 1727 2074 τὸν

149 2115 252 2186 μὲν
306 2114 649 2187 Δημιουργὺν
690 2114 1089 2184 γινωσκόμενον
1143 2114 1302 2185 μόνον
1328 2154 1343 2178 ,
1395 2114 1484 2167 τὸν
1545 2113 1726 2184 μέντοι

144 2205 366 2277 πρῶτον
403 2206 567 2271 νοῦν,
616 2207 765 2270 ὅστις
807 2206 1093 2272 καλεῖται,
1161 2205 1323 2260 αὐτὸν
1382 2205 1726 2258 παντάπασιν

143 2292 513 2363 ἀγνοούμενον
563 2292 693 2364 παρ’
731 2294 935 2357 αὐτοῖς,
983 2291 1070 2345 διὰ
1114 2292 1271 2346 τοῦτο
1312 2291 1485 2355 οὕτως
1535 2286 1723 2355 εἶπεν,

144 2382 341 2453 ὥσπερ
372 2384 436 2438 ἄν
464 2400 548 2445 τις
574 2382 717 2436 οὕτω
749 2380 894 2451 λέγοι
919 2399 933 2412 ·
955 2376 1026 2434 Ὦ
1054 2382 1347 2453 ἄνθρωποι,
1377 2380 1436 2435 ὃν
1462 2379 1725 2444 τοπάζετε

143 2476 307 2547 ὑμεῖς
336 2474 479 2540 νοῦν,
513 2476 614 2528 οὐκ
641 2473 755 2528 ἔστι
785 2471 1018 2545 πρῶτος,
1044 2472 1178 2527 ἀλλὰ
1215 2473 1402 2544 ἕτερος
1439 2473 1573 2543 πρὸς
1604 2470 1727 2524 τού-

142 2584 241 2620 του
285 2565 448 2631 νοῦς,
496 2563 867 2638 πρεσϐύτερος
911 2563 1007 2616 καὶ
1049 2563 1339 2635 θειότερος.
1383 2583 1402 2615 ι
1444 2562 1556 2615 Καὶ
1607 2561 1725 2634 μεθ’

141 2657 312 2728 ἔτερα
334 2656 577 2725 ἐπιλέγει
597 2673 612 2686 ο
639 2675 658 2706 ‹
690 2654 1040 2727 κυϐερνήτης
1077 2655 1176 2725 μέν
1207 2672 1308 2708 που
1352 2657 1408 2708 ἐν
1450 2655 1600 2724 μέσῳ
1628 2671 1727 2707 πε-

142 2750 304 2818 λάγει
354 2747 724 2820 φορούμενος,
782 2748 922 2820 ὑπὲρ
956 2747 1217 2817 πηδαλίου
1269 2745 1564 2815 ὑψίζυγος,
1614 2748 1728 2809 τοῖς

142 2842 291 2908 οἴαξι
315 2840 539 2894 διιθύνει
562 2841 662 2912 τὴν
695 2840 829 2894 ναῦν
872 2839 1198 2911 ἐφεζόμενος
1219 2857 1233 2871 ο
1286 2839 1510 2910 ὄμματα
1542 2839 1587 2892 δ’
1629 2841 1728 2892 αύ-

140 2934 241 2987 τοῦ
260 2934 373 3006 (25)
393 2935 489 2987 καὶ
508 2933 631 2998 νοῦς
659 2933 785 2987 εὐθὺ
814 2932 906 2986 τοῦ
934 2932 1151 3003 αἰθέρος
1167 2931 1480 2997 ξυντέταται
1502 2931 1636 3002 πρὸς
1659 2930 1728 2984 τὰ

143 3028 444 3100 μετάρσια.
472 3028 566 3080 καὶ
600 3028 632 3098 ἡ
676 3027 792 3091 ὁδὸς
823 3025 971 3097 αὐτῷ
1004 3026 1115 3092 ἄνῳ
1143 3026 1208 3079 δι’
1251 3023 1481 3096 ούρανοῦ
1518 3024 1724 3089 ἄπεισι,

1824 1939 1932 1995 qua
1956 1924 2241 2001 instructa
2254 1926 2371 1995 ipsa
2386 1933 2473 1980 est
2487 1923 2737 1988 materia,
2758 1923 2983 1978 alterius
3008 1923 3131 1993 igne
3156 1937 3410 1988 accensa,

1825 2016 2097 2085 acceperit
2127 2033 2140 2068 :
2173 2014 2249 2069 ita
2276 2015 2522 2085 profecto
2556 2014 2831 2078 doctrina,
2866 2023 2927 2069 ut
2958 2015 3194 2070 donetur
3223 2014 3293 2069 ab
3325 2015 3409 2068 al-

1828 2116 1966 2173 tero,
2017 2107 2086 2162 alt
2125 2107 2297 2162 altero
2333 2107 2666 2177 accipiatur,
2703 2106 2895 2161 eadem
2929 2115 3111 2161 tamen
3155 2112 3210 2160 et
3256 2104 3313 2158 in
3344 2120 3410 2159 eo

1825 2200 1920 2270 qui
1948 2198 2178 2264 dederit,
2202 2207 2390 2268 postea
2423 2206 2688 2262 remanet,
2721 2207 2775 2253 et
2807 2197 2863 2251 in
2892 2211 2959 2252 eo
2992 2205 3172 2251 tamen
3198 2195 3291 2264 qui
3317 2209 3412 2249 ac--

1824 2290 2049 2359 ceperit,
2101 2290 2218 2359 ipsa
2250 2296 2524 2344 versatur.
2554 2288 2719 2359 539
2744 2272 2917 2357 Ctijus
2948 2302 3081 2341 sane
3107 2287 3187 2341 rei
3221 2301 3408 2350 causa,

1824 2383 1899 2437 mi
1932 2384 2153 2453 hospes,
2190 2383 2415 2438 humani
2450 2383 2588 2436 nihil
2613 2391 2738 2447 est;
2776 2381 2870 2435 sed
2895 2379 3038 2450 quod
3066 2377 3288 2433 habitus
3318 2376 3410 2432 illa

1826 2482 2145 2544 naturaeque
2174 2474 2316 2529 ratio
2336 2515 2352 2541 ,
2402 2474 2561 2543 cujus
2589 2473 2794 2527 ambitu
2827 2472 3053 2527 scientia
3080 2471 3411 2539 continetur,

1826 2566 2014 2620 eadem
2043 2565 2267 2620 omnino
2308 2581 2429 2619 cum
2460 2565 2513 2618 in
2544 2563 2655 2619 Deo
2681 2564 2773 2629 sit,
2807 2579 2838 2617 a
2865 2579 2974 2632 quo
2999 2561 3259 2632 profecta,
3292 2570 3412 2617 tum

1826 2656 1879 2710 in
1904 2672 1991 2711 me
2018 2656 2183 2711 simul
2214 2671 2279 2710 ac
2310 2665 2379 2719 te,
2407 2655 2500 2726 qui
2534 2654 2870 2724 accepimus.
2924 2652 3113 2723 Itaque
3141 2653 3293 2707 Plato
3317 2668 3412 2707 sa-

1824 2748 2084 2818 pientiam
2112 2747 2178 2801 ad
2208 2747 2496 2814 homines,
2542 2761 2650 2800 una
2689 2761 2815 2800 eum
2850 2743 3345 2815 igne‘clarissimo,
3379 2758 3411 2799 a

1826 2839 2150 2894 Prometheo
2174 2839 2406 2893 delatam
2434 2854 2555 2894 esse
2581 2838 2846 2892 dicebat.»
2893 2835 3037 2892 Idem
3070 2835 3410 2905 aliquantum

1824 2945 2150 3001 progressus
2175 2930 2279 2985 ista
2302 2929 2582 3000 subjungit
2606 2948 2619 2984 :
2644 2949 2662 2980 ‹
2686 2927 2763 2982 Ea
2796 2936 2942 2996 sunt,
2962 2928 3140 2999 inquit
3181 2927 3308 2982 vim
3328 2942 3414 2997 ge-

1828 3036 1992 3085 nera;
2026 3021 2188 3091 primi
2229 3020 2316 3076 dei
2352 3022 2603 3087 alterum,
2634 3020 2863 3073 alterum
2890 3018 3136 3073 secundi.
3194 3015 3416 3071 Primu;

140 3120 365 3173 πλέοντι
406 3120 556 3173 κάτω
588 3120 729 3173 κατὰ
778 3120 875 3190 τὴν
906 3119 1175 3173 θάλατταν
1195 3136 1208 3149 ’
1241 3118 1383 3171 οὕτω
1411 3119 1508 3171 καὶ
1551 3120 1580 3170 6
1618 3118 1725 3188 Δη-

1834 3114 2031 3183 quippe
2078 3112 2224 3168 Deus
2259 3128 2403 3167 unus
2454 3128 2668 3181 semper
2720 3112 2970 3174 idemque
3002 3109 3245 3179 persistit
3281 3128 3293 3163 :
3325 3125 3415 3165 se-

143 3211 439 3282 μιουργὸς,
470 3211 568 3281 τὴν
598 3210 750 3282 ὓλην,
782 3210 877 3265 τοῦ
922 3213 1056 3283 μήτε
1090 3209 1403 3283 διακροῦσαι
1443 3210 1553 3282 (24)
1584 3210 1722 3281 μήτε

138 3302 557 3373 ἁποπλεχθῆναι
582 3303 780 3374 αὐτὴν,
821 3303 1057 3374 ἁρμονία
1091 3301 1510 3374 ξυνδησάμενος,
1562 3301 1725 3364 αὐτὸς

144 3394 248 3465 μὲν
278 3394 419 3465 ὑπὲρ
443 3393 647 3465 ταύτης
686 3393 917 3465 ἵδρυται,
954 3388 1066 3447 οἷον
1109 3393 1250 3466 ὑπὲρ
1283 3392 1418 3458 νεὼς
1475 3393 1568 3447 ἐπὶ
1627 3394 1724 3446 θα-

141 3488 368 3558 λάττης,
407 3488 506 3557 τῆς
536 3487 666 3558 ὖλης
693 3488 802 3558 (9.3)
824 3505 836 3517 ο
875 3486 971 3558 τὴν
1002 3487 1264 3559 ἁρμονίαν
1303 3487 1360 3539 δὲ
1408 3486 1575 3540 ἰθύνει
1606 3489 1727 3549 ταῖς

146 3578 319 3642 ἰδέαις
349 3578 632 3643 οἰακίζων,
659 3578 842 3649 βλέπει
879 3596 937 3632 τε
968 3580 1089 3632 ἀντὶ
1118 3578 1213 3632 τοῦ
1254 3576 1483 3650 ούρανοῦ
1531 3580 1610 3641 εἰς
1637 3578 1727 3629 τὸν

140 3672 260 3727 ἀνω
285 3669 419 3723 Θεὸν
448 3670 853 3741 προσαγόμενον
888 3670 1053 3723 αὐτοῦ
1089 3670 1156 3723 τὰ
1185 3669 1430 3741 ὄμματα,
1459 3669 1725 3740 λαμϐάνει

142 3779 205 3815 τε
232 3761 298 3814 τὸ
324 3762 421 3832 μὲν
444 3762 687 3833 κριτικὸν
712 3762 818 3815 ἀπὸ
847 3761 947 3831 τῆς
971 3762 1223 3833 θεωρίας,
1253 3762 1315 3815 τὸ
1345 3762 1402 3815 δὲ
1431 3762 1728 3833 ὁρμητικὸν

146 3854 258 3908 ἀπὺ
281 3854 381 3924 τῆς
413 3853 673 3922 ἐφέσεως.
702 3872 721 3903 ι
748 3853 856 3906 Καὶ
881 3855 909 3906 6
932 3847 1203 3924 Σωτήριος
1220 3856 1348 3924 παρ’
1385 3855 1516 3924 ἡμῖν
1546 3853 1723 3922 λόγος,

149 3966 170 3999 α
192 3948 382 4011 Οὐδὲν,
420 3947 573 4017 φησὶ,
603 3946 822 4001 δύναται
851 3948 880 3999 6
916 3947 1042 4010 Υἱὸς
1064 3949 1236 3999 ποιεῖν
1275 3948 1370 4016 ἀφ’
1400 3946 1728 4013 έαυτοῦ,ὲὰν

151 4039 226 4109 μή
273 4055 329 4089 τι
364 4037 537 4110 βλέπῃ
568 4036 659 4090 τὸν
688 4037 906 4106 Πατέρα
934 4035 1204 4089 ποιοῦντα.
1241 4054 1260 4086 ι
1283 4035 1441 4088 Ἀλλὰ
1468 4035 1574 4109 γὰρ
1608 4054 1729 4090 τοσ-

144 4129 289 4185 αῦτα
333 4130 428 4183 καὶ
460 4129 590 4200 περὶ
614 4127 765 4182 τοῦδε
788 4130 815 4182 6
836 4129 1161 4199 Νουμήνιος.
1182 4128 1300 4181 Ὅτι
1322 4128 1379 4181 δὲ
1407 4129 1508 4182 οὐκ
1529 4130 1724 4195 οἰκεῖα,

144 4223 219 4276 τά
243 4221 301 4275 δὲ
334 4221 583 4275 Πλάτωνι
624 4218 884 4273 δοκοῦντα
914 4220 1200 4289 διεσάφει,
1249 4218 1403 4272 οὐδὲν
1454 4219 1727 4288 ἐπιλέγειν

144 4315 231 4369 δεῖ
254 4316 378 4376 ταῖς
413 4312 575 4367 αὑτοῦ
601 4315 821 4381 φωναῖς.
858 4313 916 4365 '0
945 4311 999 4365 δέ
1021 4329 1085 4382 γε
1116 4312 1341 4367 Πλάτων
1363 4313 1444 4365 ὅτι
1474 4313 1548 4384 μὴ
1580 4312 1729 4384 πρῶ-

146 4422 241 4469 τος
266 4404 451 4458 ταῖσδε
478 4404 713 4475 κέχρητο
742 4407 862 4466 ταῖς
890 4403 1185 4471 ἐπιϐολαῖς,
1204 4406 1482 4474 φαίνονται
1501 4405 1544 4458 δ’
1566 4406 1727 4460 αὐτὸν

222 4581 338 4652 (‘12)
360 4582 579 4652 Ἔσται
600 4579 808 4647 ἑστώς.
846 4578 1005 4652 Forte
1034 4578 1379 4652 scribendum
1408 4579 1554 4632 ἐστὶν
1588 4581 1725 4652 ἐσμ

149 4648 335 4708 ιη’(Ιέ
376 4651 620 4708 secundo
659 4653 761 4706 deo
804 4650 1041 4713 dicitur,
1072 4650 1188 4701 ἐστὶ
1232 4648 1565 4719 κινούμενος.
1614 4649 1728 4704 Nisi

150 4724 295 4779 forte
321 4737 417 4791 per
433 4720 676 4776 futurum
699 4720 828 4775 illud
862 4728 1093 4789 tempus,
1114 4719 1514 4790 ἀμετακίνητον
1539 4721 1725 4774 στάσιν

150 4790 403 4849 indicare
427 4791 619 4854 voluit,
636 4806 759 4858 qua:
783 4790 852 4845 de
879 4792 1200 4845 constantiae
1225 4806 1337 4845 suae
1362 4791 1554 4858 gradu,
1580 4792 1729 4845 nullo

148 4877 400 4931 unquam
431 4870 672 4930 tempore
702 4862 771 4915 sit
799 4859 1084 4931 movenda.
1108 4860 1287 4929 Atque
1310 4861 1356 4913 is
1379 4860 1728 4927 Hebraeorum

153 4930 469 4989 ididtismus
511 4940 626 4995 est,
666 4932 808 4999 apud
836 4946 976 5000 quos
1018 4930 1261 4984 futurum
1295 4931 1579 5000 praesentis
1611 4932 1730 4985 loco

151 5003 398 5059 maxime
429 5009 743 5070 usurpatur,
786 5001 877 5055 ubi
907 5001 1151 5055 eamdem
1182 5015 1396 5070 semper
1429 5001 1623 5069 suique
1656 5002 1731 5054 si-

151 5074 346 5128 milem
408 5073 485 5126 rei
542 5072 955 5141 perpetuitatem
1010 5070 1337 5141 signiﬁcant.
1400 5070 1538 5141 Hinc
1598 5071 1728 5125 illud

152 5142 331 5197 Exodi
355 5158 439 5206 Ill,
473 5139 560 5204 14,
591 5139 701 5209 Ego
731 5158 847 5196 sum
874 5143 963 5211 qui
989 5139 1126 5199 sunt,
1160 5140 1269 5209 ἐγώ
1301 5143 1416 5212 εἰμι
1445 5140 1601 5212 ὁ-ᾥν,
1628 5141 1730 5195 lle-

151 5215 345 5269 braice
376 5213 574 5280 legitur
589 5219 727 5271 nam:
750 5210 893 5271 ws
910 5218 1071 5271 nam,
1111 5211 1216 5263 Ero
1241 5212 1329 5280 qui
1354 5210 1462 5264 ero.
1486 5210 1548 5263 Et
1568 5212 1728 5280 paulo

154 5293 318 5354 post,
351 5279 457 5348 Qui
483 5291 590 5344 est,
631 5284 775 5354 misit
805 5298 883 5335 me
906 5297 925 5335 :
965 5284 994 5334 6
1034 5280 1127 5344 ῶν,
1164 5279 1325 5354 Hebr.
1368 5289 1543 5354 max,
1570 5279 1727 5351 ’quod

136 5351 388 5408 .verbum
457 5361 643 5413 sonat,
690 5351 842 5416 Erit,
879 5354 1024 5405 misit
1079 5367 1158 5404 me
1205 5351 1274 5404 ad
1319 5368 1425 5405 vos.
1475 5352 1728 5406 Clemens

136 5424 501 5515 iAlexandrin
546 5422 641 5476 lib.
658 5437 726 5515 .n,‘
757 5422 980 5515 Strom.,
1010 5420 1257 5515 pluribtts
1280 5420 1333 5476 id
1359 5422 1489 5515 agit,
1515 5421 1729 5515 uti‘De'o

160 5509 256 5563 qm
312 5500 578 5562 perpetuo
628 5502 797 5563 stet,_
838 5492 1314 5563 erectoisimiliter
1361 5503 1414 5546 et
1458 5492 1729 5563 constanti

160 5560 354 5617 animo
369 5560 697 5633 serviamus-
733 5561 916 5633 Οὕτως
948 5562 1219 5633 ξΑϐραὰμ,
1243 5562 1439 5633 inquit,
1469 5560 1638 5633 ὲστῲς
1661 5560 1728 5633 ἦν

160 5633 469 5704 κατέναντι
490 5632 727 5704 Κυρίου·
774 5632 867 5704 καὶ
901 5631 981 5704 τῷ
1018 5631 1242 5687 Μωῦσεῖ
1283 5632 1523 5704 λέγεται*
1561 5631 1633 5684 Σὺ
1672 5631 1728 5685 δὲ

160 5703 347 5774 αὑτοῦ,
379 5701 536 5772 στῆθι
568 5701 685 5773 μετ’
721 5703 874 5774 ἐμοῦ.
914 5701 1035 5768 Quo
1078 5704 1240 5759 etiam
1289 5701 1729 5758 Simonianorum

160 5773 546 5831 haereticorum
592 5773 1042 5830 consuetudinem
1091 5781 1347 5831 revocat.
1407 5776 1500 5838 qui
1564 5788 1727 5831 suum

1761 4515 1808 4573 D

1829 3208 2041 3263 cundus
2069 3205 2304 3262 subinde
2340 3206 2548 3260 moveri
2580 3205 2735 3259 solet.
2770 3202 2863 3258 ille
2899 3203 3236 3274 spiritalibus
3269 3203 3415 3258 dun-

1829 3308 1980 3354 taxat
2008 3299 2061 3353 in
2091 3299 2278 3364 rebus,
2325 3298 2416 3352 hic
2459 3297 2514 3351 in
2562 3297 2651 3361 iis,
2702 3306 2812 3352 tam
2852 3311 2973 3366 quae
2999 3311 3215 3360 sensus,
3245 3310 3412 3366 quam

1827 3407 1950 3462 quae
1998 3391 2214 3446 animus
2263 3389 2514 3460 percipit,
2559 3397 2879 3459 occupatur.
2936 3385 3125 3457 Neque
3153 3402 3284 3443 vero
3313 3386 3413 3441 tibi

1828 3484 2028 3538 mirum
2073 3482 2126 3537 id
2154 3482 2435 3546 videatur;
2474 3481 2597 3550 plus
2638 3482 2803 3535 etiam
2838 3480 3281 3535 admirabilitatis
3313 3479 3414 3535 ha-

1828 3579 1938 3642 bet,
1967 3577 2113 3647 quod
2148 3577 2355 3631 audies.
2390 3574 2525 3631 Nam
2557 3576 2678 3631 loco
2709 3584 2890 3645 motus
2916 3575 3057 3644 ejus,
3089 3574 3144 3628 in
3177 3589 3288 3643 quo
3321 3589 3413 3629 se-

1829 3669 2044 3723 cundus
2073 3676 2343 3734 versatur,
2379 3667 2531 3721 illum
2564 3682 2685 3737 ego,
2717 3666 2811 3736 qui
2838 3666 2999 3735 primi
3024 3665 3278 3734 proprius
3307 3673 3411 3730 est,

1829 3767 2030 3813 statum
2055 3773 2119 3814 ac
2137 3757 2450 3812 ﬁrmitatem
2472 3756 2691 3827 quietis,
2717 3756 2957 3810 nativum
2981 3755 3269 3825 quemdam
3294 3770 3415 3809 mo-

1828 3862 1944 3907 tum
1971 3866 2092 3907 esse
2120 3850 2373 3914 defendo,
2406 3865 2472 3904 ex
2505 3863 2613 3918 quo
2636 3849 2778 3902 hanc
2803 3847 2858 3901 in
2883 3862 3064 3902 rerum
3090 3845 3414 3900 universita-

1831 3953 1935 4000 tem
1955 3985 1969 4011 ,
1996 3943 2187 3998 mundi
2221 3943 2358 3997 ordo
2406 3957 2471 3997 ac
2496 3941 2828 4011 sempiterna
2857 3939 3165 3994 constantia
3184 3976 3197 4003 ,
3234 3938 3416 3993 salus-

1829 4052 1936 4108 que
1964 4035 2255 4091 derivetur.
2293 4052 2312 4085 ›
2376 4033 2554 4104 Atque
2596 4033 2792 4087 iterum
2818 4031 2959 4086 libro
2987 4039 3142 4085 sexto
3171 4048 3184 4082 :
3223 4048 3242 4080 ‹
3273 4029 3410 4083 Cum

1827 4125 2017 4191 Plato,
2060 4125 2275 4194 inquit,
2322 4124 2491 4194 probe
2536 4121 2894 4192 intelligeret,
2940 4120 3116 4175 solum
3148 4118 3412 4174 artiﬁcem

1828 4217 2001 4274 Deum
2059 4228 2246 4272 notum
2301 4215 2619 4270 hominibus
2668 4229 2733 4268 ac
2778 4220 3119 4283 perspectum
3164 4226 3307 4278 esse,
3358 4223 3415 4265 at

1827 4310 2020 4380 primae
2047 4310 2195 4365 illius
2224 4309 2425 4362 mentis
2457 4321 2655 4361 nomen
2690 4305 2986 4360 obscurum
3032 4303 3251 4373 penitus
3277 4303 3413 4372 ipsis

1830 4417 1995 4477 atque
2026 4403 2273 4473 ignotum
2307 4414 2529 4455 manere
2560 4418 2572 4453 :
2605 4399 2710 4453 hoc
2738 4398 2968 4468 proinde
3011 4411 3183 4468 genus
3211 4395 3413 4451 oratio-
3496 4392 3500 4395 ’

1834 4580 1967 4635 illud
2010 4593 2212 4633 numen
2247 4582 2456 4631 stantes
2484 4581 2872 4628 venerarentur
2900 4589 2915 4628 :
2946 4572 3009 4625 Οἱ
3041 4570 3098 4623 δὲ
3143 4570 3287 4640 ἀμφὶ
3320 4569 3412 4640 τὸν

1828 4652 2071 4723 Σίμωνα,
2086 4647 2292 4723 inquit,
2314 4644 2391 4715 τῷ
2418 4643 2633 4723 έστώτι,
2667 4643 2726 4697 ὃν
2756 4642 2996 4723 σέϐρυσι,
3030 4638 3410 4722 έξομοιοῦσθαι

1830 4712 2032 4793 τρόπον
2059 4712 2378 4793 ’βούλοντριιζ
2416 4713 2499 4769 An
2544 4713 2711 4793 forte,
2750 4723 2810 4767 ut
2845 4712 3140 4793 Platonici,
3171 4712 3407 4779 primum

1832 4780 1978 4845 h'unc
1998 4780 2158 4845 detim
2185 4786 2425 4852 ἑστῶτα,
2463 4784 2762 4841 secundum
2797 4798 2925 4838 vero
2964 4780 3281 4851 κινούμενον
3309 4795 3409 4850 pu-

1830 4869 2083 4917 taverunt
2102 4860 2126 4914 ?

1903 4932 2017 5000 (25)
2062 4925 2429 5000 '0yyata__6’
2460 4922 2674 5000 αὑτοῦΞ
2726 4922 2884 5000 Quod
2920 4919 3273 5000 de_secundo
3302 4919 3411 5000 Iillo

1830 4990 2299 5056 Nume'nius'l'also
2333 4996 2581 5058 dicebat,
2625 4995 2674 5048 id
2720 4992 2789 5047 de
2816 4991 3115 5048 Christiani
3171 4990 3407 5044 hominis

1831 5073 2047 5134 animo,
2077 5069 2167 5140 qui
2207 5068 2428 5124 caeleste
2470 5065 2903 5140 quo_ddatn__vi_ta:
2931 5077 3101 5140 genus
3130 5061 3407 5140 instituat,

1830 5129 2319 5211 usurpa'ri'merito
2346 5129 2540 5206 possit.
2567 5132 2681 5211 Nec
2709 5135 2853 5188 aliud
2878 5129 3171 5211 spectabat
3199 5129 3405 5211 Paulus

1831 5201 2245 5267 cum-diceret:
2275 5201 2626 5266 Co'nversatio,
2652 5215 2831 5257 nostra
2870 5201 2937 5257 ini
2973 5201 3115 5255 caelis
3158 5211 3265 5263 est,
3312 5208 3409 5253 aut

1830 5299 1955 5337 cum
2000 5281 2247 5336 homines
2280 5277 2622 5334 Christianos
2646 5316 2661 5342 ,
2690 5276 2823 5329 cives
2847 5282 3151 5327 sanctorum
3170 5312 3186 5337 ,
3216 5286 3279 5324 ac
3308 5268 3410 5324 Dct’

1830 5354 2144 5407 domesticos
2177 5365 2286 5404 esse
2312 5347 2574 5418 cupiebﬁgt.

1902 5409 2426 5494 (24)_.7Ataxpoﬁo'dt.
2487 5416 2681 5483 Forte,
2735 5412 3124 5494 διακροῦσθαι,
3159 5410 3246 5465 vel
3288 5409 3405 5464 διαο

1833 5482 2204 5565 κρουσθῆναιξ
2246 5499 2308 5544 ut
2349 5504 2475 5543 cum
2520 5482 2768 5559 sequenti
2816 5482 3224 5554 ἀποπλεχθῆναι
3273 5495 3409 5536 con-

1830 5565 2032 5617 veniat.

1902 5635 2035 5706 (25)
2061 5631 2177 5706 Τῆς
2203 5631 2388 5706 tunc.
2407 5626 2761 5699 Perspicuum
2799 5625 3071 5697 glossema
3111 5629 3232 5692 est,
3278 5633 3407 5678 cum

1831 5699 2100 5775 prazce'dat
2124 5702 2265 5773 ὑπὲρ
2292 5699 2516 5770 ταύτης.
