3826 6232
359 281 465 339 899
987 273 1258 333 EUSEBH
1292 271 1772 328 CESARIENSIS
1811 271 1962 327 OPP.
1992 269 2174 326 PARS
2214 270 2280 327 Il.
2311 302 2380 313 —
2414 268 2916 326 APOLOGETICA.
3502 270 3630 325 900

361 396 450 453 nis
476 389 747 456 adhibuit,
770 387 994 460 perinde
1015 396 1077 443 ut
1103 386 1149 441 si
1179 386 1303 456 quis
1332 386 1481 441 hunc
1514 385 1568 440 in
1601 386 1822 441 modum
1853 386 1932 440 lo-

2070 386 2429 457 τροειΑηφότες
2466 386 2729 458 Ἐϐραίων
2770 389 2820 440 οἱ
2868 388 3048 456 σοφοὶ,
3084 387 3351 442 δέδεικται
3386 388 3476 441 διὰ
3506 387 3629 441 τῶν

361 492 639 557 queretur.
694 480 867 547 Quam
893 493 992 532 vos
1022 485 1259 531 mentem
1287 474 1539 531 homines
1567 491 1689 531 esse
1715 474 1941 544 conjici-

2072 477 2452 549 κτεθειμένων.
2480 477 2718 542 Εἰκότως
2738 478 2874 549 δῆτα
2906 479 2998 531 καὶ⁸
3032 478 3141 531 τῶν
3164 477 3468 549 φιλοσόφων
3503 478 3634 531 δια-

360 583 470 643 tis,
518 595 580 635 ea
626 576 843 647 quidem
898 573 1072 643 prima
1124 585 1236 626 non
1286 576 1414 624 est:
1452 568 1728 639 antiquior
1773 569 1942 623 altera

2070 568 2216 639 δανὴς
2248 567 2487 637 γεγονὼς
2520 570 2783 640 Ἀμέλιος,
2810 570 2909 639 τῆς
2934 565 3220 633 Πλάτωνος
3240 570 3333 623 καὶ
3361 569 3553 633 αὐτὸς,
3579 571 3631 621 εἰ

363 671 613 742 quaedam
660 676 744 723 est
794 676 956 736 atque
1008 663 1264 718 divinior.
1301 681 1320 714 ι
1381 660 1624 731 Itemque
1664 659 1945 715 nonnullis

2070 661 2134 713 :ai
2159 678 2241 724 τις
2269 660 2445 725 ἄλλος,
2476 661 2722 734 ζηλωτὴς
2770 662 3103 731 φιλοσοφίας,
3140 662 3280 733 πλὴν
3311 662 3447 715 ἀλλὰ
3489 661 3635 733 βάρ-

363 762 721 832 interpositis,
762 776 782 810 ι
816 756 1018 828 Utique
1068 756 1227 810 navis
1277 755 1626 826 gubernator,
1657 752 1836 806 medio
1858 751 1942 820 ja-

2070 753 2208 823 ἱαρον
2251 752 2525 822 ὀνομάσας
2566 753 2654 807 τὸν
2692 753 2955 825 Ἐϐραίων
2983 754 3090 825 (26)
3138 752 3403 820 θεολόγον,
3444 755 3494 805 εἰ
3532 754 3635 805 καὶ

364 866 541 912 ctatus
565 852 723 916 mari,
753 852 907 907 clavo
935 848 1153 920 quidem
1180 847 1431 903 sublimis
1459 845 1726 906 insidens,
1760 844 1939 897 navim

2070 843 2125 914 ιὴ
2157 844 2244 896 ἐπ’
2272 844 2532 914 ὀνόματος
2562 845 2762 914 ἠξίωσε
2794 844 2887 898 τοῦ
2935 844 3320 913 εὐαγγελιστοῦ
3371 845 3633 898 Ἰωάννου

365 945 745 1017 gubernaculis
769 942 906 1013 regit
937 958 953 997 :
988 950 1041 995 at
1061 940 1251 995 oculos
1282 937 1444 994 simul
1489 943 1653 1003 atque
1683 942 1941 998 mentem,

2070 938 2270 1007 ινήμην
2309 938 2634 1006 ποιήσασθαι
2657 978 2669 1001 ,
2705 940 3066 1009 ἐπιμαρτυρεῖ
3105 939 3148 992 δ’
3175 935 3267 992 οὖν
3314 938 3466 1008 ὅμως
3503 938 3635 1000 ταῖς

368 1046 512 1090 recta
539 1048 813 1087 summum
844 1032 899 1085 in
942 1031 1142 1086 caelum
1190 1028 1452 1083 intentam
1496 1026 1838 1091 delixamque
1865 1031 1945 1077 te—

2070 1026 2214 1079 ιύτοῦ
2262 1029 2506 1095 φωναῖς,
2561 1026 2702 1081 αὐτὰ
2751 1027 2813 1099 δὴ
2875 1028 3046 1081 ταῦτα
3097 1027 3233 1099 πρὸς
3279 1028 3431 1098 ῥῆμα
3482 1024 3635 1097 γρά-

366 1138 492 1196 net,
525 1142 732 1197 suaque
764 1124 1141 1189 homini,dum
1165 1122 1393 1177 inferius
1419 1134 1570 1174 mare
1605 1119 1826 1188 trajicit,
1862 1117 1946 1170 via
2053 1135 2187 1187 φων.

367 1222 620 1292 superius
648 1234 740 1288 per
783 1217 981 1272 coelum
1046 1214 1351 1269 coniicitur.
1404 1212 1481 1266 Ita
1548 1220 1734 1265 noster
1766 1210 1854 1263 hic
1882 1207 2098 1273 artifex,
2133 1224 2200 1264 ne
2261 1218 2355 1264 aut
2414 1211 2697 1265 materiam
2741 1211 2858 1281 ipse
2902 1211 3156 1281 disjiciat,
3204 1219 3300 1265 aut
3327 1209 3637 1280 dissipetur

368 1318 486 1389 ipsa
538 1332 636 1387 per
681 1329 832 1378 sese,
860 1328 981 1367 eam
1045 1311 1138 1366 ubi
1204 1308 1597 1378 temperatione
1639 1306 1949 1375 colligavit,
1976 1305 2149 1359 eidem
2171 1344 2185 1368 ,
2216 1306 2439 1375 perinde
2496 1315 2556 1361 ut
2597 1307 2650 1360 in
2682 1308 2818 1361 mari
2850 1322 3077 1361 summae
3106 1306 3263 1372 navi,
3298 1306 3378 1360 sic
3402 1304 3635 1371 insidet,

368 1420 432 1465 ut
481 1410 625 1465 illam
669 1408 840 1479 ipsius
892 1405 1335 1475 temperationem
1402 1402 1539 1457 ideis
1606 1402 1955 1472 quibusdam,
2007 1401 2161 1470 quasi
2211 1401 2614 1471 gubernaculis,
2659 1403 2971 1457 moderetur
3019 1418 3033 1455 :
3102 1401 3332 1468 caelique
3381 1400 3504 1454 loco
3534 1416 3637 1454 su—

370 1505 639 1574 periorem
670 1504 726 1557 in
772 1502 964 1568 Deum,
1023 1517 1154 1556 suos
1206 1499 1378 1568 ipsius
1417 1498 1609 1552 oculos
1668 1498 1725 1550 in
1781 1511 1900 1551 sese
1956 1505 2354 1550 convertentem
2407 1497 2672 1563 intuitus,
2721 1513 2786 1551 ex
2834 1496 3288 1566 contemplatione
3343 1494 3635 1565 judicandi

368 1599 501 1666 vim,
536 1607 597 1652 ut
622 1613 690 1652 ex
722 1606 913 1665 suopte
940 1594 1212 1650 desiderio
1269 1593 1687 1662 propensionem
1727 1600 1778 1645 et
1838 1590 2099 1660 impetum
2155 1591 2404 1661 accipiat.
2441 1611 2459 1643 ι
2495 1591 2706 1658 Quibus
2755 1607 2888 1646 sane
2926 1591 3238 1662 philosophi
3265 1591 3446 1645 verbis
3470 1588 3638 1646 amne

368 1690 504 1747 illud
564 1699 647 1745 est
696 1690 1002 1745 Servatoris
1068 1688 1241 1743 nostri
1266 1687 1332 1750 ³⁸,
1373 1705 1392 1738 ι
1435 1684 1603 1751 Nihil,
1652 1685 1849 1755 inquit,
1896 1694 2072 1756 potest
2131 1685 2301 1741 Filius
2362 1685 2538 1741 facere
2574 1703 2605 1741 a
2652 1688 2980 1757 semetipso,
3019 1686 3125 1742 nisi
3164 1685 3362 1741 viderit
3405 1684 3636 1739 Patrem

372 1780 678 1840 facientem.
719 1803 738 1835 ι
791 1782 988 1836 Verum
1016 1797 1083 1837 ex
1111 1779 1379 1835 Numenio
1430 1780 1650 1849 quidem
1707 1781 1812 1835 hac
1836 1780 1901 1835 de
1961 1795 2020 1835 re
2057 1783 2220 1837 modo
2246 1782 2400 1837 satis.
2436 1779 2595 1852 540
2626 1779 2743 1846 Qua
2777 1781 2995 1850 quidem
3024 1781 3302 1847 oratione,
3342 1792 3400 1833 ut
3443 1777 3636 1835 Plato—

374 1874 461 1931 nis
511 1888 658 1937 vere,
705 1887 812 1927 non
861 1887 1016 1927 suam
1051 1872 1119 1925 ab
1147 1885 1213 1925 eo
1244 1870 1631 1941 propriamque
1659 1870 1963 1925 doctrinam
2001 1871 2259 1941 explicari
2291 1871 2470 1941 quivis
2500 1870 2781 1940 intelligat,
2826 1886 3050 1927 necesse
3100 1871 3238 1925 nihil
3286 1879 3371 1926 est
3411 1871 3531 1925 hac
3562 1868 3635 1923 ad

370 1969 491 2041 ejus
514 1971 675 2024 verba
704 1969 1002 2038 quidquam
1046 1967 1357 2037 adiungere.
1390 1966 1436 2021 A
1464 1965 1690 2021 Platone
1737 1981 1867 2021 vero
1914 1983 2022 2021 non
2062 1968 2167 2022 hoc
2207 1967 2443 2037 primum
2490 1967 2750 2022 doctrina:
2792 1982 2963 2037 genus
2992 1968 3286 2032 traditum,
3321 1967 3413 2021 sed
3457 1966 3529 2020 ab
3566 1964 3635 2020 iis

372 2065 465 2133 qui
493 2062 636 2133 apud
666 2060 923 2116 Hebraeos
973 2060 1239 2129 sapientia
1268 2059 1612 2125 eminebant,
1645 2067 1969 2128 occupatum
2011 2059 2213 2127 fuisse,
2266 2057 2569 2113 manifestis
2605 2059 2713 2111 iam
2755 2059 3086 2129 argumentis
3142 2059 3426 2113 evicimus.
3482 2057 3631 2125 Quin

373 2156 539 2210 etiam
565 2154 826 2215 Amelius,
890 2152 1220 2206 recentiores
1281 2151 1422 2205 inter
1460 2151 1815 2221 philosophos
1867 2151 2236 2216 clarissimus,
2289 2150 2539 2220 idemque
2572 2149 2863 2206 Platonicae
2890 2150 3245 2220 philosophiae
3285 2149 3635 2206 studiosissi-

374 2262 499 2302 mus
521 2287 538 2314 ,
573 2246 619 2301 si
661 2246 950 2315 quisquam
979 2245 1139 2312 alius,
1189 2244 1507 2311 aemulator,
1540 2244 1776 2313 ingenue
1806 2253 1954 2299 certe
1990 2245 2232 2314 quidem,
2270 2245 2375 2299 nisi
2426 2247 2573 2314 quod
2619 2241 2903 2299 Hebraeum
2956 2244 3072 2312 ipse
3095 2242 3400 2312 theologum
3428 2241 3636 2295 barba-

374 2356 498 2395 rum
530 2340 785 2409 appellat,
820 2337 1124 2394 utJoannis
1170 2339 1514 2409 evangelista:
1572 2354 1766 2393 nomen
1830 2354 2033 2409 ponere
2070 2340 2336 2407 noluerit,
2386 2339 2504 2408 ejus
2553 2347 2736 2394 tamen
2779 2340 3080 2393 orationem
3129 2339 3245 2394 suis
3278 2339 3397 2408 ipse
3447 2335 3635 2392 verbis

375 2432 801 2501 testimoniaque
855 2432 1180 2495 conﬁrmat,
1231 2431 1359 2485 dum
1417 2431 1563 2487 hunc
1612 2432 1667 2485 in
1726 2432 1951 2486 modum
1989 2431 2196 2486 scribit.

957 2524 1185 2582 CAPUT
1232 2524 1373 2578 XIX.
1986 2533 2031 2589 Β

378 2639 457 2694 De
505 2638 730 2694 Joannis
783 2636 925 2708 apud
990 2652 1094 2759 ne;
1134 2636 1468 2756 erlqngelistw
1532 2632 1837 2703 theologia,
1889 2646 1954 2684 ea:

1102 2721 1178 2757 me
1204 2720 1270 2757 ιο.

1102 2720 1270 2757 ηιειιο.

2578 2525 2977 2579 ΚΕΦΑΛΑΙΟΝ
3014 2523 3114 2577 19'.

2069 2639 2340 2708 Ἀμελίου
2390 2638 2500 2710 (27)
2535 2640 2665 2707 περὶ
2707 2637 2815 2705 τῆς
2846 2637 3143 2710 ξ’Ῑωάννουέ
3178 2638 3284 2692 τοῦ
3323 2638 3460 2706 παρ’
3490 2636 3633 2708 ἡμῖν

2439 2708 2871 2779 εὐαγγελιστοῦ
2909 2708 3237 2776 θεολογίας.

453 2801 660 2871 «Atque
696 2801 798 2855 hoc
826 2799 985 2870 plane
1010 2796 1248 2853 Verbum
1275 2805 1413 2859 erat,
1442 2796 1641 2866 inquit,
1670 2809 1766 2864 per
1784 2793 1954 2864 quod,

382 2896 767 2963 sempiternum
817 2907 941 2946 cum
972 2900 1150 2955 esset,
1185 2890 1523 2944 exsistebaut
1569 2886 1780 2949 omnia,
1837 2900 1959 2954 quae

379 2986 601 3053 ﬁebant,
629 2985 1083 3056 quemadmodum
1102 2982 1408 3037 Heraclitus
1434 2982 1750 3050 loqueretur
1776 2997 1789 3032 :
1812 2977 1958 3047 quod

383 3078 561 3148 ipsum
589 3076 837 3129 videlicet
872 3075 1139 3129 barbarus
1189 3075 1353 3127 etiam
1386 3073 1496 3135 ille,
1528 3072 1669 3140 apud
1703 3070 1871 3125 Deum
1904 3070 1956 3123 in

384 3168 634 3240 principii
686 3167 857 3237 gradu
901 3181 965 3219 ac
1009 3164 1273 3232 dignitate
1323 3163 1705 3227 constitutum,
1758 3162 1868 3215 imo
1907 3169 1962 3214 et

384 3256 557 3311 Deum
603 3256 767 3310 simul
807 3270 929 3309 esse
959 3255 1277 3324 pronuntiat
1306 3270 1320 3308 :
1355 3268 1449 3322 per
1476 3254 1621 3323 quod
1648 3252 1789 3306 facta
1831 3253 1961 3306 sim-

385 3348 601 3418 pliciter
631 3346 814 3400 omnia
846 3346 975 3410 sint,
1014 3345 1067 3397 in
1096 3359 1205 3413 quo
1240 3342 1505 3415 quidquid
1537 3341 1737 3396 factum
1762 3350 1865 3407 est,
1908 3350 1963 3395 et

383 3439 595 3503 vivens,
624 3446 678 3490 et
721 3436 849 3500 vita,
877 3444 930 3489 et
956 3434 1158 3503 aliquid
1201 3447 1299 3502 pro
1332 3447 1429 3487 sua
1482 3432 1738 3502 quodque
1766 3440 1960 3485 natura

386 3529 552 3585 fuerit
580 3548 594 3583 :
622 3528 762 3583 idem
788 3541 952 3597 porro
980 3526 1034 3578 in
1059 3539 1286 3594 corpora
1315 3523 1490 3577 delabi
1512 3523 1697 3589 tradit,
1715 3531 1769 3576 et
1799 3536 1964 3577 carne

389 3622 676 3687 indutum,
715 3620 1008 3672 humanam
1060 3615 1295 3685 speciem
1328 3630 1441 3683 pra:
1467 3629 1526 3668 se
1556 3614 1729 3677 ferre,
1774 3614 1851 3668 sic
1880 3622 1962 3666 ta-

386 3729 511 3769 men
541 3722 601 3767 ut
635 3728 748 3768 suae
795 3711 1000 3764 interea
1048 3716 1255 3762 natura:
1301 3706 1639 3776 maiestatem
1669 3707 1916 3761 ostendat
1946 3743 1961 3767 ,

2135 2821 2153 2853 ί
2181 2803 2291 2854 Καὶ
2320 2796 2472 2864 οὗτος
2501 2801 2608 2873 ἄρα
2634 2798 2701 2872 ἦν
2734 2802 2762 2853 ὁ
2791 2800 2980 2869 Λόγος,
3013 2799 3132 2852 καθ’
3157 2800 3216 2853 ὃν
3256 2801 3366 2854 αἰεὶ
3405 2800 3538 2855 ὄντα
3564 2799 3633 2855 τὰ

2057 2894 2317 2964 γινόμενα
2378 2895 2620 2962 ἐγίνετο,
2668 2894 2744 2956 ὡς
2789 2892 2855 2946 ἂν
2910 2892 3004 2945 καὶ
3060 2892 3411 2964 Ἡράκλειτος
3472 2891 3630 2961 ἀξιώ-

2062 3002 2174 3039 σειε
2202 2984 2335 3055 (28),
2369 2984 2462 3038 καὶ⁹
2496 2986 2559 3056 νὴ
2605 2985 2684 3036 Δί’
2710 2984 2768 3038 ὃν
2797 2988 2825 3039 ὁ
2860 2985 3133 3056 βάρϐαρος
3154 2985 3296 3050 ἀξιοῖ
3330 2986 3389 3037 ὲν
3416 2987 3486 3056 τῇ
3535 2985 3628 3053 τῆς

2059 3075 2234 3147 ἀρχῆς
2264 3075 2411 3139 τάξει
2440 3094 2500 3128 τε
2539 3076 2632 3129 καὶ
2657 3076 2783 3148 ἀξίᾳ
2804 3076 2913 3147 (29)
2940 3076 3312 3146 καθεστηκότα
3339 3074 3483 3146 πρὸς
3503 3074 3629 3129 Θεὸν

2061 3164 2218 3231 εἶναι,
2242 3169 2335 3222 καὶ
2359 3167 2489 3221 Θεὸν
2513 3164 2675 3221 εἶναι·
2701 3168 2768 3221 δι’
2792 3162 2852 3223 οὗ
2879 3167 3033 3222 πάνθ’
3061 3167 3245 3230 ἁπλῶς
3266 3165 3625 3235 γεγενῆσθαι·

2062 3260 2119 3311 ὲν
2143 3252 2187 3325 ᾧ
2206 3257 2268 3310 τὸ
2294 3257 2581 3329 γενόμενον
2616 3257 2742 3322 ζῶν,
2766 3257 2858 3310 καὶ
2880 3256 3044 3329 ζωὴν,
3081 3257 3175 3310 καὶ
3200 3257 3263 3310 ὃν
3302 3256 3625 3325 πεφυκέναι·

2063 3350 2156 3402 καὶ⁵
2185 3351 2264 3412 εἰς
2291 3349 2358 3403 τὰ
2394 3348 2621 3425 σώματα
2648 3348 2887 3414 πίπτειν,
2910 3350 3005 3402 καὶ
3036 3350 3213 3419 σάρκα
3253 3348 3627 3417 ἐνδυσάμενον,

2064 3440 2424 3511 φαντάζεσθαι
2451 3440 2757 3511 ἄνθρωπον,
2782 3440 2921 3511 μετὰ
2954 3441 3048 3493 καὶ
3070 3439 3163 3493 τοῦ
3191 3437 3497 3510 τηνικαῦτα
3534 3438 3632 3490 δει-

2063 3531 2245 3584 κνύειν
2271 3531 2369 3601 τῆς
2419 3529 2632 3599 φύσεως
2669 3529 2729 3583 τὸ
2778 3529 3092 3601 μεγαλεῖον·
3132 3528 3325 3600 ἀμέλει
3363 3529 3461 3581 καί
3498 3530 3628 3581 ἀνα-

2063 3623 2288 3676 λυθέντα
2317 3624 2477 3677 πάλιν
2512 3621 2893 3682 ἀποθεΟὖσθαι,
2933 3622 3028 3675 καὶ
3062 3622 3193 3674 Θεὸν
3229 3617 3392 3685 εἶναι,
3426 3618 3537 3685 οἷος
3566 3616 3628 3692 ἦν

2066 3713 2169 3785 πρὸ
2197 3714 2289 3767 τοῦ
2312 3714 2392 3776 εἰς
2422 3713 2481 3766 τὸ
2510 3714 2688 3783 σῶμα,
2721 3714 2815 3767 καὶ
2844 3712 2939 3782 τὴν
2967 3713 3163 3784 σάρκα,
3195 3713 3288 3765 καὶ
3314 3712 3406 3765 τὸν
3429 3713 3630 3782 ἂνθρωο

388 3807 632 3875 adeoque
677 3806 913 3859 solutum
947 3803 1040 3856 ubi
1080 3801 1192 3871 jam
1234 3799 1428 3865 fuerit,
1460 3799 1553 3854 Dei
1581 3801 1758 3855 locum
1786 3800 1962 3853 denuo

2070 3820 2167 3855 πον
2197 3803 2530 3875 καταχθῆναι
2568 3801 2903 3873 (ὅθ).›Ταῦτ’
2942 3802 3118 3855 οὐκέτ’
3167 3802 3627 3872 ὲπεσκιασμὲνως,

388 3911 695 3967 capessere,
723 3911 786 3949 ac
811 3894 980 3947 Deum
1007 3908 1232 3962 prorsus
1260 3893 1512 3947 eumdem
1527 3907 1668 3958 esse,
1700 3892 1793 3961 qui
1824 3901 1961 3960 erat,

2070 3895 2178 3948 ἀλλ’
2233 3869 2488 3968 ἄντικρνς
2521 3869 2620 3967 ἤδη
2659 3869 2846 3967 γυμνῇ
2900 3898 2966 3966 τῇ
3020 3895 3227 3967 κεφαλῇ
3282 3869 3628 3965 μεταπτεφρα-

390 3988 711 4058 ρτίίιείιυιιηι
738 3987 792 4039 in
819 4000 1020 4054 corpus
1051 3992 1213 4053 atque
1245 3984 1302 4036 in
1330 3999 1548 4037 carnem
1580 3983 1962 4051 hominemque

391 4080 765 4136 descenderet.
793 4097 811 4129 ι
851 4076 977 4132 Haec
1000 4076 1110 4143 ille,
1137 4091 1259 4145 quae
1280 4074 1525 4144 profecto
1553 4091 1661 4128 non
1689 4075 1801 4144 jam
1834 4073 1963 4129 sub—

391 4173 628 4228 obscure
667 4169 1025 4234 adumbrata,
1085 4166 1179 4221 sed
1227 4167 1439 4235 palam,
1483 4166 1770 4235 nudaque,
1818 4164 1963 4234 quod

392 4263 581 4326 aiunt,
628 4260 842 4327 fronte,
891 4275 959 4314 ex
1004 4258 1094 4313 illa
1142 4258 1356 4312 barbari
1410 4258 1650 4312 hominis
1692 4256 1960 4326 theol0gia

395 4354 658 4410 translata
688 4369 808 4408 esse
834 4366 996 4406 nemo
1020 4367 1131 4405 non
1158 4350 1325 4404 videt.
1356 4348 1628 4404 Barbarus
1649 4357 1829 4402 autem
1852 4348 1960 4414 ille,

396 4463 559 4519 quem
580 4458 755 4512 vocat,
786 4446 975 4515 ecquis
1004 4459 1169 4514 porro
1207 4443 1329 4506 fuit,
1356 4443 1463 4497 nisi
1498 4441 1736 4496 Joannes
1767 4440 1964 4494 Serva-

399 4545 532 4599 toris
577 4539 748 4594 nostri
791 4536 1143 4609 evangelista,
1185 4535 1279 4605 qui
1321 4533 1578 4588 Hebraeus
1624 4548 1691 4587 ex
1724 4531 1965 4587 Hebraeis

396 4632 557 4689 erat?
583 4630 752 4698 Cujus
783 4633 896 4683 haec
920 4637 1004 4682 est
1034 4628 1152 4697 ipso
1182 4627 1363 4681 statim
1393 4623 1669 4695 Evangelii
1696 4624 1778 4679 sui
1804 4639 1965 4678 exor-

395 4723 486 4777 dio
510 4720 779 4789 theologia
811 4737 824 4773 :
862 4736 881 4769 (
915 4721 973 4770 In
1002 4715 1268 4787 principio
1301 4724 1419 4770 erat
1447 4713 1683 4769 Verbum
1703 4753 1718 4778 ,
1750 4723 1803 4768 et
1828 4712 1964 4767 Ver-

396 4813 526 4867 bum
556 4819 674 4866 erat
710 4809 851 4879 apud
895 4806 1089 4874 Deum,
1116 4816 1171 4862 et
1210 4805 1352 4863 Deus
1397 4814 1516 4861 erat
1543 4806 1803 4861 Verbum.
1852 4804 1967 4861 Hoc

467 4926 511 4956 ²⁹
546 4922 705 4979 Joan.
742 4937 796 4989 v,
834 4920 923 4976 19.

471 5058 585 5141 (26)
627 5057 932 5181 [Εϐραιων.
961 5054 1185 5109 Rectius
1223 5053 1492 5125 Ἐϐραῖον,
1519 5066 1641 5107 cum
1674 5051 1830 5106 alter.
1857 5066 1970 5107 ma-

479 5142 622 5181 serlD
647 5145 697 5181 0.

400 5142 697 5198 nuscripto.

2068 3987 2243 4057 σμένα
2267 3989 2330 4041 ὲκ
2357 3989 2454 4059 τῆς
2472 3987 2749 4059 βαρϐάρου
2774 3987 3049 4057 θεολογίας
3069 3986 3202 4058 δῆλα
3227 3985 3292 4039 ἂν
3308 3987 3416 4056 εἴη.
3450 4004 3470 4037 ι
3494 3986 3549 4038 '0
3577 3983 3627 4036 δέ

2064 4097 2128 4148 γε
2154 4079 2425 4152 βάρϐαρος
2461 4080 2543 4144 τίς
2573 4077 2641 4151 ἦν
2679 4080 2846 4150 αὐτῷ,
2879 4082 2927 4132 εἰ
2953 4080 3026 4151 μὴ
3060 4079 3152 4132 τοῦ
3199 4077 3454 4150 Σωτῆρος
3484 4076 3627 4149 ἡμῶν

2064 4171 2451 4243 εὐαγγελιστὴς
2500 4172 2786 4242 Ἰωάννης,
2833 4171 3078 4242 Ἐϐραῖος
3110 4170 3185 4223 ὢν
3221 4169 3281 4234 ἐξ
3338 4170 3629 4241 Ἐὁραίων;

2064 4263 2121 4326 ὃς
2153 4280 2253 4316 που
2287 4263 2591 4335 ἀρχόμενος
2628 4263 2727 4332 τῆς
2761 4263 2967 4326 οἰκείας
2996 4262 3233 4333 γραφῆς,
3263 4255 3368 4315 ὧδέ
3412 4278 3490 4331 πη
3519 4262 3630 4314 030-

2064 4356 2240 4425 λογεῖ·
2271 4374 2290 4406 ι
2326 4357 2415 4411 Ἐν
2445 4358 2585 4427 ἀρχῇ
2609 4352 2675 4427 ἦν
2706 4358 2735 4409 ὁ
2771 4357 2941 4425 Λόγος
2961 4374 2974 4387 °
3008 4357 3100 4409 καὶ
3127 4358 3155 4409 ό
3193 4355 3363 4422 Λόγος
3403 4350 3473 4425 ἦν
3503 4354 3633 4425 πρὸς

2065 4448 2155 4501 τὸν
2188 4448 2351 4500 Θεόνο
2376 4448 2471 4500 καὶ
2512 4447 2644 4510 Θεὸς
2688 4442 2756 4518 ἦν
2795 4449 2823 4500 ὁ
2863 4447 3051 4515 Λόγος.
3081 4438 3250 4508 Οὗτος
3278 4440 3347 4516 ἦν
3395 4448 3453 4497 ἐν
3498 4446 3629 4514 ἀρχῇ

2068 4540 2203 4612 πρὸς
2226 4540 2312 4593 τὸν
2328 4540 2460 4593 Θεόν
2471 4539 2602 4609 (51).
2620 4540 2803 4593 Πάντα
2821 4538 2887 4591 δι’
2907 4537 3073 4592 αὑτοῦ
3099 4537 3333 4606 ἐγένετο,
3357 4536 3453 4591 καὶ
3471 4538 3631 4607 χωρὶς

2067 4632 2230 4687 αὐτοῦ
2268 4633 2481 4701 ἐγένετο
2517 4632 2636 4685 οὐδὲ
2664 4632 2743 4697 ἓν,
2773 4631 2801 4684 ὃ
2830 4631 3053 4700 γέγονεν
3073 4648 3086 4659 ·
3134 4632 3191 4683 ὲν
3221 4628 3369 4698 αὐτῷ
3399 4628 3512 4699 ζωὴ
3548 4624 3627 4699 ἦν,

2067 4727 2160 4779 καὶ
2195 4729 2227 4795 ὴ
2266 4723 2378 4796 ζωὴ
2417 4720 2484 4795 ἦν
2510 4724 2570 4776 τὸ
2602 4724 2716 4792 φῶς
2764 4722 2869 4777 τῶν
2908 4722 3211 4794 ἀνθρώπων
3278 4721 3391 4774 Καὶ
3414 4724 3441 4775 ὁ
3470 4722 3631 4790 Λόγος

2069 4815 2206 4889 σὰρξ
2231 4815 2473 4885 ἐγένετο,
2509 4816 2601 4869 καὶ
2644 4817 2954 4887 ἐσκήνωσεν
2996 4817 3053 4870 ὲν
3091 4817 3242 4886 ἡμῖν.
3268 4815 3379 4869 Καὶ
3408 4814 3629 4868 ἐθεασά-

2069 5076 2255 5203 εΝᾶζ)
2296 5129 2403 5203 Καὶ
2418 5128 2596 5203 ῥξίᾳ.
2631 5128 2709 5184 lta
2740 5132 3086 5203 reposuimus
3125 5147 3193 5188 ex
3236 5134 3625 5203 manuscripto,

473 5190 913 5275 ςῖἳίἌμελιρ-ι).
945 5193 1048 5249 Adi
1062 5192 1474 5275 :l‘heodoretum
1505 5192 1605 5275 lib.
1633 5207 1673 5273 ιι
1697 5190 1961 5275 Πεμςῖναες.

2070 5190 2161 5275 cui
2185 5190 2391 5254 similes
2418 5190 2867 5275 Theodoretus'et
2899 5201 3157 5274 Cyrillus,
3189 5218 3316 5257 cum
3348 5190 3623 5275 perperam

400 5267 601 5339 mean,
649 5284 770 5336 pag.
811 5267 881 5339 55_
896 5308 910 5330 ν

402 5411 694 5534 gebat-ibo
727 5408 904 5461 locum
933 5408 1078 5461 hunc
1106 5402 1302 5485 Aurelii
1346 5402 1649 5484 proferunt,
1680 5403 1785 5457 nisi
1818 5402 1963 5482 quod

451 5480 637 5534 vrillus
665 5494 789 5530 eum
832 5493 896 5530 ex
946 5477 1245 5534 Porphvrto
1277 5487 1458 5534 potius
1484 5513 1498 5534 ,
1547 5473 1642 5527 sed
1692 5474 1963 5526 Anielium

963 5274 1017 5320 et
1057 5264 1319 5335 Cyrillum
1368 5262 1719 5335 Alegandriu.
1761 5262 1853 5316 lib.
1908 5264 1962 5315 in
1997 5262 2034 5273 ”
2069 5271 2272 5324 editum
2297 5280 2440 5323 esset
2466 5268 2680 5335 ἀταξία.

399 5332 680 5394 Iulianum
713 5332 828 5399 vin,
859 5336 952 5391 fol.
983 5332 1187 5403 177,’p.
1220 5336 1244 5387 1
1298 5333 1420 5388 cod.
1460 5332 1640 5403 Graeci
1683 5348 1981 5399 manuscr.,

2139 5340 2249 5413 (ἔνο)
2278 5340 2679 5413 Καζαχθςῆναι.
2701 5339 2888 5413 Cyrill.
2920 5341 3329 5413 κατενεχθῆναι.

2139 5360 2249 5412 (0U)
2278 5360 2679 5407 Λαταχσηναι.
2703 5360 2888 5409 bynu.
2920 5360 3112 5396 κατενε
3151 5360 3329 5413 υηναι.

2133 5410 2243 5479 (Si)
2279 5408 2434 5477 Πρὸς
2463 5410 2571 5463 τὸν
2599 5411 2764 5463 Θεόν.
2813 5411 3081 5467 Hactenus
3216 5412 3447 5468 Joannis
3475 5413 3622 5467 verba

451 5480 637 5556 yrillus
665 5494 789 5556 eum
832 5493 896 5530 ex
946 5474 1245 5556 Porphyrio
1277 5477 1458 5556 potius
1484 5513 1515 5556 νΔ
1547 5473 1655 5556 set}.
1692 5474 1963 5556 Αιιιβξνίψη
2060 5479 2117 5556 in
2144 5473 2927 5556 'priori'_editione_citabantur
2950 5501 2973 5556 _:
3011 5498 3111 5538 nos
3144 5492 3347 5549 tamen,
3383 5486 3529 5552 quod
3559 5486 3621 5537 ita

406 5543 567 5625 suum
600 5547 883 5614 laudante,
923 5543 1088 5614 quam
1120 5543 1186 5601 ex
1218 5546 1450 5614 ipsemet
1487 5543 1725 5609 Amelio,
1756 5543 1962 5597 videtur

2070 5543 2238 5625 locus
2267 5551 2483 5619 exigere
2526 5550 2836 5618 videretur,
2886 5552 3097 5623 reliqua
3146 5569 3212 5609 ex
3257 5543 3620 5625 manuscripto

408 5619 956 5758 hagiﬁemm.
1006 5683 1138 5740 Post
1177 5681 1492 5753 ἀξιώσειεν,
1535 5682 1688 5739 addit
1730 5681 1965 5756 Cyrillus

2063 5619 2390 5676 addidimus.
