3826 6232
422 260 431 277 ’
451 304 557 363 eos

1126 302 1396 362 EUSEBII
1429 304 1907 362 CrESARIENSIS
1932 304 2081 361 OPP.
2124 303 2304 359 PARS
2335 302 2399 359 II.
2434 330 2504 344 -—
2530 301 3028 360 APOLOGETICA.

3575 299 3658 354 ιιι

404 461 412 470 .
452 420 601 476 nulla
642 414 881 491 unquam
918 383 1028 476 ullo
1059 422 1113 477 in
1146 437 1342 494 genere
1367 423 1579 478 laborat
1617 423 1840 479 invidia.
1886 424 1998 479 Cun

2121 421 2186 475 ἂν
2214 420 2323 491 (54)
2355 420 2564 491 φθόνος.
2598 420 2799 474 Τούτου
2843 419 2899 472 δὲ
2934 417 3090 479 ἐκτὸς
3122 415 3216 481 ὣν,
3268 413 3449 468 πάντα
3476 411 3549 466 ὁτι
3580 416 3643 484 μά

454 512 621 581 igitur
647 527 709 566 ea
744 521 981 577 vacaret,
1034 513 1217 567 omnia
1249 514 1351 568 sibi
1395 530 1557 583 quam
1596 516 1872 569 simillima
1904 530 2024 569 esse

450 604 673 659 voluit.»
710 603 850 658 Idem
892 605 946 658 in
995 605 1108 659 suis
1142 604 1218 659 De
1265 606 1444 675 repub.
1493 606 1689 661 libris:
1727 624 1746 657 ι
1770 605 2023 674 Nunquid

448 709 600 763 vero,
630 697 729 763 ait,
756 712 880 750 cum
930 697 1013 751 sol
1045 699 1162 767 ipse
1198 698 1348 751 visus
1380 713 1486 751 non
1520 699 1608 765 sit,
1642 700 1709 753 ab
1732 713 1797 753 eo
1820 707 2019 766 tamen,

449 788 610 857 cujus
654 788 746 843 ille
780 804 946 843 causa
977 799 1081 853 est,
1129 791 1417 845 cernitur?
1480 789 1666 857 Plane,
1699 790 1876 861 inquit
1910 792 2016 845 ille.

446 873 603 932 Hunc
642 879 808 949 igitur
863 880 1083 947 habeto,
1140 880 1386 950 inquam,
1444 880 1579 935 Boni
1610 882 1778 934 lilium
1810 882 1907 935 abs
1934 898 2021 935 me

450 968 651 1035 vocari,
700 985 861 1038 quem
939 973 1145 1027 Bonum
1204 974 1289 1026 sui
1342 973 1573 1026 similem
1630 973 1908 1043 genuerit:
1962 983 2021 1028 ut

445 1060 592 1130 quod
627 1060 807 1129 ipsum
859 1062 915 1114 in
977 1061 1099 1116 loco
1130 1062 1357 1133 spiritali
1403 1073 1507 1126 est,
1540 1079 1665 1117 cum
1712 1072 1910 1131 mente,
1938 1078 2020 1119 re-

445 1156 658 1220 busque
684 1159 865 1206 mente
887 1154 1159 1222 perceptis
1198 1162 1610 1224 comparatum;
1643 1155 1696 1209 id
1727 1156 1811 1209 sol
1852 1156 1905 1208 in
1935 1155 2017 1210 lo-

444 1255 510 1295 co
542 1242 855 1310 aspectabili
889 1243 978 1309 sit,
1016 1242 1061 1298 si
1091 1259 1214 1299 cum
1251 1244 1373 1299 visu
1412 1260 1477 1300 ac
1509 1247 1674 1302 rebus
1700 1247 1804 1301 sub
1831 1249 2009 1302 visum

443 1332 762 1389 cadentibus
812 1333 1179 1389 conferetur.»
1205 1334 1271 1390 Et
1292 1338 1455 1406 paulo
1507 1347 1648 1407 post,
1686 1357 1704 1389 ι
1734 1337 1892 1405 Quod
1923 1340 2016 1410 igi-

442 1432 537 1479 tur
563 1434 620 1480 et
668 1426 735 1480 iis
778 1426 946 1482 rebus
999 1441 1121 1496 quae
1153 1441 1560 1497 cognoscuntur
1599 1432 1880 1487 veritatem
1917 1435 2014 1488 tri-

442 1513 582 1581 buit,
615 1524 669 1570 et
696 1516 1062 1585 cognoscendi
1087 1516 1193 1571 vim
1230 1517 1651 1591 facultatemque
1679 1525 2008 1594 suppeditat,

440 1606 496 1660 id
551 1616 606 1661 tu
661 1608 790 1662 boni
839 1607 1015 1663 ideam
1049 1623 1170 1663 esse
1224 1611 1469 1666 statuito.
1531 1612 1773 1684 Itemque
1819 1618 2008 1687 solem,

440 1697 659 1767 opinor,
711 1697 780 1753 iis
829 1712 952 1768 quae
979 1696 1256 1764 videntur,
1302 1714 1412 1753 non
1449 1700 1502 1755 id
1558 1701 1721 1756 modo
1773 1704 2010 1761 tribuere

2126 515 2283 567 λιστα
2297 514 2560 585 ἐϐουλήθη
2588 513 2839 583 γενέσθαι
2856 509 3210 582 παραπλήσια
3235 506 3433 578 ἑαυτῷ.
3455 524 3473 558 ι
3497 506 3595 558 Καὶ
3616 508 3660 558 ἐν

2122 610 2188 678 τῇ
2211 607 2487 673 Πολιτείᾳ
2518 606 2575 658 δὲ
2616 605 2788 659 ταῦτά
2825 620 3006 675 φησιν·
3033 621 3051 652 ι
3075 596 3201 672 ’Ἆρ’
3220 596 3315 653 οὖν
3334 599 3396 652 οὐ
3417 597 3502 648 καὶ
3518 598 3612 666 (55)
3640 600 3663 649 ὁ

2121 696 2270 770 ἥλιος
2304 697 2424 767 ὄψις
2456 696 2553 769 μὲν
2582 698 2682 750 οὐκ
2719 697 2884 762 ἔστιν,
2910 696 3080 757 αἴτιος
3113 693 3155 744 δ’
3176 692 3252 744 ὣν
3304 692 3472 761 αὐτῆς
3499 691 3664 760 ὁρᾶται

2122 789 2395 859 ὑπἀὐτῆς
2417 788 2619 859 ταύτης
2640 805 2653 853 ;
2675 786 2880 853 Οὕτως,
2898 783 2988 857 ἧδ’
3005 787 3081 848 ὃς.
3102 784 3302 837 Τοῦτον
3324 782 3521 845 τοίνυν,
3545 776 3605 851 ἦν
3628 780 3664 831 δ’

2120 878 2248 947 ἐγὼ,
2290 880 2452 947 φάναι
2487 879 2552 948 μὲ
2593 878 2772 947 λέγειν
2800 877 2891 930 τὸν
2919 875 3013 928 τοῦ
3042 874 3266 942 Ἀγαθοῦ
3286 873 3522 941 ἔκγονον,
3550 870 3668 923 ὁντδ

2118 969 2339 1039 Ἀγαθὸν
2354 970 2644 1041 ἐγέννησεν
2674 969 2934 1037 ἀνάλογον
2975 965 3171 1036 ἑαυτῷ,
3206 966 3234 1018 ὃ
3264 969 3318 1021 τί
3344 981 3450 1035 περ
3478 963 3601 1017 αὐτὸ
3619 963 3669 1014 ὲν

2115 1061 2193 1133 τῷ
2211 1061 2387 1133 νοητῷ
2415 1062 2565 1131 τόπῳ
2594 1061 2728 1132 πρός
2756 1078 2815 1113 τε
2838 1058 2961 1114 νοῦν
2982 1057 3077 1112 καὶ
3103 1056 3173 1110 τὰ
3194 1055 3479 1125 νοούμενα,
3504 1052 3669 1106 τοῦτον

2116 1156 2173 1208 ὲν
2189 1154 2267 1225 τῷ
2280 1155 2460 1226 ὁρατῷ
2489 1154 2625 1225 πρός
2654 1171 2713 1207 τε
2741 1152 2862 1222 ὄψιν
2894 1152 2989 1205 καὶ
3015 1150 3083 1203 τά
3097 1148 3403 1220 ὁρώμενα.»
3424 1146 3531 1199 Καὶ
3559 1145 3671 1214 ἑξῆς

2114 1247 2387 1316 ἐπιλέγει·
2423 1266 2441 1298 ι
2474 1246 2644 1299 Τοῦτο
2674 1245 2855 1298 τοίνυν
2901 1245 2962 1296 τὸ
3006 1241 3104 1313 τὴν
3155 1239 3410 1310 ἀλήθειαν
3451 1237 3672 1307 παρέχον

2113 1341 2227 1402 τοῖς
2251 1337 2731 1408 γιγνωσκομένοις,
2766 1336 2858 1389 καὶ
2888 1334 2950 1388 τὸ
2982 1332 3342 1402 γιγνώσκοντι
3386 1329 3485 1403 τὴν
3528 1329 3673 1382 δύνα-

2116 1448 2206 1501 μιν
2234 1429 2536 1494 ἀποδιδοῦν,
2584 1428 2685 1500 τὴν
2717 1426 2810 1479 τοῦ
2852 1424 3057 1495 ἀγαθοῦ
3106 1423 3247 1476 ἰδέαν
3293 1420 3425 1491 φάθι
3467 1415 3620 1472 εἶναι.
3651 1436 3667 1469 ι

2111 1523 2221 1576 Καὶ
2253 1521 2411 1575 πάλιν
2445 1520 2611 1592 φησί’
2649 1538 2665 1569 ι
2691 1520 2794 1572 Τὸν
2822 1518 2971 1588 ἥλιον
3006 1518 3117 1581 τοῖς
3149 1513 3447 1584 ὁρωμένοις
3483 1510 3543 1563 οὐ
3583 1509 3672 1579 μό-

2111 1630 2218 1678 νον,
2246 1608 2419 1684 οἷμαι,
2441 1614 2540 1682 τὴν
2562 1609 2655 1664 τοῦ
2683 1608 2913 1681 ὁρᾶσθαι
2940 1606 3168 1675 δύναμιν
3190 1602 3449 1673 παρέχειν
3472 1600 3671 1670 φήσεις,

2111 1705 2245 1759 ἀλλὰ
2272 1706 2365 1758 καὶ
2391 1704 2488 1776 τὴν
2514 1703 2725 1772 γένεσιν
2773 1702 2867 1755 καὶ
2905 1700 3077 1770 αὔξην
3122 1697 3218 1752 καὶ
3243 1695 3470 1768 τροφὴν,
3503 1695 3563 1746 οὐ
3590 1694 3674 1761 γέ-

440 1789 612 1852 dices,
646 1796 706 1841 ut
735 1787 907 1842 videri
938 1799 1161 1858 queant,
1193 1806 1379 1845 verum
1410 1792 1572 1845 etiam
1626 1800 1805 1847 ortum
1853 1795 1998 1864 ipsis,

2110 1815 2255 1852 νεσιν
2283 1773 2621 1850 αὐτὸνγὸντα·
2661 1793 2779 1856 πῶς
2810 1792 2918 1863 γάρ
2940 1808 2954 1856 ;
2979 1792 3089 1845 Καὶ
3121 1791 3233 1852 τοῖς
3266 1785 3673 1857 γινωσκομένοις

443 1878 806 1945 incrementa,
885 1879 1354 1951 nutritionemque
1404 1882 1611 1953 largiri,
1666 1899 1788 1939 cum
1830 1896 2009 1943 tamen

443 1978 600 2024 ortus
633 1970 748 2038 ipse
783 1984 893 2023 non
918 1971 1023 2026 sit:
1049 1971 1142 2041 qui
1177 1973 1322 2026 enim
1352 1987 1475 2028 esse
1494 1975 1717 2044 possit?
1764 1975 1905 2048 Ergo
1937 1978 2009 2032 si-

437 2061 638 2116 militer
683 2075 771 2116 res
812 2075 930 2125 eas,
969 2076 1090 2131 qua:
1125 2073 1548 2133 cognoscuntur,
1584 2079 1615 2118 a
1661 2065 1812 2121 Bono
1840 2068 2005 2135 dices,

442 2169 552 2207 non
578 2161 637 2207 ut
661 2164 1061 2223 cognoscantur
1086 2155 1270 2223 modo,
1303 2155 1395 2211 sed
1417 2155 1579 2210 etiam
1608 2166 1667 2210 ut
1694 2158 1823 2223 sint,
1851 2158 2009 2214 adeo-

441 2260 550 2310 que
596 2243 875 2314 propriam
907 2245 1183 2311 ,essentiaa
1234 2261 1348 2301 suae
1392 2248 1657 2302 rationem
1705 2250 1774 2304 ab
1813 2251 2003 2306 eodem

438 2337 706 2406 accipere,
737 2337 954 2391 tametsi
977 2336 1189 2391 Bonum
1214 2339 1450 2394 essentia
1474 2355 1583 2395 non
1609 2342 1701 2407 sit,
1728 2343 1821 2396 sed
1846 2343 2006 2414 longe

434 2439 601 2493 supra
633 2425 927 2479 essentiam
970 2441 1189 2480 omnem
1228 2428 1515 2497 majestate
1558 2430 1723 2484 simul
1762 2446 1826 2484 ac
1853 2440 2000 2501 pote-

435 2526 577 2573 state
632 2518 919 2573 emineat.»
961 2518 1088 2575 Haec
1123 2519 1300 2588 Plato,
1328 2521 1530 2592 quibus
1560 2523 2003 2580 clarissime'do-

432 2618 543 2675 eet,
586 2611 864 2681 spiritales
898 2612 1368 2684 intelligentesque
1406 2624 1630 2671 naturas
1658 2632 1688 2669 a
1723 2614 1872 2671 Bono
1903 2617 2004 2687 (sic

432 2712 617 2777 autem
656 2699 829 2755 Deum
860 2702 1114 2771 appellat)
1143 2719 1252 2758 non
1293 2717 1354 2759 ut
1392 2706 1646 2776 cognosci
1678 2707 1844 2761 modo
1872 2722 2001 2777 pos~

432 2793 567 2859 sint,
611 2808 803 2847 verum
844 2793 1007 2848 etiam
1066 2803 1129 2849 ut
1169 2796 1300 2862 sint,
1346 2811 1411 2850 ac
1442 2796 1720 2867 propriam
1750 2799 2003 2853 essentia:

427 2897 546 2937 sua:
582 2882 849 2937 rationem
894 2883 1185 2953 accipere:
1229 2883 1440 2939 Bonum
1480 2893 1661 2939 tamen
1706 2885 1884 2957 ipsum
1912 2903 2002 2942 es-

426 2973 659 3031 sentiam
690 2989 798 3028 non
837 2989 979 3039 esse,
1008 2975 1101 3030 sed
1131 2975 1423 3030 essentiam
1466 2991 1682 3030 omnem
1718 2976 2000 3045 majestate

427 3065 595 3119 simul
649 3080 714 3120 ac
766 3074 1034 3135 potestate
1093 3067 1252 3137 longe
1314 3068 1658 3139 multumque
1708 3084 1988 3137 superare.
2021 3108 2063 3165 ο

426 3153 615 3224 Itaque
651 3165 878 3210 naturas
928 3157 1052 3211 illas
1099 3173 1199 3212 nec
1233 3158 1479 3227 ejusdem
1512 3175 1638 3215 cum
1668 3160 1763 3214 illo
1796 3176 1987 3216 essen—

427 3247 515 3301 tia:
546 3248 765 3311 statuit,
791 3264 892 3302 nec
923 3257 1046 3302 ortu
1078 3264 1266 3304 carere
1299 3250 1619 3316 arbitratur,
1647 3251 1847 3321 quippe
1870 3267 1993 3321 qua:

428 3343 489 3387 ut
514 3343 718 3399 essent,
746 3350 811 3389 ac
859 3336 1133 3405 propriam
1177 3338 1427 3392 essentia:
1461 3355 1576 3394 sua:
1607 3341 1896 3406 rationem,
1924 3342 1993 3397 ab

424 3441 491 3480 eo
520 3427 665 3496 quod
693 3428 930 3482 essentia
961 3445 1071 3482 non
1121 3439 1226 3495 est,
1280 3430 1440 3503 543
1476 3432 1572 3487 sed
1615 3433 1900 3502 majestate
1930 3448 1993 3488 ac

422 3528 690 3590 potestate
739 3522 1034 3575 essentiam
1067 3538 1282 3578 omnem
1330 3524 1647 3595 longissime
1676 3535 1994 3597 praetergre-

421 3611 570 3666 ditur
589 3651 606 3679 ,
633 3614 974 3682 acceperint:
1004 3629 1165 3683 quem
1190 3625 1475 3685 propterea
1511 3616 1635 3686 jure
1658 3618 1878 3688 quidem
1926 3633 1992 3673 ac

424 3704 623 3760 merito
675 3705 853 3760 solum
913 3704 1141 3762 Hebraea
1190 3708 1410 3763 oracula
1454 3707 1623 3763 Deum
1670 3710 1985 3779 praedicant,

424 3810 552 3851 cum
584 3797 744 3852 rebus
773 3798 986 3853 caeteris
1030 3799 1286 3854 omnibus
1327 3801 1581 3854 essentia:
1617 3799 1739 3856 fons
1780 3801 1988 3870 princi-

421 3888 684 3959 piumque
714 3891 805 3945 sit.
838 3890 964 3946 Illas
993 3899 1174 3946 autem
1223 3906 1436 3957 omnes,
1483 3893 1682 3962 quibus
1712 3909 1889 3963 neque
1929 3901 1988 3947 ut

420 3980 552 4044 sint,
601 3996 777 4050 neque
826 3997 923 4036 sua
956 3983 1225 4052 cujusque
1266 3984 1517 4037 essentiae
1562 3984 1703 4037 ratio
1728 3999 1756 4037 a
1788 3984 1983 4054 seipsis

418 4070 581 4135 inest,
613 4071 724 4124 imo
754 4085 822 4125 ne
852 4070 986 4125 Boni
1020 4072 1240 4141 quidem
1273 4081 1482 4126 natura:
1511 4074 1850 4138 communio,
1887 4073 1987 4127 ab-

2109 1890 2323 1953 τοίνυν,
2363 1887 2438 1958 μὴ
2494 1885 2654 1956 μόνον
2699 1884 2762 1938 τὸ
2807 1881 3170 1952 γινώσκεσθαι
3216 1880 3381 1949 φάναι
3427 1876 3533 1930 ὑπὸ
3586 1874 3674 1927 τοῦ

2105 1976 2334 2044 Ἀγαθοῦ
2355 1980 2621 2052 παρεῖναι,
2641 1974 2779 2031 ἀλλά
2811 1975 2906 2028 καὶ
2930 1974 2993 2026 τὸ
3032 1969 3171 2025 εἷναί
3201 1970 3312 2041 (⁸56)
3346 1985 3406 2022 τε
3450 1967 3545 2021 καὶ
3583 1965 3674 2036 τὴν

2106 2067 2310 2133 οὐσίαν,
2349 2069 2439 2121 ὐπ’
2487 2067 2698 2121 ἐκείνου
2749 2066 2933 2129 αὐτοῖς
2989 2066 3300 2138 προσεῖναι,
3350 2060 3452 2113 οὐκ
3497 2058 3674 2119 οὐσίας

2104 2158 2258 2222 ὄντος
2292 2158 2385 2211 τοῦ
2429 2157 2680 2227 Ἀγαθοῦ,
2715 2157 2829 2210 ἀλλ’
2866 2156 3125 2209 ἐπέκεινα
3167 2153 3375 2216 οὐσίας,
3419 2149 3675 2221 πρεσϐείᾳ.

2104 2251 2196 2304 καὶ
2220 2250 2444 2320 δυνάμει
2471 2249 2846 2321 ὑπερέχοντος.
2875 2268 2894 2300 ι
2932 2247 3250 2315 Σαφέστατα
3275 2243 3365 2297 διὰ
3392 2242 3598 2295 τούτων
3618 2241 3673 2292 οὐ

2107 2342 2265 2412 μόνον
2284 2341 2344 2394 τὸ
2362 2340 2723 2410 γινώσκεσθαι
2754 2342 2874 2404 ταῖς
2891 2351 2917 2379 α
2939 2341 3154 2410 νοηταῖς
3177 2336 3410 2399 οὐσίαις,
3434 2332 3571 2387 ἁλλά
3588 2333 3675 2385 καὶ

2102 2432 2163 2485 τὸ
2198 2432 2341 2486 εἶναί
2378 2450 2435 2485 τε
2472 2433 2566 2486 καὶ
2590 2432 2688 2503 τὴν
2715 2431 2904 2485 οὐσίαν
2936 2430 3081 2500 ἔχειν
3108 2427 3261 2499 παρὰ
3296 2425 3392 2479 τοῦ
3427 2422 3671 2491 Ἀγαθοῦ,

2101 2523 2299 2595 δηλαδὴ
2337 2523 2430 2577 τοῦ
2448 2521 2603 2587 Θεοῦ,
2639 2523 2803 2593 φησὶν
2830 2524 2859 2574 ὁ
2887 2522 3139 2575 Πλάτων’
3163 2519 3225 2572 τό
3249 2535 3311 2571 τε
3346 2515 3578 2584 ’Δγαθὺν
3607 2513 3673 2584 μὴ

2102 2611 2239 2668 εἶναι
2272 2616 2480 2680 οὐσίαν,
2505 2615 2617 2668 ἀλλ’
2653 2614 2907 2667 ἐπέκεινα
2931 2614 3032 2683 τῆς
3055 2611 3264 2675 οὐσίας,
3294 2607 3565 2680 πρεσϐεία
3589 2605 3675 2659 καὶ

2100 2705 2326 2775 δυνάμει
2359 2705 2655 2776 ὐπερέχοψ
2682 2703 2822 2757 ὥστε
2847 2702 2921 2774 μὴ
2952 2701 3210 2773 ὁμοούσια
3242 2698 3381 2753 αὐτὰ
3413 2696 3669 2759 τίθεσθαι,

2099 2796 2234 2853 ἀλλὰ
2283 2797 2417 2869 μηδὲ
2464 2797 2731 2867 ἀγέννητα
2760 2793 3002 2864 νομίζειν
3027 2834 3041 2858 ,
3071 2795 3152 2846 ὅτι
3201 2793 3265 2863 δὴ
3317 2791 3415 2844 καὶ
3456 2791 3521 2844 τὸ
3544 2784 3672 2843 εἶναι

2101 2886 2193 2939 καὶ
2212 2886 2309 2957 τὴν
2351 2886 2536 2939 οὐσίαν
2589 2884 2777 2955 εἴληφε
2833 2884 2984 2956 παρὰ
3022 2883 3115 2937 τοῦ
3165 2884 3240 2954 μὴ
3288 2882 3446 2945 ὄντος
3467 2883 3669 2945 οὐσίας,

2100 2976 2212 3030 ἀλλ’
2247 2979 2502 3032 ἐπέκεινα
2551 2977 2738 3040 οὐσίας
2772 2976 3035 3049 πρεσϐείᾳ
3081 2975 3176 3029 καὶ
3231 2974 3465 3045 δυνάμει
3517 2975 3671 3043 ὐπερ-

2101 3067 2344 3137 έχοντος·
2378 3067 2436 3120 ὃν
2466 3066 2530 3137 δὴ
2564 3066 2659 3119 καὶ
2688 3065 2846 3135 μόνον
2886 3064 3111 3125 εἰκότως
3143 3061 3274 3114 Θεὸν
3306 3060 3375 3113 τὰ
3414 3060 3671 3131 Ἐϐραίων

2096 3157 2414 3229 ἀναγορεύει
2440 3158 2615 3225 λόγια,
2648 3156 2724 3219 ὡς
2750 3154 2815 3208 ἂν
2848 3157 2958 3217 τοῖς
2989 3153 3195 3207 πᾶσινιι
3216 3153 3387 3205 αἴτιον
3416 3152 3570 3205 ὄντα.
3600 3149 3669 3203 Τὰ

2095 3249 2159 3320 δὴ
2182 3246 2271 3302 οὖν
2306 3251 2441 3320 μήτε
2483 3249 2542 3302 τὸ
2584 3245 2742 3313 εἶναι,
2783 3249 2921 3319 μήτε
2964 3246 3061 3316 τὴν
3087 3244 3272 3297 οὐσίαν
3308 3244 3441 3315 παρ’
3472 3241 3669 3296 ἑαυτῶν

2098 3338 2304 3410 ἔχοντα,
2342 3340 2476 3394 ἀλλά
2505 3341 2638 3412 μηδὲ
2671 3340 2769 3410 τῆς
2802 3337 3040 3407 τάγαθοῦ
3080 3336 3292 3404 φύσεως
3324 3334 3477 3398 ὄντα,
3524 3336 3584 3387 οὐ
3611 3332 3668 3402 δὴ

2097 3431 2315 3500 εὔλογον
2347 3432 2502 3495 θεοὺς
2524 3428 2661 3485 εἶναι
2690 3431 2960 3502 ἡγεῖσθαι,
2983 3426 3063 3492 οἷς
3089 3429 3163 3499 μὴ
3193 3430 3353 3496 φύσει
3385 3427 3447 3480 τὸ
3476 3425 3670 3494 ἀγαθὸν

2099 3526 2407 3597 πρόσεστιν.
2450 3526 2560 3579 Ἑνὶ
2590 3525 2698 3596 γὰρ
2750 3524 2908 3578 τοῦτο
2961 3521 3127 3591 μόνῳ,
3182 3519 3275 3572 καὶ
3313 3517 3494 3599 οὐδενί
3538 3517 3672 3586 ἄλλῳ

2097 3617 2401 3683 ἀναθετέον,
2436 3617 2512 3688 τῷ
2545 3617 2687 3687 μόνῳ
2704 3613 2974 3688 Ἀγαθῷ,ὃ
2996 3613 3059 3683 δὴ
3089 3613 3180 3665 καὶ
3209 3610 3471 3664 ἐπέκεινα
3499 3609 3668 3677 πάσης

2092 3708 2295 3773 οὐσίας,
2321 3707 2587 3781 πρεσϐείᾳ
2614 3725 2672 3759 τε
2695 3705 2788 3759 καὶ
2815 3706 3038 3775 δυνάμει
3064 3703 3326 3773 ὑπερέχον
3355 3700 3671 3772 θαυμασίως

2092 3800 2121 3851 ὁ
2144 3798 2366 3852 Πλάτων
2395 3796 2726 3866 ἀνεφώνησε.
2772 3795 2941 3848 Πάλιν
2975 3794 3031 3846 δὲ
3056 3796 3085 3846 ὁ
3121 3794 3433 3863 Νουμήνιος
3475 3796 3535 3846 ἐν
3564 3793 3671 3852 soi;

2089 3890 2227 3957 Περί
2250 3890 2356 3943 τοῦ
2398 3888 2642 3957 ἀγαθοῦ,
2669 3887 2765 3958 τὴν
2798 3887 2890 3940 τοῦ
2918 3886 3201 3949 Πλάτωνος
3222 3886 3464 3938 διάνοιαν
3499 3886 3670 3954 ἑρμη-

2089 3978 2276 4045 νεύων,
2313 3978 2498 4032 τοῦτον
2528 3978 2745 4042 διέξεισι
2772 3976 2864 4029 τὸν
2896 3975 3112 4048 τρόπον.

417 4165 584 4221 surde
608 4180 835 4235 prorsus
881 4180 945 4221 ac
972 4166 1139 4222 stulte
1180 4168 1313 4222 deos
1353 4183 1477 4223 esse
1517 4169 1817 4238 putaveris,
1853 4183 1976 4222 cum
2018 4168 2138 4235 ipso
2182 4180 2402 4235 quoque
2451 4165 2597 4219 bono
2635 4179 2735 4219 sua
2791 4178 2885 4232 per
2944 4176 3065 4215 sese
3112 4168 3308 4241 natura
3339 4160 3669 4230 spolientur.

419 4254 538 4311 Hoc
598 4257 884 4312 enimvero
947 4259 1040 4312 uni
1096 4259 1362 4313 duntaxat
1409 4260 1756 4315 tribuendum
1813 4268 1930 4326 est,
1975 4268 2232 4329 pra2terea
2282 4256 2506 4322 nemini,
2542 4256 2668 4320 soli,
2715 4256 2959 4324 inquam,
2992 4253 3069 4306 illi
3111 4250 3285 4311 Bono,
3317 4252 3469 4322 quod
3506 4251 3672 4319 maje-

419 4359 560 4407 state
594 4351 756 4405 simul
796 4366 860 4406 ac
890 4359 1154 4421 potestate
1180 4352 1352 4414 Plato.
1386 4354 1543 4425 longe
1569 4369 1732 4424 supra
1761 4354 2052 4409 essentiam
2078 4368 2292 4407 omnem
2311 4352 2551 4407 eminere
2580 4353 2688 4406 tam
2746 4350 2962 4420 egregie
3016 4348 3390 4418 praeclareque
3428 4361 3671 4417 pronun-

412 4447 534 4501 tiat.
557 4444 727 4515 Cujus
753 4445 947 4500 iterum
972 4447 1291 4501 sententiam
1317 4445 1617 4502 Numenius
1639 4449 1694 4501 in
1729 4448 1844 4503 suis
1877 4447 1955 4501 De
1978 4447 2126 4502 Bono
2149 4446 2302 4502 libris
2329 4460 2626 4515 exponens,
2655 4444 2801 4498 hunc
2823 4444 2877 4497 in
2909 4443 3129 4498 modum
3153 4442 3599 4511 philosophatur.

982 4562 1213 4617 CAPUT
1245 4561 1408 4618 XXII.

2588 4562 2982 4617 ΚΕΦΛΛΑΙΟΝ
3014 4562 3141 4615 ΚΒ’.

829 4673 1083 4729 Numenii
1114 4676 1177 4729 de
1204 4674 1350 4729 Bono
1374 4677 1549 4732 verba.

481 4788 838 4859 «Corporum,
895 4789 1094 4858 inquit,
1139 4798 1391 4844 naturam
1446 4788 1748 4860 intelligere
1778 4804 1975 4858 possu-

406 4896 552 4946 mus,
584 4883 712 4936 dum
750 4883 948 4950 partim
977 4882 1030 4935 in
1054 4882 1282 4936 aliorum
1315 4882 1573 4936 similium
1607 4881 1972 4946 conditiones,

405 4975 603 5044 partim
637 4976 692 5029 in
740 4976 990 5045 proprias
1039 4982 1094 5028 et
1131 4974 1324 5028 insitas
1365 4973 1526 5027 obvio
1579 4973 1775 5042 cuique
1817 4982 1974 5028 notas

403 5067 704 5121 intuemur.
741 5067 811 5120 At
858 5066 988 5120 boni
1027 5066 1292 5120 rationem
1320 5080 1533 5134 capere,
1579 5065 1727 5119 nullo
1750 5080 1976 5133 prorsus

402 5158 588 5225 modo,
622 5174 799 5228 neque
825 5158 988 5213 ullius
1018 5174 1082 5213 ex
1107 5158 1184 5212 rei
1212 5158 1498 5227 praesentis
1526 5166 1771 5226 aspectu,
1796 5171 1972 5228 neque

472 5303 499 5332 ι
518 5289 677 5344 Forte
696 5291 814 5354 τάς.
891 5291 920 5330 b
938 5288 1101 5343 Forte
1126 5290 1253 5345 add.
1290 5288 1383 5342 τοῦ
1407 5282 1567 5343 εἶναι.

473 5462 581 5531 (54)
630 5465 974 5535 Ἐγγιγνοιτ’
1005 5463 1101 5518 ἄν.
1133 5463 1287 5518 Plato
1329 5461 1504 5517 Ficiui
1543 5470 1597 5515 et
1626 5459 1973 5535 Serr_ani_§y-

402 5527 1053 5603 ytafvsranffniibuscum
1105 5544 1485 5603 etimanuscr.
1540 5530 1807 5600 congruit.
1860 5527 1973 5583 Hoc

338 5604 363 5667 τ’
405 5602 755 5681 certehmagis'
774 5604 1131 5681 ex.suav_itate
1150 5602 1426 5681 APla‘tonis.
1464 5670 1479 5681 _
1667 5668 1703 5681 υ

473 5669 583 5737 (55)
632 5667 754 5739 ’Ἆρ’
794 5670 907 5739 οὖν
949 5675 1021 5725 οὐ
1063 5673 1180 5727 καίἴ
1226 5672 1417 5729 Exstat
1461 5670 1619 5727 locus
1667 5668 1764 5725 lib.
1810 5684 1863 5724 Vl
1895 5667 1972 5725 De

405 5741 579 5793 reuub.
609 5737 728 5808 pag.
760 5741 862 5796 474
893 5737 1006 5796 Fic.

2456 4676 2797 4746 Νουμηνίου
2827 4674 2959 4742 περὶ
2986 4674 3265 4744 τάγαθοῦ.

2154 4809 2171 4841 ι
2220 4788 2301 4843 Τὰ
2327 4782 2419 4843 οῦν
2448 4787 2676 4867 σώματα
2715 4786 2896 4840 λαϐεῖν
2929 4789 3060 4858 ημῖν
3088 4786 3285 4851 ἔξεστι,
3327 4784 3675 4857 σημαινομέ⁴

2079 4898 2188 4944 νοις
2222 4880 2284 4933 ἒκ
2312 4897 2371 4932 τε
2402 4881 2623 4950 ὁμοίων,
2657 4879 2765 4931 ἀπό
2784 4895 2843 4930 τε
2873 4876 2979 4930 τῶν
3005 4879 3061 4929 ὲν
3087 4879 3198 4939 τοῖς
3231 4877 3673 4947 παρακειμένοις

2079 4971 2473 5041 γνωρισμάτων
2504 4970 2729 5022 ἐνόντων
2750 4987 2763 4998 ⁸
2791 4968 3028 5036 τάγαθὸν
3046 4967 3124 5029 δὲ,
3154 4966 3373 5030 οὐδενὸς
3396 4967 3465 5019 ὲκ
3490 4982 3673 5034 παραυ

2080 5062 2353 5133 κειμένου,
2373 5061 2478 5114 οὐδ’
2498 5057 2589 5114 οὖν
2607 5061 2712 5115 ἀπὸ
2728 5061 2912 5130 ὁμοίου
2929 5058 3187 5130 αἰσθητοῦ
3205 5060 3324 5111 ἐστι
3352 5058 3546 5111 λαϐεῖν
3573 5071 3675 5126 pr,-

2079 5156 2214 5225 χανή
2238 5172 2320 5219 τις
2342 5153 2582 5224 οὐδεμία.
2616 5151 2777 5205 Ἀλλὰ
2801 5152 3003 5222 δεήσει,
3030 5146 3140 5204 οἷον
3163 5149 3322 5212 εἴτις
3348 5150 3453 5217 Δἐπὶ.
3488 5148 3670 5213 σκοπῇ

2147 5456 2254 5525 (56)
2299 5455 2482 5530 Ἀλειὰ
2510 5455 2606 5507 καὶ
2640 5454 2704 5507 τὸ
2731 5450 2915 5530 εἶναι..
2944 5450 3071 5507 Hazc
3107 5465 3284 5530 usque
3318 5450 3396 5530 _ad
3437 5448 3544 5530 οὐκ
3577 5448 3665 5530 Imb-

2078 5516 2248 5599 σίας,
2284 5544 2351 5599 ex
2404 5526 2629 5599 Platone
2676 5524 3069 5599 supplevimus,
3122 5516 3667 5599 alioqui_pendebat

2074 5588 2205 5649 illud
2261 5596 2336 5667 μὴ
2396 5595 2598 5667 μόνον,
2652 5588 2798 5667 quod
2850 5602 3223 5667 praecesserat:
3254 5588 3665 5667 'Libfariorutu

2074 5653 2274 5720 oculos'
2298 5653 2593 5721 verborum
2629 5653 2883 5736 παρεῖναι
2906 5654 2979 5719 οι
3026 5662 3315 5731 προσεῖναι
3360 5653 3667 5716 similitudo

2075 5737 2381 5807 παρήγαγε.
