3826 6232
196 309 293 367 905

1282 311 1610 367 ΡΒΛΕΡΑΒ.
1655 311 1910 370 EVANG.
1957 313 2084 369 LIB.
2128 313 2220 370 XI.

3333 315 3441 370 906

194 425 522 496 καθήμενος,
595 423 727 478 ναῦν
796 423 987 478 ἁλιάδα
1045 423 1300 496 βραχεῖάν
1375 443 1496 479 τινα
1557 427 1763 482 τούτων

1867 445 1932 484 ex
1977 429 2304 500 cujusquam
2351 427 2597 494 omnino,
2646 443 2770 498 qua:
2815 429 3065 484 sensibus
3112 430 3444 500 percipiatur

191 517 293 570 τῶν
337 515 700 588 ὲπακτρίδων,
740 516 848 569 τῶν
886 516 1081 586 μόνων,
1126 516 1274 586 μίαν,
1313 517 1502 590 μόνην,
1533 518 1764 592 ἔρημον,

194 609 547 680 μετακυμίαις
570 607 834 679 ἐχομένην
867 607 1248 679 ὀῷδεδορκὼς,
1269 610 1368 681 μιᾷ
1395 608 1520 682 βολῇ
1555 612 1765 666 κατεῖδε

191 703 283 775 τὴν
321 702 483 756 ναῦν·
524 701 666 755 οὕτω
693 701 758 771 δή
800 717 923 755 τινα
970 700 1272 756 ἀπελθόντα
1315 703 1503 776 πόρρω
1527 703 1636 758 ἀπὸ
1657 705 1766 759 τῶν

190 795 474 866 αἰσθητῶν,
533 793 794 865 ὁμιλῆσαι
831 791 910 864 τῷ
962 793 1152 864 ἀγαθῷ
1206 794 1350 866 μόνῳ
1397 795 1578 865 μόνον,
1637 795 1766 850 ἔνθα

193 888 322 958 μήτε
342 903 426 949 τις
447 885 755 958 ἄνθρωπος,
794 885 928 956 μήτε
958 903 1010 939 τι
1039 884 1176 950 ζῶον
1201 885 1409 958 ἕτερον,
1445 887 1579 958 μηδὲ
1607 887 1765 959 σῶμα

191 980 347 1051 μέγα,
390 979 525 1051 μηδὲ
555 979 806 1050 σμικρὸν,
835 977 972 1032 ἀλλά
993 995 1076 1042 τις
1107 977 1314 1048 άφατος
1349 980 1445 1032 καὶ
1474 980 1766 1052 ἀδιήγητος

187 1071 420 1141 ἀτεχνῶς
467 1070 673 1142 ὲρημία
715 1069 1021 1135 θεσπέσιος,
1069 1068 1200 1124 ἔνθα
1227 1069 1328 1124 ’τοῦ
1383 1069 1590 1140 ἀγαθοῦ
1637 1071 1803 1143 ἥϐην

185 1165 450 1238 διατριϐαί
482 1182 543 1217 τε
584 1164 678 1220 καὶ
711 1163 954 1233 ἀγλαΐαι,
993 1162 1124 1216 αὐτὸ
1153 1161 1210 1214 δὲ
1251 1163 1310 1215 ὲν
1340 1163 1554 1236 εἰρήνῃ,
1588 1164 1647 1216 ὲν
1678 1165 1766 1217 εὐ-

189 1259 395 1329 μενείᾳ,
423 1258 483 1311 τὸ
516 1259 740 1329 ἤρεμον,
771 1256 832 1309 τὸ
865 1253 1208 1326 ἡγεμονικὸν,
1255 1254 1432 1318 ἵλεων,
1463 1255 1764 1326 ἐποχούμε-

185 1369 272 1406 νον
299 1353 390 1404 ἐπὶ
428 1353 496 1422 τῇ
531 1351 709 1422 οὐσίᾳ.
740 1351 803 1403 Εἰ
849 1349 906 1402 δέ
937 1365 1020 1412 τις
1056 1348 1192 1419 πρὸς
1236 1349 1346 1412 τοῖς
1378 1347 1655 1419 αἰσθητοῖς
1681 1349 1764 1401 λι-

186 1443 393 1515 παρῶν,
423 1443 484 1496 τὸ
505 1443 707 1512 ἀγαθὸν
743 1441 1110 1511 ὲφιπτάμενον
1135 1439 1489 1510 φαντάζεται,
1531 1440 1766 1495 κᾶπειτα

182 1536 398 1607 τρυφῶν
437 1535 601 1589 οίοιτο
623 1533 701 1605 τῷ
737 1533 928 1604 ἀγαθῷ
954 1532 1392 1605 ἐντετυχηκέναι,
1427 1533 1522 1586 τοῦ
1565 1534 1764 1598 παντὸς

183 1627 504 1699 ἁμαρτάνει.
680 1625 788 1698 γὰρ
826 1626 939 1680 ὄντι
983 1627 1044 1681 οὐ
1094 1625 1303 1698 ῥᾳδίας,
1339 1625 1488 1690 θείας
1533 1625 1590 1678 δὲ
1629 1627 1765 1698 πρὸς

183 1721 312 1774 αὐτὸ
338 1722 418 1775 δεῖ
449 1720 700 1793 μεθόδου·
735 1721 828 1773 καὶ
858 1718 972 1774 ἐστι
1003 1719 1312 1792 κράτιστον,
1356 1719 1464 1774 τῶν
1493 1719 1763 1791 αἰσθητῶν

182 1812 533 1884 ἁμελήσαντι,
566 1811 1006 1882 νεανιευσαμένῳ
1021 1810 1160 1883 πρὸς
1187 1810 1254 1864 τὰ
1288 1809 1606 1882 μαθήματα,
1637 1813 1763 1876 τοὺς

181 1905 446 1976 ἀριθμοὺς
475 1903 812 1974 θεασαμένῳ,
839 1902 1013 1966 οὕτως
1041 1901 1404 1974 ὲκμελετῆσαι
1427 1901 1671 1973 μάθημα·
1695 1903 1761 1956 Τί

178 1996 296 2048 ἑστι
347 1994 408 2047 τὸ
457 1993 536 2046 ἓν.
581 2013 600 2047 ο
631 1993 817 2048 Ταῦτα
859 1995 957 2064 μὲν
999 1995 1059 2047 ὲν
1107 1992 1186 2064 τῷ
1231 1991 1460 2064 πρώτῳ·
1497 1994 1553 2046 ὲν
1584 1993 1642 2046 δὲ
1681 1993 1762 2065 τῷ

179 2086 414 2158 πέμπτῳ
456 2085 634 2141 ταῦτά
682 2101 880 2157 φησιν·
918 2104 940 2136 ‹
973 2087 1037 2139 Εἰ
1093 2085 1138 2138 δ’
1182 2086 1298 2139 ἐστὶ
1349 2085 1448 2157 μὲν
1497 2086 1685 2158 νοητὸν
1725 2088 1760 2156 ἡ

177 2177 336 2232 οὐσία
363 2179 457 2232 καὶ
484 2179 517 2249 ἡ
550 2178 682 2244 ἰδέα,
723 2179 928 2250 ταύτης
958 2178 1002 2230 δ’
1036 2177 1361 2249 ὡμολογήθη
1392 2178 1762 2251 πρεσϐύτερον

179 2270 273 2322 καὶ
300 2269 470 2323 αἴτιον
494 2263 631 2323 εἰναι
655 2271 684 2322 6
714 2267 860 2335 νοῦς,
889 2268 1050 2332 αὐτὸς
1071 2262 1228 2332 οὗτος
1253 2269 1411 2339 μόνος
1437 2269 1662 2341 εὓρηται
1687 2269 1761 2323 ὢν

175 2361 236 2414 τὸ
267 2360 486 2429 ἀγαθόν.
519 2361 628 2414 Καὶ
669 2361 777 2432 γὰρ
805 2363 854 2414 εί
883 2363 911 2415 6
943 2361 1043 2432 μὲν
1069 2361 1098 2414 6
1129 2361 1458 2432 δημιουργὸς
1481 2361 1614 2426 Θεός
1644 2363 1762 2415 ἐστι

177 2452 446 2520 γενέσεως
483 2451 649 2525 ἁρχὴ,
690 2452 751 2506 τὸ
773 2451 975 2521 άγαθδν
999 2453 1188 2517 οὐσίας
1222 2453 1370 2506 ἐστὶν
1401 2453 1564 2525 ἀρχή.
1603 2453 1762 2506 Ἀνά-

175 2539 334 2614 λογον
369 2541 428 2598 δὲ
473 2546 648 2616 τούτῳ
696 2545 794 2616 μὲν
841 2547 870 2598 6
915 2545 1243 2617 δημιουργὸς
1285 2545 1438 2610 Θεὸς,
1473 2546 1550 2598 ὢν
1597 2545 1762 2599 αὐτοῦ

178 2636 442 2708 μιμητὴς,
469 2640 536 2708 τῇ
559 2637 616 2689 δὲ
640 2637 798 2708 οὐσίᾳ
821 2639 854 2708 ἡ
877 2638 1110 2706 γένεσις,
1133 2637 1295 2691 εἰκὼν
1320 2638 1488 2708 αὐτῆς
1515 2633 1648 2692 οὖσα
1670 2638 1764 2692 καὶ

175 2729 426 2800 μίμημα.
463 2729 524 2782 Εἰ
567 2728 676 2799 γὰρ
711 2730 739 2781 6
767 2729 1096 2802 δημιουργὸς
1136 2731 1165 2783 6
1192 2730 1292 2800 τῆς
1318 2729 1586 2798 γενέσεώς
1615 2732 1764 2785 ἐστιν

172 2821 400 2890 ἀγαθὸς,
448 2817 592 2892 ἦπου
657 2819 809 2874 ἔσται
849 2823 944 2876 καὶ
976 2823 1005 2875 6
1053 2823 1152 2893 τῆς
1197 2822 1383 2886 οὐσίας
1437 2823 1765 2894 δημιουργὸς

171 2913 534 2982 αὐτοαγαθόν,
567 2911 845 2982 σύμφυτον
868 2915 934 2985 τῇ
959 2913 1139 2984 οὐσίᾳ.
1157 2913 1216 2966 '0
1237 2912 1345 2984 γὰρ
1370 2913 1641 2984 δεύτερος,
1661 2914 1765 2966 διτ-

169 3006 264 3070 τὺς
290 3004 366 3058 ὢν
394 3005 576 3071 αὐτὸς,
611 3009 754 3059 ποιεῖ
781 3007 882 3078 τήν
912 3023 972 3058 τε
1003 3007 1146 3060 ἰδέαν
1189 3005 1383 3059 ἑαυτοῦ
1411 3007 1505 3058 καὶ
1549 3005 1641 3058 τὸν
1671 3006 1763 3058 κό-

172 3115 334 3167 σμον,
360 3097 690 3169 δημιουργὸς
714 3097 792 3152 ὢν
815 3115 828 3128 ·
855 3097 1049 3152 ἔπειτα
1083 3097 1415 3170 θεωρητικὸς
1440 3097 1596 3160 ὅλως.
1624 3096 1760 3150 Συλ-

169 3191 570 3262 λελογισμένων
591 3192 636 3245 δ’
660 3194 692 3262 ἡ
702 3190 815 3262 μῶν
844 3191 1084 3261 ὀνόματα
1117 3190 1394 3262 τεττάρων
1423 3191 1762 3261 πραγμάτων

169 3285 410 3354 τέτταρα
444 3282 584 3337 ἔστω
609 3284 812 3338 ταῦτα·
853 3283 912 3336 '0
940 3283 1038 3352 μὲν
1071 3281 1286 3354 πρῶτος
1309 3282 1461 3347 Θεὸς,
1497 3281 1766 3351 αὐτοάγα-

171 3375 300 3430 θον·
325 3379 352 3430 6
385 3376 442 3429 δὲ
485 3376 675 3430 τούτου
725 3377 986 3447 μιμητὴς,
1027 3375 1355 3446 δημιουργὸς
1399 3373 1634 3442 ἀγαθός·
1660 3375 1693 3444 ἡ
1720 3373 1766 3426 δ’

171 3471 332 3523 οὐσία
361 3470 459 3541 μία
485 3470 581 3541 μὲν
601 3473 634 3540 ἡ
661 3467 754 3522 τοῦ
781 3468 1019 3538 πρώτου,
1048 3468 1209 3538 ἑτέρα
1227 3467 1285 3520 δὲ
1315 3469 1348 3537 ὴ
1368 3464 1461 3519 τοῦ
1486 3464 1762 3536 δευτέρου·

167 3560 239 3634 ἧς
292 3565 537 3635 μίμημα,
569 3564 779 3627 ὁκαλδς
828 3563 1051 3632 κόσμος,
1080 3559 1588 3630 κεκαλλωπισμένος
1635 3577 1764 3630 μετ-

169 3656 335 3728 ουσίᾳ
402 3656 496 3709 τοῦ
543 3655 731 3710 καλοῦ.
775 3677 794 3709 ι
836 3656 947 3708 Καὶ
976 3655 1034 3705 ὲν
1065 3652 1142 3724 τῷ
1185 3653 1339 3722 ἕκτῳ
1375 3652 1433 3705 δὲ
1481 3651 1761 3720 ἐπιλέγει·

176 3767 197 3799 ε
237 3749 471 3820 Μετὲχει
495 3749 552 3802 δὲ
591 3747 757 3802 αὐτοῦ
788 3748 860 3802 τὰ
904 3747 1224 3820 μετέχοντα,
1262 3744 1358 3796 καὶ
1401 3744 1460 3796 ἐν
1491 3743 1637 3814 ἄλλῳ
1666 3745 1764 3814 μὲν

165 3842 370 3904 οὐδενὶ,
407 3845 466 3896 ἐν
499 3841 556 3894 δὲ
591 3842 736 3914 μόνῳ
779 3840 858 3912 τῷ
905 3843 1120 3913 φρονεῖν
1143 3856 1158 3870 ·
1189 3839 1362 3910 ταύτῃ
1396 3839 1504 3910 ἄρα
1542 3839 1636 3892 καὶ
1663 3839 1765 3908 τῆς

168 3934 384 4000 ἀγαθοῦ
419 3935 739 4005 συμϐάσεως
766 3936 987 3989 ὀνίναιτ’
1021 3933 1109 3998 ἂν,
1131 3932 1307 3996 ἄλλως
1340 3933 1384 3985 δ’
1407 3931 1488 3985 οῦ.
1518 3932 1630 3985 Καὶ
1665 3932 1764 4002 μὲν

169 4026 238 4098 δὴ
273 4027 337 4079 τὸ
364 4030 581 4098 φρονεῖν
609 4027 766 4080 τοῦτο
795 4026 906 4080 δεῖν
955 4024 1315 4096 συντετύχηκε
1349 4024 1462 4093 (57)
1511 4023 1656 4094 μόνῳ
1683 4023 1763 4094 τῷ

169 4116 398 4189 πρώτῳ.
440 4119 559 4187 Ὑφ’
593 4114 653 4173 οῦ
677 4115 770 4172 οὖν
800 4119 869 4172 τὰ
905 4119 1038 4174 ἄλλα
1071 4117 1461 4189 άποχραίνεται
1493 4115 1592 4168 καὶ
1628 4117 1763 4183 ἁγα-

170 4210 388 4275 θοῦται,
421 4211 518 4264 ἐὰν
543 4211 700 4264 τοῦτο
727 4213 918 4281 ἐκείνῳ
956 4213 1115 4282 μόνον
1144 4211 1291 4281 μόνῳ
1316 4213 1514 4280 προσῇ,
1545 4208 1764 4263 ἀϐελτέ-

171 4321 277 4374 ρας
328 4304 394 4358 ἂν
438 4304 524 4376 εἴη
577 4305 756 4376 ψυχῆς
799 4305 878 4358 ἔτι
923 4304 1260 4376 ἀμφιλογεῖν.
1295 4304 1359 4356 Εἰ
1405 4301 1515 4374 γὰρ
1559 4299 1762 4370 ἀγαθός

168 4397 326 4450 ἐστιν
357 4398 387 4449 6
425 4396 674 4464 δεύτερος
701 4397 760 4448 οὐ
807 4396 936 4468 παρ’
969 4394 1182 4459 ἑαυτοῦ,
1215 4393 1364 4465 παρὰ
1386 4393 1441 4446 δὲ
1483 4392 1576 4445 τοῦ
1611 4391 1762 4462 πρώ-

1868 517 2228 573 similitudine
2254 532 2572 588 possumus.
2611 515 2716 572 Sed
2750 533 2974 574 necesse
2998 518 3181 586 fuerit,
3214 521 3442 590 perinde

1870 619 1931 666 ut
1956 610 2003 666 si
2033 610 2160 681 quis
2184 611 2239 665 in
2264 610 2410 667 edita
2435 609 2656 682 specula
2685 611 3000 677 considens,
3035 613 3285 684 cymbam
3316 629 3436 669 me—

1867 703 1958 758 dio
1988 703 2046 759 in
2088 705 2226 760 mari
2259 706 2606 775 perexiguam
2655 721 2823 760 unam
2876 721 2942 761 ex
2972 707 3286 777 piscatoriis
3336 707 3444 764 illis

1869 799 2132 867 aliquam,
2173 815 2295 868 quae
2318 799 2448 854 sola:
2476 815 2739 871 apparere
2769 799 2967 863 solent,
3001 799 3151 852 omni
3181 799 3445 857 comitatu

1868 890 2094 957 nudam,
2143 891 2481 960 alternisque
2533 889 2791 946 ﬂuctibus
2839 891 3129 954 inclusam,
3162 884 3269 960 qua
3300 892 3447 948 valet

1867 983 1985 1037 acie
2007 983 2366 1052 prospiciens,
2393 983 2641 1054 conjectu
2669 983 2949 1039 oculorum
2977 997 3088 1038 uno
3122 994 3289 1038 totam
3322 999 3444 1054 per-

1867 1074 2070 1142 videat,
2124 1076 2197 1130 ita
2231 1091 2505 1147 quemque
2554 1077 2744 1147 procul
2777 1077 2846 1132 ab
2875 1077 3025 1131 omni
3071 1092 3277 1141 rerum,
3321 1091 3446 1146 quae

1868 1183 2035 1224 sensu
2099 1169 2412 1240 capiuntur,
2454 1185 2556 1224 usu
2613 1169 3053 1239 commerciaque
3103 1169 3440 1238 sejunctum,

1869 1276 1996 1316 cum
2028 1260 2147 1316 solo
2190 1261 2337 1316 bono
2387 1261 2563 1317 solum
2596 1277 2780 1332 agere,
2813 1262 2903 1317 ubi
2933 1277 3040 1317 non
3091 1262 3278 1326 homo,
3331 1277 3443 1316 non

1869 1353 2076 1420 anima,
2125 1368 2237 1409 non
2291 1354 2465 1408 ullum
2506 1355 2737 1410 omnino
2782 1369 2986 1424 corpus
3031 1362 3307 1421 occurrat,
3345 1355 3443 1410 sed

1865 1454 2019 1500 vasta
2065 1445 2315 1516 quaedam
2360 1447 2622 1516 omnique
2659 1447 2908 1503 oratione
2954 1449 3154 1518 major,
3188 1463 3252 1504 ac
3282 1448 3444 1517 plane

1865 1536 2051 1592 divina
2091 1537 2330 1593 solitudo
2362 1553 2376 1590 :
2434 1538 2489 1594 in
2521 1531 2639 1609 qua
2671 1539 2798 1594 boni
2838 1555 3040 1604 mores,
3077 1539 3442 1604 consuetudo,

1866 1628 2180 1700 deliciaeque
2196 1639 2486 1686 versantur
2503 1630 2794 1701 ipsumque
2816 1631 2951 1688 adeo
2972 1632 3198 1700 bonum,
3226 1648 3443 1689 summa

1864 1734 2018 1789 pace,
2065 1735 2131 1774 ac
2156 1719 2530 1789 placidissima
2563 1721 2797 1791 quadam
2832 1722 3003 1777 animi
3043 1724 3444 1794 tranquillitate

1795 1791 1837 1846 Β
1868 1809 2078 1875 fruens,
2108 1812 2364 1883 princeps
2413 1812 2558 1868 idem
2585 1814 2953 1884 omnibusque
2992 1791 3288 1886 propitium
3342 1831 3443 1871 na-

1863 1909 2001 1958 turae
2032 1903 2232 1959 insidet
2276 1904 2563 1960 universae.
2599 1903 2737 1960 Nam
2767 1906 2860 1976 qui
2903 1906 3035 1962 dum
3061 1907 3116 1962 in
3153 1907 3318 1964 rebus
3350 1908 3440 1974 iis,

1863 2008 1986 2062 quae
2009 2008 2229 2050 sensum
2250 1993 2475 2073 feriunt,
2503 1994 2761 2051 assiduus
2783 2011 2848 2051 ac
2876 2002 3024 2051 totus
3051 2003 3157 2063 est,
3189 1996 3319 2051 boni
3349 2012 3446 2051 ne-
3492 2018 3500 2022 ·

1863 2085 1980 2141 scio
2006 2102 2170 2156 quam
2201 2087 2349 2142 velut
2399 2103 2466 2144 eo
2496 2087 2802 2144 devolantis
2847 2088 3234 2158 cogitationem
3271 2086 3444 2143 infor-

1864 2188 1998 2242 mat,
2047 2194 2115 2235 ac
2158 2180 2355 2236 deinde
2389 2179 2538 2237 illius
2585 2197 2646 2238 se
2675 2181 3046 2236 familiaritate
3086 2195 3248 2236 usum
3280 2182 3446 2236 homo

1863 2272 2128 2329 delicatus
2157 2289 2222 2329 ac
2251 2275 2630 2346 voluptuarius
2653 2274 2950 2339 existimat,
2974 2290 3060 2330 na‘.
3087 2274 3134 2332 is
3160 2274 3448 2330 vehemen-

1864 2371 1947 2416 ter
1991 2371 2157 2418 errat.
2211 2362 2324 2421 Nec
2374 2366 2519 2425 enim
2555 2367 2736 2437 ipsum
2770 2365 2918 2421 facili
2960 2380 3026 2421 ac
3069 2364 3302 2431 ludicra,
3350 2365 3446 2421 sed

1864 2457 2026 2526 plane
2051 2457 2232 2514 divina
2269 2459 2505 2529 quadam
2535 2469 2651 2515 arte
2672 2459 3054 2530 industriaque
3091 2460 3446 2532 querendum

1863 2559 1968 2606 est.
2022 2549 2144 2617 Quo
2175 2551 2229 2606 in
2261 2566 2459 2623 genere
2488 2552 2756 2622 Optimum
2787 2566 2920 2608 sane
2955 2549 3138 2616 fuerit,
3187 2552 3448 2608 omnibus

1863 2641 1951 2708 iis,
1974 2657 2098 2712 qua:
2129 2642 2185 2696 in
2212 2656 2436 2697 sensum
2470 2642 2694 2706 cadunt,
2725 2643 3032 2712 praeteritis,
3062 2643 3117 2697 in
3145 2643 3448 2702 matbema-

1863 2735 2000 2792 ticas
2026 2733 2343 2805 disciplinas
2384 2734 2628 2788 animose
2674 2733 2728 2788 in
2753 2733 2944 2802 primis
2983 2741 3148 2802 atque
3191 2733 3449 2790 ardenter

1863 2826 2200 2892 incumbere,
2230 2839 2395 2896 atque
2425 2826 2517 2880 ubi
2545 2839 2903 2881 numerorum
2935 2823 3252 2881 discrimina
3280 2827 3447 2882 ratio-

1862 2930 2070 2985 nesque
2113 2915 2412 2985 pervideris
2461 2923 2579 2969 tum
2630 2914 2686 2968 in
2732 2914 2836 2970 hac
2873 2915 3093 2970 demum
3119 2915 3444 2985 quaestione,

1863 3005 2006 3072 Quid
2035 3022 2208 3061 unum
2259 3017 2316 3062 et
2356 3006 2665 3077 cujusmodi
2699 3007 2788 3069 sit.
2825 3004 3051 3062 assidua
3093 3006 3448 3063 meditatione

1863 3095 2296 3168 versarins“
2321 3094 2448 3152 Haec
2471 3097 2526 3151 in
2552 3097 2730 3166 primo
2754 3095 3057 3154 Numenius
3081 3116 3096 3166 ;
3119 3109 3176 3155 at
3205 3114 3326 3170 quae
3355 3114 3446 3155 se-

1867 3195 2133 3257 quuntur,
2178 3189 2234 3244 in
2273 3189 2467 3259 quinto
2499 3206 2512 3243 :
2557 3206 2576 3240 ι
2604 3186 2746 3256 Jam,
2783 3188 2984 3260 inquit,
3019 3190 3066 3246 si
3097 3198 3209 3245 tam
3255 3205 3447 3245 essen-

1871 3280 1966 3343 tia,
2003 3294 2170 3348 quam
2201 3278 2324 3334 idea
2355 3278 2602 3349 spiritale
2638 3279 2898 3349 quiddam
2931 3288 3037 3344 est,
3063 3290 3116 3336 et
3140 3280 3186 3336 si
3219 3289 3449 3351 utraque

1867 3373 2252 3442 antiquiorem,
2278 3373 2388 3427 imo
2417 3381 2472 3427 et
2499 3389 2721 3429 causam
2751 3373 3038 3444 utriusque
3065 3382 3300 3430 mentem
3327 3391 3450 3431 esse

1869 3467 2230 3529 confitemur,
2267 3481 2388 3520 eam
2438 3465 2685 3536 profecto
2731 3466 2903 3521 solam
2951 3465 3156 3520 bonum
3201 3480 3324 3522 esse
3347 3481 3447 3521 ne-

1867 3575 2023 3616 cesse
2056 3569 2158 3615 est.
2191 3557 2328 3612 Nam
2361 3559 2406 3614 si
2438 3557 2633 3613 artifex
2670 3557 2812 3612 Deus
2846 3557 3212 3628 generationis
3237 3557 3446 3629 princi-

1865 3654 2017 3723 pium
2063 3661 2169 3718 est,
2212 3653 2414 3706 bonum
2459 3651 2638 3722 ipsum
2679 3649 2921 3719 profecto
2953 3651 3204 3706 essentia!
3242 3651 3447 3721 princi-

1865 3746 2016 3816 pium
2037 3745 2162 3801 erit.
2191 3744 2484 3800 Enimvero
2514 3753 2574 3798 ut
2613 3743 2804 3798 artifex
2838 3743 2929 3798 ille
2960 3743 3102 3799 Deus
3125 3758 3251 3798 cum
3275 3743 3443 3808 bono,

1865 3838 2026 3906 cujus
2063 3821 2349 3892 aemulator
2375 3846 2478 3900 est,
2533 3836 2608 3890 ita
2631 3851 2753 3890 cum
2789 3836 3029 3891 essentia
3059 3836 3340 3906 generatio
3369 3836 3447 3893 si-

1864 3927 2189 3984 militudinis
2213 3936 2377 3997 atque
2407 3925 2681 3981 allinitatis
2715 3925 2918 3994 aliquid
2941 3924 3120 3991 habet,
3146 3925 3290 3995 quod
3323 3925 3446 3996 ejus

1865 4021 2046 4090 imago
2079 4021 2326 4088 quaedam
2355 4027 2411 4072 et
2449 4017 2683 4072 imitatio
2712 4016 2803 4071 sit.
2857 4014 3014 4082 Quod
3040 4015 3088 4070 si
3121 4014 3320 4070 artifex
3353 4031 3446 4087 ge-

1865 4111 2165 4166 nerationis
2193 4118 2386 4166 auctor
2411 4111 2588 4165 bonus
2615 4117 2700 4164 est
2719 4147 2734 4172 ,
2781 4107 3034 4163 essentiae
3062 4107 3282 4176 quidem
3310 4108 3446 4164 arti-

1865 4203 1974 4266 fex,
2004 4203 2297 4272 ipsummet
2319 4217 2414 4271 per
2439 4216 2561 4257 sese
2589 4200 2794 4256 bonum
2828 4199 2954 4261 erit,
2983 4207 3146 4269 atque
3177 4199 3232 4254 in
3257 4214 3446 4257 essen-

1865 4297 1952 4350 tiaa
1983 4297 2248 4350 rationem
2297 4302 2353 4349 et
2397 4305 2647 4349 naturam
2680 4293 3020 4349 immersum.
3077 4291 3213 4346 Nam
3244 4309 3446 4348 secun-

1862 4390 1969 4442 dus
2017 4402 2183 4453 sane,
2236 4385 2436 4456 duplex
2480 4387 2596 4455 ipse
2641 4400 2765 4440 cum
2802 4385 2906 4451 sit,
2943 4385 3196 4454 idemque
3223 4383 3443 4448 artifex,

165 4505 290 4554 του,
316 4489 435 4553 πῶς
449 4484 559 4542 οἷόν
581 4507 640 4543 τε
663 4489 752 4559 ὑφ’
780 4482 841 4541 οὗ
872 4488 1160 4558 μετουσίας
1185 4487 1331 4540 ὲστίν
1355 4481 1510 4548 οὗτος
1534 4483 1756 4553 ἀγαθὸς,

1865 4481 2098 4550 primum
2146 4479 2366 4549 quidem
2415 4488 2471 4533 et
2507 4479 2682 4532 ideam
2728 4477 2846 4547 ipse
2888 4491 3046 4532 suam
3092 4484 3148 4530 et
3176 4475 3444 4531 mundum

170 4583 251 4653 μὴ
284 4582 491 4651 ἀγαθὸν
524 4578 682 4647 εἶναι,
711 4581 884 4642 ἄλλως
913 4598 995 4645 τε,
1023 4579 1125 4635 κᾶν
1148 4579 1286 4651 τύχῃ
1325 4577 1490 4633 αὐτοῦ
1521 4577 1596 4640 ὡς
1624 4576 1759 4644 ἀγα-

166 4675 268 4728 θοῦ
309 4675 632 4746 μεταλαχών
671 4677 698 4728 6
741 4674 1024 4745 δεύτεροςς
1071 4671 1214 4726 οὕτω
1240 4689 1323 4726 τοι
1367 4673 1395 4725 6
1428 4670 1653 4724 Πλάτων
1694 4670 1759 4722 ἐκ

168 4766 539 4837 συλλογισμοῦ
580 4766 659 4838 τῷ
695 4767 789 4833 ὀξὺ
826 4766 1074 4838 βλέποντι
1113 4765 1360 4819 ἀπέδωκε
1386 4763 1498 4835 ('58)
1525 4763 1586 4816 τὸ
1617 4763 1756 4831 ἀγα-

167 4859 288 4921 θὸν,
314 4860 397 4912 ὅτι
425 4859 572 4912 ἐστὶν
600 4859 679 4912 ἓν.
705 4879 722 4911 ι
747 4860 856 4912 Καὶ
887 4858 1047 4912 πάλιν
1074 4857 1202 4928 ἑξῆς
1235 4874 1395 4928 φησι·
1432 4875 1451 4908 ‹
1481 4855 1664 4910 Ταῦτα
1702 4856 1759 4910 δὲ

163 4949 351 5013 οὕτως
398 4950 607 5021 ἔχοντα,
648 4949 745 5020 ἔθη
767 4963 794 4992 ι
829 4951 922 5021 μὲν
954 4953 983 5004 6
1026 4950 1270 5014 Πλάτων,
1319 4949 1453 5023 ἄλλῃ
1482 4950 1576 5002 καὶ
1623 4948 1758 5022 ἄλλῃ

163 5043 420 5114 χωρίσας
439 5059 452 5072 ·
487 5041 591 5113 ἰδίᾳ
623 5041 722 5112 μὲν
747 5042 855 5114 γὰρ
885 5042 976 5096 τὸν
999 5041 1255 5095 κυκλικὸν
1285 5040 1396 5112 (⁵59)
1422 5041 1515 5093 ἐπὶ
1534 5037 1628 5093 τοῦ
1655 5042 1758 5110 Δη-

239 5169 268 5196 ιι
318 5157 456 5221 forte
493 5154 593 5209 ἔτι,

239 5291 363 5362 (37)
392 5291 980 5362 Δεῐνίσυντετυχηκε.
1012 5288 1361 5362 Subobscura
1387 5289 1599 5344 videtur
1624 5288 1757 5360 hyp-

160 5359 372 5425 allage,
406 5376 505 5429 pro
529 5361 613 5414 δεῖ
637 5361 719 5414 vel
746 5359 853 5430 ἔδει
887 5359 1362 5430 συντετυχηκέναι.

237 5430 364 5497 (58)
401 5428 712 5485 Ἀπέὃωκε.
747 5429 859 5485 Vox
884 5428 1123 5486 contrita
1138 5428 1506 5499 philosophis,
1532 5444 1597 5483 ac
1621 5428 1755 5482 viris

159 5502 412 5556 eruditis
446 5503 651 5570 pridem
686 5503 992 5564 observata,
1027 5502 1130 5555 hoc
1157 5508 1240 5554 est
1260 5541 1274 5566 ,
1305 5499 1592 5554 dialectico
1618 5515 1754 5569 prae-

161 5574 370 5625 sertim
421 5586 574 5625 more
624 5571 827 5641 aliquid
860 5570 1088 5635 efficere,
1139 5571 1546 5641 demonstrare,
1576 5579 1630 5624 et
1681 5571 1757 5622 si-

159 5644 403 5696 militer.
434 5641 554 5706 Quo
609 5639 770 5696 sensu
798 5642 1092 5710 aliquando
1129 5639 1220 5693 τὸν
1251 5639 1404 5708 λόγον
1437 5641 1752 5710 adjunctum

161 5712 365 5774 habet,
407 5713 700 5781 aliquando
741 5727 836 5781 per
879 5709 938 5765 se
969 5711 1144 5764 solum
1179 5711 1415 5778 ponitur.
1448 5709 1754 5781 Numenius

163 5783 262 5838 hic
289 5785 401 5838 ista
427 5780 733 5854 conjunxit,
757 5785 822 5834 ἐκ
852 5781 1207 5851 συλλογισμοῦ
1239 5780 1569 5836 ἀποδιδόναι.

623 5875 814 5935 Pun.
847 5873 968 5938 Gn.
997 5873 1173 5938 XXI.

1863 4569 2010 4624 hunc
2031 4575 2302 4638 procreat,
2337 4567 2532 4622 deinde
2564 4582 2694 4621 vero
2719 4574 2868 4621 totus
2894 4566 2948 4620 in
2986 4565 3445 4635 contemplatione

1859 4673 2130 4718 versatur.
2166 4659 2345 4727 Quare
2364 4701 2379 4726 ,
2410 4668 2469 4714 ut
2494 4675 2677 4714 rerum
2705 4668 2940 4728 quatuor
2964 4659 3184 4712 nomina
3213 4657 3443 4728 colliga-

1860 4773 2005 4822 mus,
2036 4763 2274 4826 quatuor
2299 4755 2413 4809 haac
2441 4768 2562 4808 esse
2589 4752 2836 4821 possint:
2859 4750 3006 4806 Deus
3032 4750 3264 4820 primus,
3294 4749 3444 4820 quod

1859 4850 2040 4920 ipsum
2064 4863 2160 4918 per
2203 4861 2324 4903 sese
2350 4846 2554 4901 bonum
2585 4850 2671 4898 est
2699 4859 2714 4910 ;
2758 4842 3002 4913 ejusdem
3037 4840 3277 4896 imitator
3304 4839 3442 4895 arti-

1859 4944 1947 4999 fex
2003 4943 2228 5007 bonus;
2268 4939 2504 4996 essentia
2547 4936 2768 5006 duplex,
2817 4934 2979 5006 primi
3033 4934 3226 4999 altera,
3270 4932 3442 4988 altera

1859 5035 2108 5102 secundi,
2149 5032 2309 5103 cujus
2353 5029 2586 5087 imitatio
2626 5037 2713 5084 est
2753 5027 2980 5098 pulcher
3031 5026 3122 5082 ille
3178 5024 3441 5091 mundus,

1931 5285 2042 5356 (59)
2077 5283 2203 5356 Γὰρ
2239 5277 2678 5356 τὸν-κυκλικόν.
2711 5273 2920 5356 Mallem
2966 5271 3181 5356 abesset
3206 5266 3438 5356 τδΙγάρ.

1858 5339 2190 5426 υιφοὲιιιιεῖ
2235 5350 2500 5426 orationis
2540 5361 2732 5426 nexus.
2765 5345 3031 5426 caeterum
3051 5342 3167 5426 ‘vel'
3192 5339 3439 5426 atlilepda

1857 5411 1969 5481 vox'
2008 5427 2198 5494 λόγον,
2247 5422 2330 5476 vel
2372 5428 2517 5494 certe
2559 5415 2900 5494 supplenda:
2944 5411 3202 5494 κυξιλικόν
3237 5413 3436 5494 autem

1857 5479 2013 5566 λόγον
2065 5479 2334 5566 appellat,
2354 5491 2550 5560 opinor
2587 5479 2861 5566 vulgatam
2897 5495 2951 5566 et
2982 5479 3434 5566 pltil050pltorum

1857 5550 1951 5624 ore
1986 5550 2168 5621 tritam
2201 5550 2525 5622 orationem,
2553 5550 2855 5629 quae'nihil
2886 5550 3181 5629 admodum
3210 5550 3436 5629 baberet

1857 5619 2140 5708 exquisiti,
2186 5619 2521 5708 cujusmo‘di'
2553 5619 2636 5684 est
2700 5625 3172 5708 quiid_sequilur,
3219 5619 3434 5675 Bonum

1857 5697 2015 5776 Boni,
2045 5697 2290 5777 adeoque
2314 5701 2539 5758 artificis
2563 5699 2803 5755 numinis
2833 5697 3010 5752 ideam
3037 5709 3178 5749 esse.

3077 5847 3155 5909 29
