3826 6232
424 275 530 332 90"7
992 269 1262 327 EUSEBll
1303 264 1784 325 CJESAPJENSIS
1825 265 1976 322 OPP.
2018 266 2198 322 PARS
2239 265 2305 322 ll.
2347 297 2417 309 —
2455 265 2968 324 APOLOGETICA.
3575 268 3672 323 908

421 385 636 459 pulchri
685 385 1065 442 communione
1108 389 1422 436 crematus.
1463 399 1480 432 ι
1520 378 1665 434 Idem
1711 394 1902 434 rursus
1937 379 1969 432 ii

2103 377 2356 451 μιουργοῦ
2382 379 2658 450 ἐγράψατο
2678 380 2736 432 ὲν
2770 380 2981 449 Τιμαίῳ
3004 378 3172 434 εἰπών
3190 394 3203 409 ·
3242 398 3261 431 ι
3285 378 3338 433 Ἀ
3352 380 3512 450 γαθὸς
3540 376 3626 453 ἦν·
3652 401 3670 433 ι

419 493 575 538 sexto
605 498 619 534 :
659 497 677 530 ι
713 476 1013 542 Caterum,
1057 474 1267 544 inquit.
1310 471 1574 542 quidquid
1605 471 1725 542 ejus
1762 471 1815 524 in
1843 485 1969 526 comi

2103 470 2156 522 ὲν
2181 469 2237 523 δὲ
2261 473 2327 542 τῇ
2358 472 2635 539 Πολιτείᾳ
2656 472 2716 526 τὸ
2751 471 2979 541 Ἀγαθὸν
2995 467 3147 526 εἶπεν
3169 491 3188 524 ι
3221 471 3451 541 Ἀγαθοῦ
3483 473 3670 527 ἰδέανί

333 615 338 621 .
421 573 736 627 munionem
758 576 1006 634 vocatur,
1051 567 1214 622 unius
1245 573 1454 619 tantum
1494 564 1548 617 in
1580 563 1862 634 sapientia
1896 577 1969 616 vo

2103 562 2173 626 Lb;
2197 562 2260 633 δὴ
2293 562 2384 616 τοῦ
2419 565 2492 634 Δη
2503 563 2760 635 μιουργοῦ
2812 564 2953 618 ἰδέαν
2984 561 3149 620 οὖσαν
3175 565 3235 619 τὸ
3280 565 3507 634 ἀγαθὸν,
3537 567 3674 631 ὅστις

421 674 598 729 catur,
638 663 838 733 quippe
861 659 1004 730 quod
1039 659 1115 714 ita
1145 658 1364 713 demum
1394 671 1461 711 ex
1492 656 1666 726 ipsius
1695 656 1826 711 boni
1857 671 1969 710 con-

2103 657 2373 725 πέφανται
2421 657 2554 726 ἡμῖν
2602 655 2804 723 ἀγαθὸς
2837 655 3094 727 μετουσίᾳ
3123 655 3218 709 τοῦ
3256 655 3474 729 πρώτου
3501 674 3562 710 τε
3587 654 3680 712 καὶ

412 755 697 825 junctione
722 751 963 806 fructum
996 749 1234 820 aliquem
1268 761 1464 818 capere
1488 746 1684 816 possit,
1715 760 1874 801 secus
1899 760 1965 798 au

2105 746 2289 816 μόνου.
2320 745 2506 808 Ὅπως
2546 744 2656 816 γὰρ
2690 744 2964 817 ἄνθρωποι
3001 747 3098 816 μὲν
3125 746 3372 815 λέγονται
3408 747 3678 801 τυπωθέν-

414 856 522 901 tem
551 845 780 900 nullum.
836 842 1014 911 Cujus
1042 841 1261 912 quidem
1293 839 1570 908 sapientia
1623 837 1747 894 iens
1773 838 1969 893 nonnis

2103 853 2192 900 τες
2223 835 2328 890 ὑπὸ
2371 836 2470 906 τῆς
2521 835 2809 908 ἀνθρώπου
2833 836 2996 900 ἰδέας,
3032 837 3153 906 βόες
3173 837 3217 890 δ’
3243 837 3350 891 ὑπὸ
3385 838 3486 908 τῆς
3513 837 3676 910 ιβὼς,

415 950 581 1004 penes
614 934 850 1005 primum
889 933 1039 986 illum
1074 946 1197 987 esse
1235 929 1442 985 debuit.
1508 927 1790 998 Siquidem
1825 942 1855 980 a
1880 943 1969 997 qui

2103 929 2190 982 καὶ
2223 927 2380 980 ἵπποι
2408 927 2512 980 ὑπὸ
2535 927 2658 999 τῆς]
2695 929 2860 982 ἵππου
2898 929 3041 991 ἰδέας
3061 945 3075 958 ⁸
3110 927 3255 984 οὕτω
3302 931 3398 984 καὶ
3427 931 3677 992 εἰκότως,

413 1039 607 1082 catera
658 1025 840 1080 omnia
892 1040 1016 1080 cum
1065 1023 1454 1094 perfectionem
1492 1021 1608 1091 ipsa
1655 1035 1833 1083 suam,
1872 1027 1969 1074 tun

2103 1021 2123 1073 5
2151 1019 2489 1091 Δημιουργὸς
2518 1019 2678 1091 εἴπερ
2701 1022 2818 1074 ἐστὶ
2836 1021 3091 1094 μετουσίᾳ
3107 1022 3201 1077 τοῦ
3227 1021 3441 1095 πρώτου
3473 1021 3680 1092 ἀγαθοῦ

413 1119 652 1188 aliquam
685 1116 813 1171 boni
846 1117 1108 1171 rationem
1135 1114 1442 1184 accipiunt,
1477 1112 1600 1168 eine
1651 1121 1861 1166 tantum
1887 1111 1969 1166 uni

2103 1110 2312 1180 ὶγαθδς,
2339 1111 2453 1164 ἰδέα
2478 1111 2544 1167 ἂν
2577 1113 2661 1185 εἴη
2691 1114 2722 1166 6
2751 1113 2966 1185 πρῶτος
2993 1114 3138 1180 νοῦς,
3169 1113 3244 1168 ὢν
3271 1114 3628 1182 αὐτοαγαθόν.
3657 1133 3677 1166 ι

411 1212 529 1266 hac
559 1209 781 1281 perfecti
830 1209 960 1265 boni
989 1208 1224 1278 dignitas
1264 1207 1414 1272 insit,
1475 1213 1736 1276 praeterea
1796 1203 2067 1268 dubitare,
2107 1203 2288 1259 stolidi
2319 1203 2564 1276 proiecto
2586 1221 2650 1261 ac
2677 1207 2926 1264 vecordis
2975 1207 3144 1262 animi
3189 1207 3375 1262 fuerit.
3434 1206 3493 1261 Si
3534 1207 3678 1260 enim

411 1303 684 1360 secundus
709 1316 817 1355 non
844 1315 940 1370 per
969 1314 1088 1355 sese
1113 1301 1290 1354 bonus
1315 1312 1431 1364 εει,
1457 1296 1552 1353 sed
1583 1305 1792 1351 tantum
1817 1295 1977 1366 primi
2017 1295 2311 1361 beneﬁcio;
2364 1296 2457 1366 qui
2505 1298 2722 1353 tandem
2768 1299 2883 1354 ﬁeri
2944 1308 3162 1369 posset,
3197 1309 3257 1354 ut
3289 1299 3449 1367 cujus
3517 1301 3682 1356 unius

411 1395 795 1452 communione
830 1394 1008 1448 bonus
1043 1391 1179 1446 alter
1203 1393 1306 1446 iste
1369 1391 1458 1458 sit,
1490 1391 1542 1445 vis
1582 1389 1764 1460 ipsum
1831 1404 1925 1458 per
1951 1403 2072 1444 sese
2109 1388 2312 1444 bonum
2349 1405 2457 1443 non
2486 1400 2658 1458 esset;
2694 1391 2931 1446 maxime
2961 1407 3122 1458 vero,
3159 1408 3282 1447 cum
3310 1393 3584 1448 secundus
3618 1409 3682 1448 eo

409 1491 675 1545 duntaxat
703 1502 809 1557 qua
844 1485 1022 1540 bonus
1056 1494 1140 1541 est
1161 1483 1505 1556 perfruatur?
1552 1482 1630 1538 lta
1693 1499 1825 1539 sane
1849 1481 2025 1548 Plato,
2065 1480 2110 1535 si
2178 1495 2288 1537 rem
2323 1492 2483 1540 acute
2532 1484 2830 1555 dispicias,
2878 1484 3085 1540 bonum
3132 1502 3303 1540 unum
3347 1501 3470 1542 esse
3515 1502 3680 1558 argu.

410 1590 594 1638 mento
659 1577 912 1635 coniecit.
983 1595 1004 1628 ι
1055 1576 1297 1646 Itemque
1337 1576 1501 1646 paulo
1549 1583 1716 1645 post:
1753 1592 1772 1626 ι
1824 1571 1939 1628 Hoc
2001 1572 2363 1642 philosophia
2407 1590 2612 1646 genus,
2661 1575 2786 1630 alibi
2837 1576 3058 1646 quidem
3111 1577 3272 1632 aliter
3323 1577 3679 1632 informatum

407 1675 562 1729 Plato
625 1686 690 1727 ac
747 1669 1063 1725 distinctum
1113 1666 1350 1737 reliquit.
1402 1663 1538 1720 Nam
1590 1665 1684 1734 qui
1730 1665 1981 1734 privatim
2010 1665 2066 1717 in
2110 1662 2333 1730 Timaeo,
2385 1665 2662 1736 vulgarem
2711 1666 3004 1736 quamdam
3045 1666 3240 1722 artiﬁci
3264 1665 3374 1721 Deo
3404 1669 3678 1725 rationem

408 1762 718 1833 descripsit,
749 1760 876 1815 dum
901 1759 997 1822 ait,
1022 1777 1040 1810 ‹
1066 1758 1246 1813 bonus
1267 1765 1385 1812 erat
1414 1773 1428 1810 :
1463 1774 1482 1808 ι
1501 1756 1642 1813 idem
1666 1759 1719 1811 in
1745 1755 2051 1826 Republica,
2069 1757 2270 1813 bonum
2295 1775 2312 1808 ι
2342 1757 2470 1812 boni
2493 1757 2668 1813 ideam
2693 1776 2712 1809 ›
2744 1772 2865 1813 esse
2886 1759 3224 1828 pronuntiat,
3246 1760 3446 1829 quippe
3466 1760 3673 1816 bonum

409 1855 634 1913 artiﬁcis
665 1867 787 1909 esse
812 1851 1108 1918 deﬁniens,
1161 1864 1322 1921 quem
1373 1850 1591 1906 nonnisi
1633 1850 1797 1920 primi
1838 1849 1985 1904 illius
2037 1850 2316 1922 soliusque
2363 1851 2492 1906 boni
2541 1851 2926 1908 communione
2990 1853 3193 1908 bonum
3257 1869 3380 1909 esse
3415 1857 3671 1926 cegnovi-

407 1945 1044 2014 mus.Quemadmodum
1109 1943 1253 1999 enim
1317 1941 1568 1998 homines
1624 1941 1884 2008 hominis,
1938 1941 2202 2012 bovisque
2229 1944 2416 2008 boves,
2464 1943 2591 2012 equi
2638 1942 2887 1998 similiter
2927 1943 3047 1999 idea
3089 1942 3463 2000 conformatos
3501 1943 3676 2017 equos

409 2041 689 2103 dicimus;
721 2040 994 2104 itavsane,
1021 2052 1146 2092 cum
1177 2034 1368 2099 artifex
1396 2034 1560 2105 primi
1601 2034 1730 2089 boni
1791 2034 2179 2090 communione
2205 2036 2382 2091 bonus
2416 2035 2520 2103 sit,
2559 2050 2716 2090 mens
2777 2036 2894 2106 ipsa
2956 2037 3169 2106 prima,
3210 2053 3332 2108 qua
3377 2037 3674 2109 ipsummet

409 2147 507 2202 per
531 2147 652 2188 sese
667 2131 877 2187 bonum
913 2131 1004 2194 sit,
1040 2128 1159 2183 idea
1189 2128 1314 2198 jure
1342 2127 1579 2182 dicatur.
1609 2145 1631 2179 ι

865 2223 1035 2296 545
1068 2221 1298 2285 CAPUT
1321 2221 1512 2276 XXIII.

901 2317 978 2371 De
1003 2316 1301 2371 Platonicis
1325 2316 1482 2370 ideis.

481 2428 502 2464 ι
533 2411 670 2465 Cum
706 2410 890 2481 igitur,
933 2408 1113 2479 inquit
1139 2407 1316 2471 Plato,
1357 2413 1678 2477 procreatus
1717 2405 1792 2459 ita
1820 2403 1979 2459 fuerit

405 2502 668 2573 (mundus
689 2500 982 2570 videlicet),
1027 2500 1279 2570 sequitur
1301 2499 1482 2570 ipsum
1540 2498 1608 2551 ad
1649 2495 1977 2566 exemplaris

407 2595 665 2665 alicujus,
689 2593 836 2665 quod
889 2593 1102 2649 ratione
1144 2599 1353 2646 tantum
1391 2606 1455 2646 ac
1498 2601 1679 2646 mente
1706 2590 1974 2660 capiatur,

402 2687 660 2757 quodque
697 2685 886 2740 eodem
915 2699 976 2739 se
1003 2682 1169 2739 modo
1220 2698 1438 2753 semper
1466 2681 1684 2750 habeat,
1715 2681 1978 2736 imitatio-

402 2795 526 2834 nem
555 2778 896 2834 elaboratum
920 2775 1111 2832 fuisse.
1156 2774 1215 2830 ld
1265 2776 1410 2845 quod
1439 2775 1485 2830 si
1519 2774 1689 2831 semel
1724 2774 1978 2830 concedi-

400 2883 513 2939 tur,
548 2870 814 2925 mundum
848 2871 1014 2923 etiam
1067 2867 1215 2922 hunc
1245 2867 1478 2936 alicujus
1526 2866 1819 2937 imaginem
1855 2881 1977 2922 esse

402 2962 757 3024 concedatur,
782 2974 1007 3014 necesse
1031 2967 1134 3014 est.
1161 2957 1296 3013 Nam
1332 2959 1612 3028 exemplar
1633 2958 1853 3027 quidem
1910 2958 1977 3012 il-

400 3055 494 3108 lud
523 3053 632 3106 vim
658 3051 985 3122 spiritalium
1013 3049 1370 3104 animantium
1400 3049 1738 3113 universam,
1774 3050 1849 3103 uti
1877 3064 1975 3104 nos

400 3147 504 3200 iste
549 3145 807 3209 mundus,
839 3143 895 3196 in
930 3156 1050 3198 sese
1093 3141 1491 3211 complectitur.
1517 3158 1538 3192 ι
1575 3138 1702 3196 Hac
1735 3139 1890 3194 Plato
1920 3142 1975 3196 in

403 3237 623 3291 Timmo.
658 3235 830 3304 Cujus
863 3249 962 3306 ego
989 3234 1092 3289 loci
1140 3234 1488 3300 sententiam,
1532 3247 1600 3288 ex
1624 3234 1711 3298 iis,
1743 3249 1864 3303 qua
1893 3232 1978 3287 Di-

399 3330 598 3401 dymus
636 3327 704 3382 de
729 3325 974 3381 Platonis
1005 3324 1356 3395 opinionibus
1396 3323 1745 3393 conscripsit,
1777 3323 1829 3376 in
1862 3337 1976 3376 me-

399 3419 550 3472 dium
583 3415 876 3487 proteram.
901 3414 992 3470 Sic
1014 3421 1195 3469 autem
1227 3414 1342 3483 ipse
1373 3413 1614 3482 loquitur
1649 3429 1662 3464 :
1705 3434 1722 3463 ι
1745 3411 1972 3477 Eorum,

401 3509 598 3579 inquit,
619 3523 740 3579 qua
764 3523 864 3578 pro
891 3515 1102 3562 natura
1140 3522 1253 3562 sua
1273 3507 1504 3572 ratione,
1533 3506 1789 3563 sensibus
1814 3521 1976 3562 usur-

395 3613 619 3674 pantur,
651 3609 800 3656 certa
823 3600 1073 3671 quaedam
1113 3599 1168 3654 in
1227 3614 1442 3670 quoque
1499 3613 1696 3670 genere
1742 3614 1808 3654 ac
1845 3599 1972 3655 deii-

393 3695 512 3748 nito
534 3693 863 3763 exemplaria
886 3735 900 3760 ,
935 3707 1074 3762 quas
1129 3691 1279 3769 ideas
1299 3691 1554 3755 vocabat,
1590 3689 1743 3745 Plato
1762 3691 1972 3746 consti-

396 3788 520 3854 tuit,
548 3787 748 3857 quibus
764 3785 984 3857 proprie
1005 3800 1131 3840 cum
1176 3784 1438 3848 scientia,
1472 3793 1585 3839 tum
1639 3783 1971 3840 deﬁnitionis

393 3881 536 3935 ratio
584 3879 894 3934 conveniat.
949 3877 1166 3942 Etenim
1219 3887 1417 3948 prater
1464 3891 1657 3931 omnes
1696 3877 1968 3942 homines,

393 3969 711 4036 hominem;
741 3979 937 4039 prater
955 3983 1148 4039 equos,
1179 3981 1414 4037 equum;
1467 3975 1633 4038 atque
1662 3968 1717 4030 in
1751 3969 1972 4023 univer—

395 4076 516 4116 sum
539 4069 745 4130 prater
783 4061 1091 4116 animantes
1144 4075 1360 4126 omnes,
1411 4060 1742 4114 animantem
1777 4074 1972 4130 quem-

395 4155 520 4208 dam
544 4163 669 4208 ortu
693 4153 858 4214 simul
886 4152 1224 4222 interituque
1251 4161 1528 4206 carentem
1581 4150 1767 4204 animo
1817 4149 1963 4219 cogi-

395 4245 522 4299 tari.
560 4242 626 4298 Et
647 4244 1107 4314 quemadmodum
1166 4244 1331 4298 unius
1387 4242 1744 4313 ejusdemque
1803 4243 1968 4313 sigilli

392 4346 666 4401 expressa
689 4332 999 4404 complures
1016 4331 1204 4388 forma
1233 4333 1446 4403 virique
1506 4331 1672 4386 unius
1703 4332 1968 4402 imagines

393 4424 676 4494 permulta
731 4438 849 4479 esse
894 4435 1156 4496 possunt;
1184 4426 1257 4480 ita
1287 4441 1511 4496 prorsus
1541 4441 1609 4481 ex
1637 4437 1968 4494 unaquaque

388 4529 558 4569 sensu
586 4522 968 4586 perceptarum
993 4531 1288 4586 corporum
1312 4516 1454 4582 idea,
1501 4516 1608 4569 vim
1643 4524 1966 4570 naturarum

391 4607 668 4677 ingentem
691 4607 986 4663 exsistere:
1012 4609 1162 4663 verbi
1190 4624 1358 4664 causa
1389 4624 1456 4662 ex
1509 4607 1793 4662 hominum
1821 4606 1963 4669 idea,

388 4697 641 4754 homines
681 4699 1001 4766 universos;
1034 4700 1180 4770 quod
1211 4701 1396 4771 ipsum
1423 4701 1491 4755 de
1518 4699 1732 4754 cateris
1783 4699 1964 4753 omni-

385 4795 491 4851 bus
517 4795 589 4851 sit
618 4809 720 4866 pro
736 4810 834 4850 sua
865 4795 1132 4865 cujusque
1155 4805 1349 4850 natura
1384 4793 1755 4850 statuendum.
1782 4793 1962 4848 Ideam

2589 2222 2984 2276 ΚΕΦΑΛΑΙΟΝ
3012 2222 3140 2276 Kl".

2359 2316 2499 2384 Περί
2539 2314 2660 2369 τῶν
2702 2316 2862 2384 παρὰ
2891 2315 3166 2370 Πλάτωνι
3196 2313 3390 2370 ἰδεῶν.

2154 2427 2172 2458 ι
2235 2407 2391 2462 Οὕτω
2447 2409 2503 2462 δὲ
2551 2409 2919 2481 γεγενημένος
2979 2409 3091 2482 (40)
3149 2409 3427 2482 (δηλονότι
3479 2413 3511 2464 6
3579 2409 3674 2464 κό-

2080 2515 2215 2570 σμος
2241 2499 2408 2572 (Μ),)
2427 2501 2563 2573 πρὸς
2581 2503 2642 2554 τὸ
2659 2501 2800 2574 λόγῳ
2817 2502 2910 2556 καί⁷
2927 2503 3188 2574 φρονήσει
3201 2502 3558 2574 περιληπτὸν,
3581 2502 3676 2558 καὶ

2078 2592 2220 2647 κατὰ
2251 2593 2321 2646 τὰ
2349 2594 2490 2648 αὐτὰ
2521 2593 2644 2665 ἔχον
2670 2594 2790 2666 δεδη
2801 2595 3149 2666 μιούργηται.
3175 2595 3394 2649 Τούτων
3418 2595 3475 2649 δὲ
3499 2598 3676 2669 ὑπαρ-

2078 2682 2301 2753 χόντων,
2337 2679 2402 2737 αὖ
2455 2686 2605 2738 πᾶσα
2642 2685 2856 2756 ἀνάγκη
2905 2685 3052 2738 τόνδε
3102 2685 3192 2738 τὸν
3235 2686 3440 2756 κόσμον
3486 2688 3673 2742 εἰκόνα

2076 2774 2220 2838 τινὸς
2245 2770 2384 2830 εἶναι
2418 2777 2551 2848 με).
2587 2776 2668 2830 Τὰ
2698 2777 2808 2849 γὰρ
2841 2777 2905 2849 δὴ
2940 2777 3108 2849 νοητὰ
3137 2777 3253 2841 ζῶα
3284 2778 3466 2833 πάντα
3495 2780 3675 2833 έκεῖνο

2077 2866 2367 2937 περιλαϐὸν
2387 2868 2504 2938 ἔχει
2531 2870 2589 2923 ὲν
2611 2869 2808 2940 ἐαυτῷ,
2828 2870 3080 2943 καθάπερ
3096 2871 3167 2924 ὅδ’
3186 2871 3214 2922 6
3239 2871 3445 2942 κόσμος
3460 2873 3494 2944 ὴ
3506 2874 3635 2943 μᾶς.
3649 2891 3668 2924 ι

2077 2958 2263 3012 Ταῦτα
2314 2961 2413 3030 μὲν
2447 2963 2476 3013 6
2509 2961 2732 3015 Πλάτων
2761 2964 2818 3016 ὲν
2869 2965 3100 3032 Τιμαίῳ.
3135 2963 3245 3035 Τὴν
3271 2964 3329 3017 δὲ
3379 2964 3488 3018 τῶν
3521 2968 3674 3036 εἰρη-

2078 3050 2255 3120 μένων
2287 3049 2526 3106 διάνοιαν
2569 3053 2633 3104 ὲκ
2682 3051 2792 3107 τῶν
2831 3053 3050 3126 Διδύμῳ
3081 3053 3193 3126 (45)
3233 3055 3363 3126 περὶ
3401 3055 3513 3108 τῶν
3542 3058 3672 3128 άρε-

2077 3142 2313 3196 σκόντων
2352 3143 2599 3197 Πλάτωνι
2633 3147 3077 3217 συντεταγμένων
3109 3147 3432 3219 ἐκθήσομαι.
3462 3150 3669 3220 Γράφει

2073 3231 2130 3285 δὲ
2166 3230 2338 3297 οὕτως
2361 3248 2373 3264 ο
2407 3252 2426 3282 ι
2465 3233 2586 3288 Τῶν
2625 3234 2767 3288 κατὰ
2811 3234 2974 3304 φύσιν
3017 3237 3291 3308 αἰσθητῶν
3325 3239 3470 3292 κατὰ
3511 3240 3670 3307 γένος

2073 3321 2354 3396 ὡρισμένα
2379 3324 2501 3378 τινὰ
2519 3325 2935 3398 παραδείγματα
2958 3326 3199 3398 φάμενος
3218 3323 3356 3381 εἶναι
3372 3328 3474 3392 τὰς
3500 3329 3666 3395 ἰδέας,

2073 3409 2148 3468 ὧν
2195 3415 2294 3480 τὰς
2337 3417 2650 3488 ἐπιστήμας
2691 3419 2938 3486 γίνεσθαι
2966 3420 3062 3473 καὶ
3110 3421 3238 3484 τοὺς
3289 3421 3470 3493 ὅρους.
3509 3423 3667 3495 Παρὰ

2077 3505 2286 3570 πάντας
2323 3507 2430 3580 γὰρ
2457 3507 2777 3580 ἀνθρώπους
2805 3509 3093 3582 ἄνθρωπόν
3123 3528 3246 3565 τινα
3272 3511 3542 3565 νοεῖσθαι·
3574 3515 3669 3567 καὶ

2075 3595 2226 3667 παρὰ
2258 3599 2464 3660 πάντας
2487 3598 2688 3664 ἵππους
2714 3600 2909 3654 ἵππον·
2930 3602 3023 3655 καὶ
3053 3602 3248 3667 κοινῶς
3277 3603 3431 3673 παρὰ
3455 3603 3523 3657 τά
3551 3604 3669 3668 ζῶα

2071 3690 2210 3754 ζῶον
2241 3692 2504 3764 ἀγένητον
2546 3694 2641 3748 καὶ
2679 3694 2973 3767 ἄφθαρτον.
3015 3697 3110 3750 Ὃν
3154 3699 3357 3770 τρόπον
3399 3699 3456 3754 δὲ
3499 3717 3668 3772 σφρα-

2070 3783 2217 3852 γῖδος
2248 3785 2376 3855 μιᾶς
2406 3787 2679 3856 ἐκμαγεῖα
2700 3785 2946 3853 γίνεσθαι
2976 3787 3168 3848 πολλὰ,
3203 3790 3298 3843 καὶ
3343 3791 3548 3860 συχνὰς
3589 3795 3666 3845 εἰ-

2071 3875 2234 3939 κόνας
2284 3876 2402 3941 ἐνὸς
2450 3877 2640 3949 ἀνδρός
2663 3895 2679 3912 ο
2709 3877 2883 3943 οὕτως
2932 3881 2999 3934 ἐκ
3053 3882 3183 3951 μιᾶς
3222 3882 3462 3954 ἑκάστης
3515 3883 3664 3946 ἰδέας

2069 3968 2342 4040 αἰσθητῶν
2369 3969 2637 4040 σωμάτων
2665 3970 2858 4041 φύσεις
2896 3971 3267 4044 παμπληθεῖς,
3301 3974 3404 4043 τῆς
3438 3976 3539 4045 μὲν
3565 3979 3664 4029 άν-

2071 4059 2302 4132 θρώπων
2334 4060 2654 4133 ἀνθρώπους
2685 4062 2954 4130 ἅπαντας,
2978 4065 3074 4118 καὶ
3105 4063 3246 4118 κατὰ
3267 4065 3358 4118 τὸν
3388 4067 3552 4118 αὑτὸν
3586 4067 3666 4120 λό-

2069 4171 2164 4223 γον
2211 4153 2304 4207 ὲπὶ
2351 4153 2460 4208 τῶν
2504 4154 2678 4208 ἄλλων
2725 4155 2833 4210 τῶν
2867 4157 3009 4210 κατὰ
3042 4156 3224 4227 φύσιν.
3254 4154 3408 4212 Εἶναι
3461 4158 3520 4212 δὲ
3563 4159 3664 4231 τὴν

2072 4245 2237 4310 ἰδέαν,
2287 4245 2454 4300 ἀΐδιον
2486 4247 2674 4300 οὐσίαν
2722 4247 2903 4302 αἰτίαν
2947 4249 3042 4301 καὶ
3076 4247 3249 4320 ἀρχὴν
3281 4248 3377 4302 τοῦ
3423 4249 3662 4306 ’ἑκαστον

2069 4331 2490 4403 εἶναιτοιοῦτον,
2511 4337 2598 4391 οἵα
2627 4339 2772 4392 ἐστὶν
2795 4338 2958 4410 αὕτη.
2983 4339 3250 4412 Καθάπερ
3274 4335 3369 4394 οὖν
3392 4340 3491 4406 τὰς
3515 4342 3663 4397 κατὰ

2072 4427 2235 4499 μέρος
2266 4427 2454 4499 ὥσπερ
2486 4429 2791 4501 ἀρχέτυπον
2832 4430 2940 4484 τῶν
2982 4430 3254 4502 αἰσθητῶν
3292 4432 3664 4504 προηγεῖσθαι

2069 4521 2354 4592 σωμάτων,
2399 4521 2571 4585 οὕτως
2601 4521 2700 4594 τὴν
2737 4523 2916 4586 πάσας
2963 4525 3021 4576 έν
3055 4525 3224 4596 ἑαυτῇ
3269 4526 3660 4597 περιέχουσαν,

2067 4612 2361 4685 καλλίστην
2383 4615 2479 4668 καὶ
2503 4614 2844 4687 τελειοτάτην
2871 4611 3059 4682 οὖσαν,
3087 4617 3353 4690 ὑπάρχειν
3373 4617 3530 4671 τοῦδε
3559 4635 3663 4672 πα-

2069 4706 2334 4778 ράδειγμα
2375 4707 2470 4760 τοῦ
2519 4708 2743 4780 κόσμου.
2793 4710 2937 4780 Πρὸς
2967 4711 3075 4781 γὰρ
3131 4709 3336 4780 ταύτην
3377 4710 3663 4782 ἀφομοιω-

2069 4799 2228 4854 θέντα
2263 4799 2370 4853 ὑπὸ
2395 4799 2486 4853 τοῦ
2538 4800 3037 4873 δημιουργήσαντος
3080 4801 3241 4855 αὑτὸν
3281 4801 3660 4882 ἀπειργάσθαι

383 4902 550 4958 porro
572 4887 962 4959 sempiternam
987 4889 1282 4958 quamdam
1335 4887 1634 4942 essentiam
1682 4900 1805 4940 esse
1826 4886 1961 4949 vult,

2103 4890 2224 4953 i506,
2265 4889 2403 4944 κατὰ
2429 4891 2704 4962 πρόνοιαν,
2736 4893 2800 4945 ὲκ
2831 4892 2928 4962 τῆς
2951 4892 3131 4961 πάσης
3155 4892 3364 4956 οὐσίας.
3408 4911 3429 4944 ι
3467 4892 3659 4946 Ταῦτα

384 4993 510 5048 qua
534 4979 697 5034 rebus
723 4979 953 5050 singulis
982 4995 1149 5035 causa
1176 4979 1619 5049 principiumque
1643 4978 1736 5042 sit,
1758 4985 1819 5032 ut
1833 4990 1964 5046 qua-

2103 4983 2152 5036 ιὶ
2186 4983 2294 5036 ἀπὸ
2327 4981 2420 5036 τοῦ
2450 4982 2818 5061 δεδηλωμένου
2849 4983 3061 5054 ἀνδρός.
3095 4984 3292 5038 Φθάνει
3328 5002 3393 5054 γε
3422 4985 3533 5058 μὴν
3558 4988 3658 5041 καὶ

387 5071 454 5125 lis
488 5071 606 5140 ipsa
627 5079 730 5136 est,
756 5071 892 5126 tales
912 5087 1038 5126 esse
1062 5072 1293 5140 possint.
1344 5068 1416 5126 Ut
1464 5071 1631 5141 igitur
1658 5069 1962 5140 peculiares

2103 5073 2230 5128 ιῦτα
2251 5075 2490 5146 Μωΰσῆς
2513 5077 2543 5128 6
2572 5076 2867 5144 πάνσοφος,
2891 5075 3000 5148 πρὸ
3018 5075 3114 5130 τοῦ
3137 5078 3468 5148 φαινομένου
3495 5078 3654 5150 ἡλίου

386 5163 522 5217 idea
556 5177 721 5220 sensu
737 5172 990 5234 percepta
1023 5178 1278 5233 corpora,
1319 5163 1400 5219 sic
1459 5174 1720 5232 tanquam
1770 5161 1965 5216 arche-

458 5317 570 5396 (40)
599 5319 776 5396 οὕτω.
792 5315 1446 5396 δὲ-γξεγενημένοςςΑῌιε-(ξ
1481 5316 1659 5396 fusius
1681 5333 1711 5372 a
1737 5315 1962 5374 Platone

385 5384 735 5459 disputantur
763 5389 816 5443 in
853 5384 1222 5459 Tiniwofpag.
1254 5386 1358 5459 526
1384 5387 1581 5442 Ficini.

457 5456 882 5538 (1ηΔηλον-ότι
927 5465 961 5515 ό
995 5455 1242 5529 κόάμός.
1291 5457 1416 5513 Hac
1455 5458 1801 5529 parenthesis
1844 5455 1957 5512 Eu-

386 5525 773 5667 “eligam
797 5594 967 5655 εἶναι.
993 5599 1124 5656 Post
1149 5599 1263 5654 hac
1291 5598 1475 5661 verba,
1512 5597 1680 5652 multa
1711 5613 1955 5667 sequun-

387 5670 474 5720 tur
501 5665 556 5722 in
588 5665 810 5725 Platone
839 5686 961 5736 qua
994 5671 1357 5738 praetermittit
1401 5668 1684 5726 Eusebius.
1713 5665 1951 5724 Paucula

2057 5169 2152 5222 καὶ
2195 5168 2430 5238 ἄστρων,
2481 5168 2574 5221 καὶ
2606 5167 2713 5239 πρὸ
2758 5167 2854 5221 τοῦ
2904 5169 3185 5240 ὁρωμένου
3230 5169 3488 5240 οὐρανοῦ,
3518 5170 3550 5223 6
3583 5170 3654 5242 δὴ

2065 5363 2196 5403 vero
2225 5347 2674 5419 quasubtexuit,
2705 5362 2849 5419 .eges
2880 5345 3010 5400 ibid.
3040 5361 3164 5416 pag.
3192 5345 3314 5419 52?.

2138 5414 2258 5488 (43f
2283 5418 2527 5488 Διδὺμῳ.
2557 5415 2727 5471 Notus
2771 5414 2859 5488 ille
2886 5425 2988 5482 est,
3024 5414 3091 5470 de
3121 5414 3236 5485 quo
3275 5417 3390 5488 hac
3419 5414 3650 5488 Suidas,

2062 5486 2313 5560 Δίδυμος,
2343 5486 2539 5558 inquit,
2573 5488 2802 5610 ’Atigog,
2832 5486 2867 5557 ἢ
2897 5488 3116 5569 Ἄττιος
3144 5487 3516 5558 χρηματίσας,
3551 5486 3643 5556 cpt;

2062 5559 2284 5610 λόσοωοε
2344 5559 2539 5610 Ἀκαδη
2552 5563 2694 5610 ιιαῖκ.
2715 5575 2742 5610 c
2769 5597 2785 5610 .
2843 5556 3084 5610 πιθανων
3128 5556 3223 5609 καὶ
3289 5558 3643 5610 σοφισμάτων

2061 5556 2284 5630 λόσοῲος
2344 5556 2742 5630 Ἀκαδημαϊκὸς
2769 5597 2785 5630 ,
2824 5556 3097 5630 ,πιθανῶν-
3128 5556 3223 5630 καὶ
3243 5556 3646 5630 “’σοφισμάτων

2059 5625 2243 5694 λύσεις
2266 5633 2323 5685 ὲν
2350 5625 2573 5700 βιϐλίοις
2602 5628 2668 5698 β’,
2699 5629 2790 5682 καὶ
2814 5627 2949 5682 ἄλλα
2983 5625 3171 5682 πολλά.
