3826 6232
128 345 238 399 909

1301 351 1622 407 PRAEPAR.
1661 351 1914 408 EVANG.
1955 351 2083 407 LIB.
2132 351 2220 407 XI.

3277 357 3382 405 9H!

122 466 412 538 στερέωμα
457 467 634 533 καλεῖ,
671 471 777 540 πρό
804 487 860 523 τε
895 471 990 540 τῆς
1031 471 1152 524 καθ’
1184 473 1329 542 ἡμᾶς
1378 471 1547 544 ξηρᾶς
1580 474 1680 543 γῆς

1812 481 1995 542 typum
2048 474 2271 544 aliquod
2327 473 2814 545 antegrediuntur:
2856 474 2931 529 ita
2965 471 3388 543 pulcherrimam

120 559 217 610 καὶ
250 557 358 629 πρὸ
387 559 486 630 τῆς
517 563 645 631 παρ’
676 563 807 631 ἡμῖν
835 562 1070 633 ἡμέρας,
1099 564 1190 614 καὶ
1219 563 1433 628 νυκτὸς,
1463 564 1576 632 φῶς
1601 565 1710 617 ἓτε-

122 667 214 720 ρον
251 651 404 720 παρὰ
449 653 510 704 τὸ
537 652 630 706 τοῦ
681 653 853 724 ήλίου,
889 655 1103 726 ἡμέραν
1139 671 1200 708 τε
1237 655 1347 725 (44)
1383 656 1476 708 καὶ
1517 656 1707 719 νύκτα,

118 743 213 794 καὶ
241 742 312 796 τὰ
334 743 496 796 λοιπὰ
527 746 663 815 πρὸς
693 747 787 798 τοῦ
834 749 1211 817 πανηγεμόνος
1256 751 1347 801 καὶ
1377 750 1552 803 αἰτίου
1601 749 1710 803 τῶν

117 835 256 888 ὅλων
285 835 418 888 Θεοῦ
453 836 782 908 πεποιῆσθαι
816 837 1102 891 διδάσκων.
1154 838 1310 892 Ἀλλὰ
1352 841 1446 893 καὶ
1487 843 1535 893 οἰ
1571 841 1710 912 μετὰ

115 931 362 984 Μωῦσέα
394 932 579 995 παῖδες
623 931 887 1004 Ἐϐραίων
916 932 1066 1002 ἥλιόν
1095 951 1216 988 τινα
1249 932 1388 989 εἶναι
1419 935 1709 1006 ἀσώματον

114 1024 175 1075 οὐ
205 1026 376 1077 πᾶσιν
407 1023 622 1094 ὁρατὸν,
657 1025 777 1077 οὐδὲ
806 1025 1019 1096 θνητοῖς
1047 1026 1343 1098 ὀφθαλμοῖς
1367 1030 1708 1100 ὑπαγόμενον

113 1116 412 1186 ὁρίζονται,
452 1115 527 1178 ὡς
553 1117 581 1168 6
612 1118 897 1187 προφήτης
925 1120 993 1170 ὲκ
1015 1117 1307 1190 προσώπου
1331 1119 1465 1173 Θεοῦ
1497 1119 1671 1188 λέγων
1690 1137 1703 1150 ·

119 1227 141 1260 ‹
175 1209 304 1273 Τοῖς
351 1209 405 1262 δὲ
440 1208 791 1278 φοϐουμένοις
827 1227 896 1279 με
942 1211 1193 1264 ἀνατελεί
1235 1211 1387 1282 ἥλιος
1427 1213 1706 1267 δικαιοσύ-

114 1319 235 1372 νης.
273 1321 292 1352 ι
331 1303 444 1354 Καὶ
484 1301 654 1371 αὐτὴν
685 1301 743 1354 δὲ
773 1302 1139 1372 δικαιοσύνην,
1179 1303 1300 1372 οὐχὶ
1328 1302 1426 1374 τὴν
1462 1304 1622 1357 ποιὰν
1649 1307 1707 1358 ἐν

114 1393 450 1464 ἀνθρώποις,
483 1393 619 1447 ἀλλὰ
667 1393 766 1465 τὴν
799 1393 1002 1465 ταύτης
1048 1394 1189 1448 ἰδέαν
1229 1391 1367 1448 οἶδεν
1423 1395 1582 1461 ἄλλος
1622 1399 1708 1451 'E-

115 1485 319 1557 Spain»
348 1488 652 1558 προφήτης,
675 1489 704 1540 6
730 1489 908 1558 φήσας
939 1487 1064 1560 περί
1090 1487 1184 1541 τοῦ
1213 1488 1370 1542 Θεοῦ·
1409 1509 1430 1541 ί
1465 1491 1561 1554 Τίς
1590 1491 1708 1563 ἐξή-

115 1595 300 1647 γειρεν
325 1577 439 1647 (45)
471 1578 578 1631 ἀπὸ
610 1577 883 1632 ἀνατολῶν
911 1579 1293 1650 δικαιοσύνην;
1329 1582 1585 1635 ἐκάλεσεν
1609 1584 1707 1636 αὑ-

112 1671 210 1741 τὴν
246 1671 392 1724 κατὰ
433 1670 724 1742 πρόσωπον
769 1671 955 1733 αὑτοῦ,
987 1672 1081 1724 καὶ
1126 1671 1454 1744 πορεύσεται
1486 1674 1530 1727 δ’
1573 1675 1707 1729 ὡσεὶ

113 1760 347 1813 ἐνώπιον
373 1759 563 1814 ὲθνῶν.
607 1779 625 1812 ι
653 1761 761 1814 Καὶ
787 1760 957 1829 Λόγον
984 1760 1041 1813 δὲ
1067 1760 1226 1826 θεῖον,
1271 1761 1582 1832 ἀσώματον,
1613 1768 1705 1819 καὶ

110 1850 345 1922 οὐσιώδη
381 1852 582 1922 ἀρτίως
625 1853 756 1922 ἡμῖν
797 1855 826 1904 ὁ
859 1854 1036 1918 κοινὸς
1087 1854 1246 1925 ήμῶν
1287 1855 1445 1924 λόγος
1485 1856 1618 1926 (46),
1647 1859 1703 1909 ὲν

109 1949 221 2010 τοῖς
255 1944 498 2016 πρόσθεν
533 1945 640 1998 ἀπὸ
669 1945 770 2016 τῆς
817 1947 1081 2018 Ἑϐραίων
1127 1949 1424 2020 παρίστησι
1460 1951 1700 2022 Γραφῆς.

109 2031 185 2090 Ob
223 2039 358 2109 περὶ
397 2037 555 2106 λόγου
603 2040 695 2092 καὶ
723 2038 850 2092 τάδε
890 2043 1019 2109 παρ’
1046 2041 1228 2104 αὐτοῖς
1259 2041 1508 2113 εἴρηται*
1547 2063 1565 2095 ι
1608 2046 1704 2107 Ὃς

109 2130 377 2202 ἐγεννήθη
425 2129 537 2201 (47)
561 2133 691 2201 ἡμῖν
733 2131 895 2200 σοφία
922 2131 1030 2185 ἀπὸ
1065 2131 1220 2195 Θεοῦ,
1258 2133 1572 2206 δικαιοσύνη
1620 2152 1700 2200 τε,

107 2223 204 2276 καὶ
229 2223 525 2293 ἁγιασμὸς,
557 2224 649 2276 καὶ
677 2222 1076 2295 ἀπολύτρωσις.
1121 2243 1139 2277 ι
1178 2226 1412 2294 Λέγεται
1445 2228 1538 2280 καὶ
1564 2226 1700 2299 ζωὴ,

106 2317 330 2385 λέγεται
378 2317 472 2369 καὶ
501 2317 681 2384 σοφία,
727 2317 944 2386 λέγεται
985 2319 1080 2372 καὶ
1111 2318 1353 2390 ἀλήθεια·
1388 2321 1483 2374 καὶ
1525 2321 1704 2375 πάντα

105 2410 179 2462 τὰ
231 2409 357 2463 κατ’
389 2408 577 2462 οὐσίαν
606 2409 735 2462 ὄντα
781 2426 842 2462 τε
890 2410 985 2464 καὶ
1024 2410 1309 2479 ὑφεστῶτα
1345 2413 1395 2464 οἰ
1436 2412 1702 2484 Ἑϐραίων

103 2500 260 2568 λόγοι
310 2501 686 2556 διδάσκουσιν’
718 2501 792 2572 (εἰ
835 2501 898 2574 δὴ
947 2502 1058 2573 (48)
1100 2501 1341 2574 Ἑϐραῖοι
1387 2504 1481 2557 καὶ
1529 2505 1579 2557 οἰ
1605 2505 1701 2558 τοῦ

104 2594 364 2665 Σωτῆρος
407 2593 565 2664 ήμῶν
592 2593 880 2648 ἀπόστολοί
916 2611 976 2647 τε
1009 2596 1102 2648 κα)¹
1137 2595 1424 2666 μαθηταὶ),
1453 2596 1543 2649 ναὶ
1595 2597 1701 2669 μὴν

103 2685 206 2737 καὶ
249 2685 456 2755 μυρίας
485 2685 652 2750 ἄλλας
687 2686 1006 2756 ἀσωμάτους
1051 2687 1331 2757 δυνάμεις,
1382 2689 1612 2761 οὐρανοῦ
1641 2704 1701 2742 τε

99 2776 388 2838 ἐπέκεινα,
413 2779 508 2830 καὶ
541 2779 722 2848 πάσης
750 2779 848 2848 τῆς
870 2780 1058 2850 ὑλικῆς
1087 2781 1179 2834 καὶ
1211 2781 1442 2850 ροώδους
1469 2783 1657 2846 οὐσίας
1682 2800 1696 2814 °

98 2864 180 2922 ὧν
210 2869 312 2932 τὰς
336 2869 551 2932 εἰκόνας
577 2871 634 2923 ὲν
654 2873 764 2934 τοῖς
785 2871 1063 2942 αἰσθητοῖς
1079 2891 1211 2942 φασι
1240 2875 1698 2932 κατατυπῶσαιι.

109 2965 235 3036 Ἐφ’
262 2962 339 3020 ὧν
365 2965 466 3037 ήδη
497 2967 590 3052 καὶ
630 2966 868 3039 τοῦνομα
907 2970 1004 3040 τῆς
1047 2971 1254 3036 εἰκόνος
1293 2974 1694 3044 παρειλήφασι·

95 3056 195 3108 τὸν
242 3054 376 3123 γοῦν
416 3057 701 3128 ἄνθρωπον
728 3058 915 3112 εἰκόνα
961 3059 1262 3132 διαρρήδην
1303 3062 1496 3134 νοητοῦ
1530 3081 1700 3137 παρα-

1816 561 1964 615 illam
2015 573 2180 633 atque
2226 561 2715 634 perfectissimam,
2773 580 2895 634 quae
2941 574 3166 619 cazteras
3198 579 3392 619 omnes

1812 655 1936 709 sinu
1971 671 2072 710 suo
2091 657 2493 725 complectitur,
2531 658 2723 712 mundi
2751 657 2916 727 hujus
2967 657 3245 726 exemplar
3269 672 3391 713 esse

1811 748 2052 803 defendit
2083 765 2094 800 :
2155 751 2300 819 quod
2346 750 2468 820 ejus
2500 751 2564 805 ad
2602 750 2983 815 imitationem,
3035 749 3280 804 auctoris
3302 750 3390 804 sui

1811 840 2190 910 molitorisque
2218 839 2316 895 Dei
2346 842 2686 911 providentia
2735 842 3012 905 conditus,
3051 848 3216 910 atque
3238 841 3389 897 omni

1809 947 1876 984 ex
1903 939 2222 986 naturarum
2248 947 2444 1002 genere
2465 932 2732 989 conﬂatus
2752 935 3038 989 exstiterit.
3071 953 3089 986 ι
3117 932 3389 988 Hactenus

1809 1037 1878 1076 ex
1909 1021 2158 1093 Didymo.
2188 1023 2257 1078 At
2305 1025 2584 1080 enimvero
2620 1034 2793 1080 totum
2829 1025 2993 1080 etiam
3051 1024 3157 1080 hoc
3210 1025 3390 1094 philo-

1810 1115 2015 1183 sophia:
2042 1131 2214 1185 genus
2250 1115 2430 1172 Moses
2471 1118 2562 1172 ille
2618 1119 3058 1188 sapientissimus
3075 1119 3386 1188 occupavit,

1809 1208 1940 1262 dum
1971 1217 2097 1263 ante
2124 1209 2292 1264 solem
2351 1210 2515 1264 istum
2550 1225 2713 1280 quem
2745 1210 3025 1264 cernimus
3070 1219 3195 1264 ante
3237 1218 3388 1264 astra

1809 1308 2024 1368 caetera,
2073 1309 2128 1356 et
2156 1302 2357 1356 caelum
2412 1303 2763 1372 aspectabile,
2803 1302 2951 1372 quod
2983 1301 3386 1356 ﬁrmamentum

1807 1403 1988 1459 vocat,
2020 1407 2146 1450 ante
2177 1403 2422 1451 nostram
2472 1396 2613 1450 hanc
2657 1395 2945 1451 sicciorem
2988 1401 3212 1458 terram,
3260 1408 3388 1448 ante

1806 1487 1953 1542 diem
1977 1493 2248 1551 nostrum,
2274 1495 2631 1556 nostramque
2683 1497 2925 1552 noctem,
2986 1486 3150 1541 aliam
3183 1500 3382 1555 quam-

1806 1581 1931 1632 dam
1962 1579 2159 1642 lucem,
2187 1580 2255 1634 ab
2277 1581 2410 1636 solis
2449 1581 2763 1635 distinctam
2810 1578 3037 1646 lumine,
3076 1586 3240 1648 atque
3287 1578 3388 1632 abs

1806 1673 1915 1736 die,
1948 1684 2131 1740 nocte,
2157 1675 2481 1744 eaeterisque
2502 1674 2758 1728 omnibus
2789 1672 3083 1734 diversam,
3103 1687 3133 1724 a
3167 1687 3386 1727 summo

1809 1763 1976 1818 totius
2000 1765 2240 1819 universi
2273 1766 2616 1820 moderatore
2643 1780 2710 1820 ac
2739 1764 2992 1819 molitore
3041 1761 3154 1818 Deo
3182 1761 3384 1818 factam

1806 1870 1928 1910 esse
1953 1856 2130 1915 docet.
2156 1857 2317 1930 546
2336 1855 2479 1924 Quin
2503 1858 2667 1912 etiam
2689 1857 2863 1912 secuti
2902 1856 3108 1912 Mosem
3147 1854 3385 1920 Hebraei,

1807 1947 1976 2002 solem
2008 1950 2299 2018 quemdam
2326 1963 2446 2002 esse
2478 1956 2746 2013 statuunt,
2781 1949 2874 2017 qui
2914 1962 3144 2016 corpore
3175 1956 3382 2010 careat,

1805 2052 1906 2092 nec
1925 2037 1996 2092 ab
2018 2038 2272 2092 omnibus
2301 2037 2535 2107 spectari
2571 2037 2763 2106 possit,
2799 2037 2910 2090 imo
2947 2051 3050 2091 nec
3087 2036 3190 2091 sub
3236 2052 3385 2090 mor-

1807 2131 1942 2186 tales
1965 2131 2154 2186 oculos
2185 2131 2412 2187 omnino
2459 2132 2639 2192 cadat.
2690 2141 2748 2184 ut
2782 2145 2908 2185 cum
2969 2131 3234 2201 propheta
3290 2129 3385 2185 Dei

1804 2238 2096 2292 personam
2151 2224 2433 2278 sustinens
2475 2241 2488 2278 :
2552 2241 2572 2275 ι
2611 2223 2956 2280 Timentibus
3019 2238 3128 2287 me,
3181 2224 3384 2293 inquit,

1804 2315 2012 2370 orietur
2051 2315 2144 2372 Sol
2169 2316 2400 2387 justitiae
2424 2318 2494 2372 ³³.
2519 2337 2538 2370 ›
2571 2317 2636 2373 Et
2665 2333 2794 2373 vero
2822 2318 2994 2388 ipsam
3024 2332 3242 2388 quoque
3289 2317 3386 2388 ξιι-

1804 2409 2009 2464 stitiam
2044 2425 2152 2464 non
2176 2419 2378 2466 certam
2397 2411 2539 2466 hanc
2558 2420 2721 2481 atque
2736 2411 3090 2481 singularem,
3118 2411 3203 2466 cui
3229 2411 3387 2466 locus

1804 2501 1947 2557 inter
1972 2502 2223 2559 homines
2245 2510 2348 2569 est,
2367 2503 2463 2559 sed
2489 2502 2610 2572 ejus
2632 2502 2807 2557 ideam
2860 2503 3194 2573 agnoscebat
3241 2503 3386 2558 alius

1802 2595 1893 2650 ille
1951 2593 2303 2650 Hebraeorum
2345 2594 2632 2664 propheta,
2678 2594 2773 2664 qui
2826 2593 2894 2649 de
2944 2593 3050 2649 Deo
3105 2595 3380 2664 loquens:

1809 2707 1828 2741 ι
1859 2687 2016 2754 Quis,
2048 2687 2248 2758 inquit,
2277 2685 2569 2742 suscitavit
2594 2685 2665 2740 ab
2713 2685 2926 2740 oriente
2950 2683 3266 2754 justitiam?
3293 2698 3387 2740 vo-

1801 2781 1948 2835 cavit
1975 2795 2097 2835 eam
2129 2788 2255 2834 ante
2288 2778 2484 2834 faciem
2510 2792 2689 2844 suam,
2738 2786 2792 2832 et
2833 2778 3091 2848 procedet
3142 2778 3300 2848 quasi
3328 2779 3382 2834 in

1801 2879 2094 2942 conspectu
2119 2870 2360 2941 gentium
2383 2869 2449 2923 ".
2476 2888 2494 2920 ›
2522 2867 2590 2922 Et
2616 2867 2859 2923 divinum
2884 2884 3101 2939 quoque
3121 2868 3384 2937 Verbum,

1799 2974 1926 3020 ortu
1980 2962 2132 3021 Omni
2180 2979 2392 3031 carere,
2441 2979 2506 3019 ac
2540 2963 2833 3018 nobiscum
2871 2965 3124 3019 essentia:
3166 2964 3383 3018 ratione

1799 3056 2112 3122 convenire,
2137 3063 2386 3110 nostrum
2412 3055 2518 3108 hoc
2546 3069 2839 3109 commune
2863 3053 3086 3108 verbum
3124 3052 3382 3109 Hebraeo-

94 3147 400 3216 δείγματος
441 3144 600 3212 εἶναι,
641 3149 734 3202 καὶ
768 3149 944 3202 πάντα
976 3150 1067 3202 τὸν
1103 3151 1212 3204 τῶν
1243 3152 1546 3223 ἀνθρώπων
1580 3154 1685 3224 βίον

1803 3163 1921 3202 rum
1949 3153 2002 3202 et
2029 3147 2228 3202 litteris
2254 3145 2367 3215 jam
2403 3155 2528 3200 ante
2547 3144 2822 3214 patefecit.
2853 3144 2976 3212 Quo
2989 3146 3057 3200 de
3087 3148 3251 3202 verbo
3268 3147 3382 3200 hme

99 3259 121 3288 ‹
142 3241 209 3292 ἐν
235 3239 406 3292 εἰκόνι
421 3239 832 3312 διαπορεύεσθαι
855 3260 872 3292 ι
891 3241 1164 3312 εἰρήκασι.
1178 3241 1340 3311 Λέγει
1357 3243 1402 3296 δ’
1415 3239 1547 3298 οῦνὸ
1563 3246 1694 3298 Μω-

99 3331 228 3401 σῆςο
250 3351 268 3381 ι
297 3331 410 3384 Καὶ
427 3331 682 3403 εποίησεν
705 3333 878 3396 όΘεὸς
902 3333 994 3386 τὸν
1025 3333 1328 3405 ἄνθρωπον,
1358 3337 1478 3389 κατ’
1508 3337 1693 3391 εἰκόνα

95 3422 238 3476 Θεοῦ
269 3424 527 3496 ἐποίησεν
555 3425 735 3480 αὐτόν.
770 3445 788 3478 ι
822 3428 933 3480 Καὶ
959 3426 1120 3481 πάλιν
1157 3427 1315 3492 ἄλλος
1358 3429 1604 3500 Ἐϐραῖος
1624 3431 1693 3484 τὰ

98 3517 317 3586 πάτρια
374 3517 701 3587 φιλοσοφῶν,
743 3537 762 3570 ‹
798 3519 1088 3588 Μέντοιγε,
1152 3522 1316 3590 φησὶν
1341 3561 1356 3585 ,
1405 3521 1464 3575 ὲν
1523 3523 1691 3576 εἰκόνι

94 3612 484 3686 διαπορεύεται
511 3616 815 3686 ἄνθρωπος.
846 3617 1014 3688 »Ἤδη
1063 3617 1121 3670 δὲ
1165 3617 1262 3670 καὶ
1301 3620 1352 3671 οἱ
1383 3619 1492 3672 τῶν
1529 3620 1692 3690 ἱερῶν

92 3706 283 3776 νόμων
306 3705 591 3778 ἐξηγηταὶ,
626 3708 949 3772 ἐπάκουσον,
981 3709 1130 3772 ὅπως
1168 3709 1266 3780 τὴν
1299 3711 1358 3762 ὲν
1389 3713 1502 3774 τοῖς
1528 3714 1692 3767 Μωῡ-

96 3801 240 3864 σέως
268 3799 565 3870 γράμμασι
606 3799 843 3854 διάνοιαν
886 3798 1260 3870 σαφηνίζουσι.
1296 3799 1457 3869 Λέγει
1477 3800 1520 3853 δ’
1551 3797 1644 3855 οῦν
1664 3803 1692 3854 6

104 3890 363 3961 Ἐϐραῖος
408 3889 600 3956 Φίλων,
629 3889 697 3943 τὰ
744 3890 948 3960 πάτρια
980 3889 1318 3960 ἑρμηνεύων,
1367 3891 1550 3956 αὐτοῖς
1602 3894 1689 3964 ῥή-

96 3999 287 4052 μασιν.

1802 3242 2027 3310 insuper
2055 3239 2199 3310 apud
2225 3239 2347 3294 illos
2371 3238 2637 3293 habentur
2663 3256 2677 3293 :
2726 3257 2744 3290 ‹
2776 3237 2881 3304 Qui
2909 3245 3071 3294 natus
3100 3249 3184 3296 est
3223 3241 3382 3295 nobis

1800 3332 2071 3401 sapientia
2125 3346 2156 3386 a
2203 3330 2337 3397 Deo,
2370 3330 2608 3400 justitia,
2669 3338 2725 3385 et
2776 3329 3162 3397 sanctiﬁcatio,
3213 3341 3268 3387 et
3297 3348 3383 3387 re-

1798 3421 2040 3491 demptio
2065 3419 2132 3474 ³⁸.
2160 3437 2180 3471 ι
2209 3419 2421 3489 Quippe
2445 3419 2552 3472 vita
2595 3417 2781 3483 etiam,
2805 3426 2862 3473 et
2893 3419 3182 3489 sapientia,
3216 3427 3269 3474 et
3291 3435 3383 3476 ve-

1800 3514 1936 3569 ritas
1963 3511 2286 3584 appellatur.
2321 3511 2610 3575 Prmterea,
2635 3524 2977 3580 quaecunque
2999 3511 3222 3580 proprio
3249 3513 3383 3566 sub-

1798 3610 2010 3665 stantia:
2053 3622 2205 3664 more
2259 3615 2410 3671 sunt,
2461 3614 2627 3676 atque
2685 3604 3010 3668 subsistunt,
3061 3619 3126 3658 ea
3157 3602 3380 3673 quidem

1796 3701 1982 3756 omnia
2048 3699 2401 3755 Hebraeorum
2453 3705 2813 3754 monumenta
2867 3697 3068 3752 docent
3119 3696 3269 3767 (nam
3319 3699 3378 3751 in

1797 3793 2038 3850 Hebraeis
2054 3792 2158 3863 ipsi
2186 3807 2405 3863 quoque
2437 3789 2745 3846 Servatoris
2763 3790 2937 3845 nostri
2959 3791 3190 3860 apostoli
3215 3795 3381 3859 atque

1795 3886 2049 3956 discipuli
2077 3884 2484 3951 numerantur),
2515 3882 2791 3953 simulque
2812 3881 2923 3936 vim
2947 3881 3242 3952 quamdam
3275 3894 3380 3935 na-

1795 3991 2044 4035 turarum
2095 3977 2331 4033 aliarum
2392 3977 2642 4046 corporis
2705 3975 3012 4046 expertium
3069 3975 3377 4043 infinitam;

89 4117 414 4187 caelumque
430 4117 626 4187 ipsum,
651 4126 705 4172 et
737 4117 1002 4188 quidquid
1059 4117 1112 4171 in
1178 4118 1461 4173 materiam
1507 4119 1779 4178 immersae
1816 4118 2086 4186 lluxzeque
2106 4115 2428 4171 substantiae
2454 4123 2539 4171 est
2562 4113 2880 4184 longissime
2907 4123 3376 4185 praetergressam.

94 4211 351 4278 Quarum
422 4210 643 4280 quidem
692 4210 962 4279 imagines
1029 4209 1082 4262 in
1143 4209 1211 4265 iis
1257 4225 1378 4280 quae
1420 4227 1585 4268 sensu
1649 4211 2022 4284 percipiuntur
2066 4222 2357 4278 expressas
2405 4222 2529 4263 esse
2584 4207 2794 4273 volunt,
2838 4208 3038 4277 quibus
3087 4213 3374 4276 propterea

91 4321 301 4360 nomen
351 4303 604 4373 imaginis
637 4303 876 4357 tribuere
924 4301 1082 4371 vulgo
1133 4302 1330 4358 solent.
1386 4301 1671 4360 Hominem
1710 4315 1856 4362 certe
1914 4302 2136 4373 quidem
2192 4301 2454 4371 spiritalis
2497 4300 2828 4370 exemplaris
2901 4299 3194 4370 imaginem
3241 4315 3372 4354 con-

91 4399 276 4469 ceptis
297 4397 483 4451 verbis
517 4398 816 4467 appellant,
851 4404 906 4450 et
956 4395 1123 4450 vitam
1158 4396 1442 4452 hominum
1506 4400 1824 4455 universam
1861 4418 1878 4450 ε
1905 4399 1959 4452 in
1995 4396 2234 4465 imagine
2289 4395 2627 4465 pertransire
2662 4413 2681 4445 ι
2712 4395 3093 4463 pronuntiant.
3158 4393 3376 4466 Quippe

93 4497 171 4548 ita
215 4493 398 4548 Moses
425 4491 470 4523 ³⁵
506 4507 522 4544 :
563 4491 670 4546 «Et
727 4491 873 4558 fecit,
907 4491 1104 4561 inquit,
1134 4490 1277 4546 Deus
1320 4492 1620 4560 hominem,
1647 4494 1716 4549 ad
1755 4494 2048 4565 imaginem
2103 4491 2198 4546 Dei
2232 4489 2360 4545 fecit
2384 4491 2560 4544 illum.
2584 4509 2602 4540 ι
2642 4487 2902 4544 Hebraeus
2928 4489 3057 4543 item
3098 4487 3240 4542 alius
3277 4503 3376 4558 pa-

93 4589 204 4640 trio
253 4597 311 4641 et
368 4587 485 4656 ipse
527 4585 634 4640 ritu
687 4584 1080 4656 philosophans
1113 4627 1129 4651 ,
1208 4583 1616 4652 Verumtamen,
1671 4588 1869 4659 inquit,
1914 4589 1968 4642 in
1999 4585 2237 4656 imagine
2280 4584 2574 4654 pertransit
2625 4581 2793 4635 homo
2821 4581 2886 4634 ³⁷.
2915 4601 2933 4632 ›
3001 4579 3108 4636 Sed
3147 4581 3365 4637 auditu

164 4705 214 4736 ³⁸
254 4702 449 4758 Malae.
494 4719 566 4769 IV,
606 4702 664 4755 2.
739 4701 785 4735 ³⁵
824 4703 929 4758 lsa.
964 4718 1074 4768 xu,
1109 4701 1164 4756 2.
1244 4702 1289 4732 ³⁵
1333 4701 1349 4756 Ι
1393 4702 1518 4758 Cor.
1555 4719 1595 4768 ι,
1633 4703 1685 4758 5(

1803 4707 1846 4737 ³⁶
1885 4705 2024 4760 Gen.
2067 4720 2106 4770 l,
2145 4703 2236 4757 27.
2313 4701 2355 4733 ³⁷
2392 4699 2538 4755 Psal.
2582 4713 2815 4756 xxxvm.
2857 4697 2888 4749 7

163 4833 191 4860 ε
218 4821 307 4872 ισ.
339 4816 804 4872 κατατυποῦσθαι.

164 4890 280 4960 (44)
301 4889 570 4964 ΔΉμέρςιγ·
597 4907 687 4964 τε,
728 4889 1441 4964 ’Arrbgtowoﬁsubintellige
1476 4891 1628 4964 παρά
1661 4911 1674 4947 :

87 4977 196 5018 nec
225 4961 371 5016 enim
421 4961 568 5027 vult,
602 4962 818 5028 opinor,
846 4961 987 5015 diem
1019 4963 1183 5016 alium
1208 5004 1224 5027 ,
1264 4961 1540 5031 aliamque
1560 4961 1677 5019 ἠο-

87 5042 234 5086 ctem
267 5038 573 5100 ceteraque
618 5031 898 5102 similiter,
930 5040 1192 5102 tanquam
1238 5032 1526 5086 distinctas
1567 5034 1680 5088 sin-

167 5102 348 5154 larum
397 5109 769 5155 creaturarum
818 5101 967 5156 ideas
1010 5101 1166 5157 :sed
1219 5102 1364 5155 illam
1412 5103 1678 5158 duntaxat

111 5171 295 5235 ucem,
325 5187 433 5239 qua
459 5173 528 5225 de
550 5171 828 5238 Scriptura
857 5172 1118 5242 loquitur,
1145 5174 1302 5241 quasi
1327 5187 1676 5228 communem

87 5242 340 5323 universi
374 5242 535 5311 hujus
561 5244 761 5323 ideam,
793 5243 1051 5323 antealia
1080 5244 1262 5312 omnia
1303 5243 1588 5306 divinitus,
1624 5255 1678 5299 et

86 5312 254 5384 quasi
281 5312 733 5384 προηγουμένως,
757 5313 1054 5384 exstitisse.

161 5383 282 5453 (45)
318 5382 769 5452 Τίςὲξήτειρεν,
808 5394 912 5437 etc.
951 5383 1127 5438 Locus
1159 5383 1245 5437 hic
1287 5382 1445 5453 aliter
1473 5383 1528 5436 in
1559 5386 1676 5438 vul-

85 5455 232 5523 gatis
261 5452 548 5522 'Septuag.
600 5454 926 5521 concipitur,
969 5453 1064 5516 Τίς
1110 5453 1186 5517 ἐξ.
1225 5470 1278 5507 α.
1330 5455 1383 5507 ἀ.
1427 5452 1475 5507 δ.
1526 5455 1573 5507 ὲ.
1616 5455 1670 5508 ἀ.

84 5524 233 5579 κατά
259 5524 430 5586 πόδας
460 5523 623 5577 αὑτοῦ
645 5564 660 5587 ,
704 5525 797 5576 καὶ¹
839 5523 1162 5593 πορεύσεται
1182 5523 1399 5593 δώσει
1432 5524 1672 5577 ἐναντίον

83 5597 297 5660 ὲθνῶν;
329 5594 568 5649 Dubium
603 5610 712 5649 non
734 5601 838 5649 est.
866 5592 996 5663 quin
1020 5596 1160 5664 apud
1185 5592 1383 5650 Euseb.
1417 5605 1672 5664 corrupta

82 5697 367 5756 postrema
410 5684 540 5738 sint.
589 5681 725 5756 Nam
760 5691 814 5756 et
860 5680 1124 5756 Hebraice
1170 5682 1368 5756 legitur
1413 5665 1570 5741 ’δῖα-πθ
1603 5683 1672 5756 ad

81 5751 271 5819 itidem
301 5759 417 5825 ejus
454 5773 472 5810 :
506 5765 561 5809 et
599 5755 645 5807 δ’
670 5753 835 5816 ὡσεί,
866 5767 964 5822 pro
1008 5751 1190 5816 δώσει,
1232 5751 1403 5808 Hebr.
1450 5761 1559 5838 ῙΠἾ,
1594 5754 1673 5806 vi-

82 5858 230 5907 ti:.se
277 5849 544 5919 scriptum
595 5853 698 5902 est.
747 5843 926 5902 Latin.
974 5842 1189 5916 Vulgat.
1236 5859 1335 5917 pro
1375 5844 1670 5916 justitiam,

1779 4911 1988 4977 justum
2035 4905 2269 4962 reddidit
2298 4923 2310 4958 :
2337 4905 2463 4959 licet
2489 4903 2633 4956 enim
2662 4909 2776 4980 βτί
2803 4939 2818 4964 ,
2845 4899 3064 4970 proprie
3095 4899 3366 4969 justitiam

1788 5010 1963 5066 sonet,
1993 5009 2140 5054 recte
2187 5009 2370 5052 tamen
2400 4993 3045 5067 signiﬁcationispotius,
3073 5007 3240 5067 quam
3272 5010 3368 5067 vo-

1786 5074 1868 5127 cis
1897 5062 2162 5126 rationem
2209 5062 2512 5123 habendam
2559 5073 2786 5135 putavrt.
2821 5062 3038 5117 Justum
3074 5064 3218 5135 enim
3263 5065 3367 5118 ali-

1785 5158 1946 5212 quem
1979 5142 2242 5212 propheta
2275 5133 2572 5212 indicabat,
2603 5151 2698 5188 seu
2729 5133 2957 5212 Cyrum,
2983 5148 3085 5212 seu
3115 5133 3365 5212 Ahmha.

1783 5203 2231 5286 mum,sett,quod
2249 5209 2452 5286 mavult
2469 5203 2851 5286 Hieronymus,
2867 5203 3142 5257 Christum
3161 5205 3363 5286 ipsum.

1853 5282 1964 5353 (46)
1990 5275 2336 5353 Κοιὶθὸςίὴμ.
2373 5275 2863 5353 λόγοςηῐλυιίὶι-ἱξι
2904 5289 2967 5326 ea
2999 5289 3145 5353 voce
3185 5275 3362 5343 λόγος,

1783 5343 1912 5422 quia
1942 5343 2190 5419 vulgaris
2206 5343 2293 5404 hic
2320 5343 2740 5422 communisque
2775 5343 3049 5422 _k6~{o<;_,__id
3079 5353 3162 5422 est
3203 5361 3366 5422 supe-

1785 5415 1900 5477 rior
1935 5415 2065 5477 hac"
2087 5423 2154 5474 de
2200 5436 2258 5474 re
2293 5420 2573 5481 tractatio,
2606 5415 2887 5484 proprium
2933 5415 3083 5468 illum
3120 5415 3365 5483 singula-

1782 5509 2009 5562 remque
2037 5492 2230 5559 Λόγον,
2258 5489 2515 5562 Verhum,
2547 5489 2791 5562 inquam,
2816 5486 3082 5549 divinum,
3106 5485 3365 5562 humana:

1782 5555 1992 5618 naturae
2023 5555 2340 5616 conditione
2380 5560 2537 5613 nobis
2568 5557 2801 5611 similem
2838 5571 2957 5610 esse
2991 5555 3358 5608 confirmavit.

1854 5633 1966 5704 (47)
2004 5631 2344 5701 Ἐγεννήθη.
2381 5629 2440 5684 1η
2478 5628 2691 5698 Vulgat.
2738 5625 2868 5680 edit.
2915 5623 3170 5697 ἐγενήθη,
3202 5626 3366 5681 unico

1781 5720 1846 5759 ac
1878 5705 2132 5759 simplici.

2245 5770 2321 5825 Ita
2358 5785 2640 5846 ma_nuscr.
2679 5785 2746 5826 ex
2772 5789 2904 5846 quo,
2937 5771 2986 5829 οἱ
3019 5769 3106 5840 δή,
3129 5766 3355 5823 alterius

1782 5843 2040 5902 editionis
2073 5845 2286 5912 vitium,
2313 5841 2580 5912 corrigas.
