3852 6222
474 302 573 360 911
1115 301 1384 358 EESEBII
1425 301 1904 356 CESARIENSIS
1946 297 2096 353 ()PP.

2142 297 2323 355 PARS
2360 302 2420 356 Il.
2464 337 2528 346 —-
2565 305 3064 366 APOLOGETICA.
3620 315 3708 367 illi

472 439 627 486 vero.
659 424 1118 497 quemadmodum
1165 439 1442 480 sacrarum
1489 426 1664 496 legum
1719 427 2045 495 interpretes
2088 419 2340 480 Mosaicae
2381 427 2642 486 doctrinm
2693 442 3016 486 sententiam
3074 436 3339 503 aperiant.
3397 431 3548 486 Philo
3597 451 3712 487 sane

473 518 736 575 Hebraeus
756 519 942 586 homo,
970 519 1149 590 gentis
1180 535 1294 574 suae
1338 520 1534 576 litteris
1565 521 1866 590 explicans,
1921 515 2144 573 totidem
2175 522 2358 577 verbis
2391 524 2462 577 ita
2496 526 2736 580 disserit.

1033 611 1262 668 CAPUT
1288 613 1480 669 XXIV.

788 703 866 759 De
905 703 1157 760 Mosaicis
1183 706 1316 760 ideis
1337 746 1353 770 ,
1385 723 1449 761 ex
1480 707 1722 763 Philone.

550 815 568 846 ς
596 795 654 851 Si
689 795 837 865 quis,
855 796 1158 866 inquitille,
1187 797 1526 867 planioribus
1557 799 1739 855 verbis
1771 799 1849 855 uti
1882 800 2044 864 volet,

473 887 520 943 is
564 887 708 942 aliud
757 888 895 942 nihil
951 889 1217 944 mundum
1265 890 1417 944 illum
1473 898 1654 946 mente
1706 899 2045 960 perceptum,

470 995 634 1050 quam
666 980 760 1034 Dei
792 982 1057 1035 mundum
1084 981 1229 1036 hunc
1250 997 1310 1036 re
1337 982 1452 1051 ipsa
1495 982 1772 1038 molientis
1809 981 2047 1037 Verbum

468 1086 590 1126 esse
617 1069 782 1127 dicat.
817 1070 977 1144 547
1010 1071 1122 1128 Nec
1155 1072 1303 1127 enim
1340 1073 1487 1128 aliud
1545 1081 1633 1129 est
1681 1074 1815 1130 urbs
1863 1086 2047 1130 mente

469 1173 742 1234 percepta,
776 1180 942 1235 quam
1000 1165 1232 1236 ipsamet
1285 1165 1570 1221 architecti
1632 1166 1798 1233 ratio,
1852 1166 2044 1222 urbem

469 1256 616 1310 illam
645 1271 811 1326 quam
841 1257 1026 1312 animo
1081 1255 1396 1312 informavit
1423 1273 1544 1324 suo,
1578 1257 1759 1328 reipsa
1807 1257 2045 1314 condere

468 1348 783 1403 statuentis.
824 1346 958 1414 Quae
985 1348 1206 1419 quidem
1267 1349 1518 1405 doctrina
1569 1349 1737 1406 Mosis
1783 1361 1888 1416 est,
1935 1365 2046 1406 non

465 1457 610 1498 mea.
650 1440 964 1506 Enimvero,
1020 1442 1114 1497 ubi
1165 1443 1405 1498 hominis
1435 1443 1875 1514 procreationem
1930 1443 2048 1512 ipse

465 1533 744 1598 describit,
770 1551 1094 1606 progressus
1123 1535 1484 1606 aliquantum,
1514 1536 1580 1591 ad
1621 1536 1914 1607 imaginem
1951 1534 2043 1590 Dei

466 1627 761 1683 formatum
789 1628 940 1683 illum
959 1627 1146 1693 fuisse,
1169 1629 1374 1685 diserte
1399 1629 1692 1686 confitetur
1717 1630 1785 1683 ⁸⁸.
1814 1628 1970 1695 Quod
1997 1629 2043 1684 si

463 1731 591 1788 pars
617 1719 807 1774 mundi
850 1720 1033 1791 aliqua
1079 1720 1336 1790 imaginis
1392 1723 1575 1793 imago
1598 1731 1703 1787 est,
1738 1722 1878 1778 idem
1916 1735 2045 1792 pro~

462 1809 608 1865 fecto
635 1811 701 1866 de
730 1811 988 1867 universa
1019 1810 1121 1866 hac
1149 1813 1351 1881 specie,
1383 1820 1519 1878 toto,
1557 1813 1809 1884 inquam,
1836 1813 2042 1867 mundo

465 1903 568 1958 hoc
593 1903 910 1972 aspectabili
965 1903 1313 1958 statuendum
1349 1904 1474 1969 erit,
1513 1905 1606 1975 qui
1650 1905 1870 1976 quidem
1897 1906 2038 1960 ima-

463 1993 607 2064 ginis
623 1991 1062 2047 divinazimitatio
1082 1999 1186 2056 est,
1215 1992 1455 2048 humana
1487 1994 1647 2065 longe
1677 1995 1854 2066 major
1875 2004 2040 2065 atque

461 2083 775 2154 perfectior.
815 2083 890 2138 Ex
926 2099 1038 2151 quo
1091 2086 1257 2141 etiam
1303 2087 1483 2156 quivis
1535 2087 1820 2158 intelligat,
1847 2088 2041 2142 arche-

463 2187 649 2246 typum
708 2175 841 2230 illud
899 2175 1335 2247 primariumque
1389 2176 1665 2247 sigillum,
1727 2193 1889 2248 quem
1938 2193 2042 2234 nos

461 2267 726 2321 mundum
750 2275 930 2322 mente
956 2276 1292 2338 perceptum,
1319 2285 1602 2336 vocamus,
1634 2271 1915 2340 exemplar
1951 2286 2042 2325 ar-

461 2359 755 2430 chetypum
815 2360 1103 2432 ideamque
1137 2362 1404 2427 idearum,
1445 2363 1548 2420 hoc
1604 2375 1689 2420 est
1743 2365 2041 2434 ipsummet

461 2450 556 2508 Dei
578 2452 809 2509 Verbum
838 2469 980 2511 esse.
1004 2453 1410 2526 Explicatenim
1435 2457 1553 2526 ipse
1576 2459 2036 2528 quemadmodum

460 2545 514 2599 in
547 2545 816 2616 principio
866 2544 1055 2601 fecerit
1115 2545 1257 2603 Deus
1313 2548 1514 2604 cmlum
1571 2557 1626 2604 et
1680 2555 1905 2614 terram,
1945 2550 2038 2605 ubi

459 2635 710 2706 principii
749 2637 994 2702 nomine,
1052 2653 1163 2694 non
1216 2639 1349 2693 illud
1373 2653 1526 2706 sane,
1561 2649 1621 2693 ut
1652 2640 1900 2694 nonnulli
1932 2655 2036 2710 pu-

459 2738 598 2790 tant,
624 2727 849 2798 quodex
883 2737 1130 2798 tempore
1161 2729 1380 2785 ducitur
1416 2730 1702 2800 intelligit;
1738 2747 1839 2786 nec
1889 2732 2036 2786 enim

458 2827 585 2873 ante
631 2817 898 2873 mundum
957 2828 1169 2889 tempus
1207 2827 1346 2883 erat,
1382 2822 1476 2876 sed
1509 2830 1605 2876 aut
1630 2837 1752 2877 cum
1779 2837 1844 2878 eo
1870 2824 2036 2879 simul

457 2918 553 2963 aut
585 2918 707 2978 post
735 2923 861 2964 eum
891 2924 1011 2963 esse
1043 2909 1227 2978 erepit.
1252 2909 1391 2963 Cum
1423 2910 1570 2964 enim
1599 2918 1814 2980 tempus
1841 2911 2033 2966 mundi

458 3012 640 3056 motus
667 3001 1016 3055 intervallum
1045 3000 1319 3070 quoddam
1341 3001 1432 3065 sit,
1461 3016 1562 3056 nee
1588 3010 1770 3057 motus
1800 3016 1866 3057 eo
1888 3001 2034 3071 quod

461 3100 712 3146 movetur
735 3091 887 3162 prior
911 3105 1034 3147 esse
1064 3101 1252 3160 queat,
1298 3091 1396 3147 sed
1439 3093 1753 3148 necessario
1777 3092 1862 3146 vel
1915 3092 2036 3163 ipso

457 3181 748 3253 posterior,
775 3181 859 3236 vel
892 3197 1018 3237 cum
1041 3196 1107 3236 eo
1140 3181 1305 3237 simul
1331 3183 1582 3248 exsistat,
1621 3192 1837 3252 tempus
1867 3183 2033 3239 etiam

457 3275 645 3344 utique
666 3274 752 3330 vel
779 3275 988 3344 aequale
1013 3273 1224 3339 mundi,
1249 3274 1336 3329 vel
1350 3275 1512 3329 etiam
1530 3289 1596 3330 eo
1616 3274 1889 3331 recentius
1909 3289 2032 3332 esse
2059 3302 2106 3364 ο

457 3381 680 3422 necesse
707 3373 818 3433 est;
854 3381 980 3420 nam
1011 3365 1291 3436 antiquius
1320 3364 1498 3422 facere
1525 3366 1681 3430 velle,
1727 3381 1851 3421 cum
1879 3366 2031 3422 omni

455 3457 799 3528 philosophia
825 3472 1068 3528 pugnare
1105 3467 1208 3514 est.
1243 3455 1400 3524 Quod
1452 3457 1497 3513 si
1550 3457 1655 3512 hoc
1678 3457 1798 3513 loco
1828 3457 2034 3528 princi-

450 3565 604 3618 pium
638 3550 770 3606 illud
803 3564 912 3604 non
940 3549 1215 3622 intelligit,
1249 3550 1398 3620 quod
1429 3566 1494 3606 ex
1525 3560 1768 3622 tempore
1793 3551 2031 3618 ducitur,

453 3660 552 3714 par
581 3643 807 3699 omnino
831 3643 995 3698 fuerit
1024 3643 1172 3714 quod
1239 3643 1294 3698 in
1347 3657 1580 3698 numero
1611 3652 1864 3698 versatur
1889 3645 2033 3698 acci-

451 3751 600 3807 pere,
629 3747 688 3790 ut
713 3736 872 3803 illud,
904 3753 924 3786 r
955 3736 1010 3790 in
1040 3735 1313 3805 principio
1342 3733 1490 3800 fecit,
1522 3754 1541 3787 ι
1569 3735 1710 3791 idem
1739 3736 2030 3806 signiticet,

450 3841 517 3880 ac
539 3825 771 3896 primum
799 3826 926 3881 fecit
950 3826 1171 3880 caelum.
1203 3824 1329 3881 Inde
1353 3826 1562 3896 aliquot
1578 3826 1896 3896 interiectis,
1914 3825 2033 3880 Pri-

451 3933 601 3972 mum
623 3933 772 3988 ergo,
799 3918 994 3989 inquit.
1025 3919 1276 3974 conditor
1297 3918 1387 3972 ille
1412 3918 1552 3974 Deus
1567 3920 1812 3988 corporis
1839 3933 2032 3988 expers

450 4010 651 4064 caelum
705 4010 930 4075 creavit,
970 4024 1070 4064 nec
1127 4024 1235 4063 non
1306 4017 1544 4064 «terram
1599 4010 1970 4075 iuvisibilem,
2007 4029 2026 4062 ι

452 4101 705 4170 aerisque
728 4099 892 4154 simul
922 4099 1096 4154 ideam
1121 4109 1176 4155 et
1213 4100 1392 4155 vacui.
1411 4099 1456 4152 E
1476 4100 1678 4170 quibus
1702 4100 1932 4156 alterum
1964 4102 2030 4155 il-

452 4192 545 4247 lud
564 4193 815 4247 tenebras
843 4192 1154 4262 appellavit,
1190 4194 1334 4262 quod
1382 4203 1575 4248 natura
1617 4209 1716 4248 sua
1756 4195 2028 4265 nigrorem

451 4303 545 4341 aer
567 4287 885 4356 adiunctum
923 4285 1160 4353 habeat;
1191 4285 1423 4340 alterum
1472 4286 1578 4341 hoc
1611 4286 1894 4356 abyssum,
1925 4287 2031 4342 hoc

448 4379 669 4435 estsine
695 4377 884 4442 fundo,
913 4379 1059 4450 quod
1103 4379 1435 4434 altissimum
1467 4379 1726 4450 quiddam
1793 4395 2026 4434 vacuum

448 4475 542 4536 sit,
570 4482 733 4543 atque
751 4473 1145 4528 vastissimum.
1168 4472 1306 4526 Tum
1331 4488 1486 4543 aquae
1505 4472 1760 4528 similiter
1788 4489 1851 4528 ac
1867 4473 2029 4543 spiri-

445 4574 536 4619 tus
562 4571 836 4633 expertem
872 4563 1122 4632 corporis
1170 4564 1534 4620 substantiam
1563 4582 1576 4617 :
1627 4564 1767 4619 lucis
1793 4564 2027 4634 denique

2081 616 2124 664 Δ

2665 616 3063 671 ΚΕΦΛΛῘΑΟΝ
3097 619 3221 674 KA'.

2320 707 2586 773 Φίλωνος
2614 710 2746 775 περί
2781 708 2900 762 τῶν
2932 710 3088 777 παρὰ
3118 709 3362 763 Μωῦσεῖ
3378 707 3562 763 ἰδεῶν.

2245 798 2356 854 ΙΕἰ
2411 798 2467 851 δέ
2522 816 2605 863 τις
2653 798 2762 870 (49)
2805 799 3048 871 ἐθελήσει
3099 802 3432 872 γυμνότερον
3459 814 3484 841 ι
3524 805 3714 874 χρήσα⁹

2153 889 2276 942 σθαι
2342 894 2451 954 τοῖς
2505 892 2790 963 ὀνόμασιν,
2858 892 3008 946 οὐδὲν
3071 892 3139 946 ἂν
3193 894 3378 965 ἕτερον
3435 895 3573 946 εἴποι
3631 893 3715 946 τὸν

2149 983 2340 1053 νοητὸν
2402 983 2606 1054 κόσμον
2663 985 2696 1057 ἦ
2747 985 2882 1038 Θεοῦ
2948 986 3120 1054 Λόγον
3169 986 3274 1057 ἤθη
3332 987 3718 1056 κοσμοπιοῦν-

2150 1091 2258 1138 τος.
2289 1076 2425 1129 Οὐδὲ
2477 1075 2584 1149 γὰρ
2629 1080 2662 1148 ὴ
2693 1077 2858 1148 νοητὴ
2915 1077 3069 1141 πόλις
3116 1078 3297 1150 ἕτερόν
3352 1095 3400 1130 τι
3438 1078 3654 1149 ἐστὶν,ῆ
3687 1081 3719 1133 6

2147 1164 2239 1218 τοῦ
2291 1166 2667 1238 ἀρχιτέκτονος
2721 1167 2998 1238 λογισμὸς,
3053 1167 3153 1239 ἤδη
3201 1168 3300 1239 τὴν
3339 1170 3532 1239 νοητὴν
3573 1170 3719 1224 πόλιν

2149 1257 2354 1322 κτίζειν
2398 1259 2802 1330 διανοουμένου.
2836 1259 2909 1312 Τὸ
2937 1259 2995 1312 δὲ
3055 1259 3230 1330 δόγμα
3275 1259 3432 1313 τοῦτο
3486 1261 3720 1324 Μωσέως

2147 1348 2314 1414 ἐστὶν,
2338 1349 2438 1402 οὐκ
2468 1350 2619 1420 ὲμόν.
2655 1350 2766 1422 Τὴν
2796 1349 2928 1419 γοῦν
2953 1349 3242 1422 ἀνθρώπου
3261 1350 3472 1419 γένεσιν
3488 1353 3719 1424 ἀναγρά-

2149 1457 2296 1509 φων,
2329 1441 2386 1493 ὲν
2423 1443 2533 1504 τοῖς
2577 1441 2782 1496 εέπειτα
2849 1442 3145 1515 διαρρήδην
3196 1442 3479 1513 ὁμολογεῖ,
3517 1443 3593 1507 ὡς
3618 1445 3722 1515 ἄρα

2147 1529 2476 1584 κατέἰκόνα
2523 1531 2658 1584 Θεοῦ
2704 1531 3027 1603 διετυπώθη.
3095 1531 3158 1583 Εἰ
3181 1529 3240 1584 δὲ
3271 1531 3332 1584 τὸ
3363 1531 3525 1602 μέρος
3565 1530 3724 1584 εἰκὼν

2147 1620 2374 1686 εἰκόνος,
2411 1621 2651 1692 δηλονότι
2685 1623 2779 1674 καὶ
2827 1621 2890 1674 τὸ
2921 1621 3040 1675 ὅλον
3073 1617 3213 1686 εῖδος
3237 1662 3252 1686 ,
3302 1621 3520 1693 σύμπας
3574 1616 3722 1685 οὗτος

2145 1713 2173 1764 6
2199 1711 2455 1782 αἰσθητὸς
2492 1713 2718 1784 κόσμος,
2773 1715 2821 1767 εί
2849 1713 3049 1782 μείζων
3082 1712 3196 1784 (50)
3241 1713 3338 1793 τῆς
3379 1712 3726 1784 ἀνθρωπίνης

2146 1803 2263 1856 ἐστὶ
2295 1804 2520 1876 μίμημα
2546 1804 2695 1869 θείας
2717 1805 2925 1868 εἰκόνος
2955 1804 3227 1875 δηλονότι·
3283 1804 3375 1857 καὶ
3413 1805 3448 1875 ἡ
3495 1804 3727 1875 ἀρχέτυ-

2148 1908 2246 1954 πος
2269 1895 2504 1964 σφραγὶς
2529 1893 2588 1948 ὃν
2615 1911 2795 1964 φαμεν
2829 1894 3018 1965 νοητὸν
3051 1891 3190 1948 εἶναι
3211 1893 3438 1963 κόσμον,
3471 1893 3631 1950 αὐτὸς
3658 1893 3726 1945 ἂν

2073 1965 2115 2021 Β
2144 1988 2253 2059 εἴη,
2293 1986 2356 2040 τὸ
2397 1985 2783 2058 παράδειγμα,
2815 1987 3122 2057 ἀρχέτυπος
3171 1985 3287 2040 ἰδέα
3314 1985 3421 2038 τῶν
3485 1984 3657 2048 ἰδεῶν,
3699 1985 3730 2036 6

2142 2078 2275 2134 Θεοῦ
2311 2079 2503 2147 Λόγος.
2537 2080 2674 2150 Φησὶ
2699 2079 2745 2131 δ’
2797 2078 2872 2132 ὡς
2922 2080 2985 2132 ἐν
3041 2079 3183 2150 ἀρχῇ
3242 2077 3496 2148 ἐποίησεν
3539 2078 3570 2130 6
3597 2076 3733 2140 8:6;

2142 2172 2233 2224 τ’δν
2261 2170 2488 2242 οὐρανὸν
2546 2170 2640 2223 καί
2682 2170 2778 2241 τὴν
2809 2167 2914 2240 γῆν
2938 2187 2952 2200 ⁸
3011 2171 3112 2240 τὴν
3156 2167 3330 2240 ἀρχὴν
3365 2166 3736 2239 παραλαμῐάο

2141 2282 2268 2328 νων,
2299 2265 2418 2334 οὐχ,
2448 2265 2522 2328 ὡς
2549 2265 2747 2318 οἴονταί
2791 2281 2956 2329 τινες,
2984 2264 3085 2334 τὴν
3119 2263 3262 2317 κατὰ
3314 2261 3503 2332 χρόνον
3523 2279 3538 2290 ·
3597 2264 3735 2333 χρό-

2141 2375 2230 2422 νος
2261 2357 2369 2428 γὰρ
2401 2357 2502 2410 οὐκ
2533 2351 2601 2427 ἦν
2632 2356 2738 2427 πρὸ
2761 2357 2987 2426 κόσμου,
3018 2354 3133 2409 ἀλλ’
3165 2354 3198 2426 ἢ
3238 2353 3336 2408 σὺν
3380 2353 3531 2423 αὐτῷ
3570 2355 3738 2424 γέγο-

2140 2465 2250 2511 νεν,
2282 2447 2314 2518 ἢ
2353 2447 2471 2517 μετ’
2503 2447 2700 2500 αὐτόν’
2732 2447 2853 2500 ἐπεὶ
2891 2445 3002 2518 γὰρ
3049 2445 3328 2516 διάστημα
3368 2445 3468 2515 τῆς
3500 2445 3599 2498 τοῦ
3638 2448 3738 2501 κό-

2141 2557 2281 2612 σμου
2310 2539 2423 2611 (51)
2460 2537 2724 2611 κινήσεώς
2763 2540 2910 2592 ἐστιν
2942 2539 2971 2590 ὁ
2993 2538 3183 2610 χρόνος
3203 2577 3218 2601 ,
3249 2538 3514 2610 πρότερον
3549 2539 3608 2592 δὲ
3634 2541 3734 2593 τοῦ

2140 2632 2462 2703 κινουμένου
2492 2632 2706 2703 κίνησις
2728 2632 2826 2685 οὐκ
2850 2631 2915 2684 ἂν
2938 2631 3172 2700 γένοιτο,
3207 2631 3322 2685 ἀλλ’
3359 2631 3393 2702 ῆ
3425 2633 3736 2700 ἀναγκαῖον

2138 2725 2306 2797 αὐτὴν
2331 2723 2576 2796 ὕστερον,
2621 2723 2801 2796 ῆᾶμα
2842 2722 3193 2778 συνίστασθαι
3216 2741 3230 2754 ·
3279 2724 3582 2792 ἀναγκαῖον
3623 2726 3736 2799 ἄρα

2138 2817 2232 2870 καὶ
2265 2814 2356 2870 τὸν
2389 2815 2638 2886 χρόνονῆ
2676 2813 2896 2884 ἰσήλικα
2941 2813 3150 2883 κόσμου
3175 2814 3491 2883 γεγονέναι,
3531 2815 3567 2885 ἢ
3598 2817 3731 2869 νεὼ-

2136 2925 2292 2980 τερον
2317 2908 2528 2961 ἐκείνου
2547 2923 2560 2934 ⁸
2587 2905 2956 2978 πρεσϐύτερον
2987 2905 3045 2958 δὲ
3074 2906 3478 2976 ἀποφαίνεσθαι
3517 2908 3730 2978 τολμᾷι

2136 2999 2464 3069 ἀφιλόσοφον
2514 2998 2648 3068 (52).
2699 2999 2763 3051 Εἰ
2794 2998 2839 3050 δ’
2887 2997 3030 3069 ἀρχὴ
3088 2997 3167 3070 μὴ
3230 2997 3732 3071 παραλαμϐάνεται

2135 3089 2300 3144 τανῦν
2333 3091 2367 3160 ὴ
2418 3088 2561 3144 κατὰ
2587 3088 2800 3160 χρόνον,
2847 3087 2994 3151 εἰκός
3023 3087 3088 3142 ἂν
3141 3089 3225 3158 εἴη
3265 3089 3576 3160 μηνύεσθαι
3627 3091 3730 3160 τὴν

2135 3182 2256 3237 κατ’
2278 3180 2532 3252 ἀριθμὸν,
2567 3181 2644 3244 ὼς
2663 3179 2726 3234 τὸ
2762 3199 2781 3231 ς
2823 3181 2909 3233 Ἐν
2935 3180 3077 3250 ἀρχῇ
3108 3180 3363 3251 ἐποίησεν
3398 3200 3417 3233 ι
3449 3183 3567 3235 ῐσον
3590 3177 3735 3236 εἶναι

2134 3273 2235 3344 τῷ,
2295 3271 2518 3345 Πρῶτον
2551 3272 2776 3344 ἐποίησε
2809 3272 2900 3325 τὸν
2931 3272 3180 3343 οὐρανόν.
3227 3267 3343 3326 Εἶθ’
3377 3272 3507 3344 ἑξῆς
3557 3274 3732 3344 λέγει·

2136 3365 2361 3437 Πρῶτον
2382 3361 2475 3419 οὖν
2509 3365 2671 3435 (55)ό
2703 3363 2874 3418 ποιῶν
2915 3364 3089 3418 ἐποίει
3130 3365 3360 3436 οὐρανὸν
3408 3365 3738 3438 ἀσώματον,

2133 3461 2232 3515 καὶ
2267 3480 2285 3512 ι
2315 3460 2423 3530 γῆν
2450 3459 2701 3530 ἀόρατον,
2735 3477 2754 3511 ι
2788 3457 2883 3512 καὶ
2915 3457 3078 3530 ἀέρος
3125 3459 3266 3512 ἰδέαν
3294 3459 3388 3512 καὶ
3418 3461 3585 3514 κενοῦ
3608 3480 3621 3490 ·
3653 3454 3739 3515 ὧν

2131 3555 2194 3608 τὸ
2229 3555 2326 3625 μὲν
2365 3555 2673 3624 ὲπεφήμισε
2731 3551 2942 3616 σκότος,
2988 3551 3176 3623 ἐπειδὴ
3229 3551 3398 3624 μέλας
3429 3553 3459 3605 6
3503 3554 3620 3625 ἀὴρ

2134 3647 2333 3715 φύσει⁸
2366 3647 2466 3717 τὴν
2491 3645 2548 3698 δὲ
2587 3643 2857 3699 ἄϐυσσονο
2889 3644 3191 3700 πολύὸυθον
3233 3645 3344 3717 γὰρ
3387 3646 3449 3699 τό
3493 3661 3566 3715 γε
3613 3665 3745 3700 και-

2131 3738 2221 3791 νὺν
2279 3736 2388 3807 (54)
2433 3738 2528 3790 καὶ
2557 3737 2790 3806 ἀχανές’
2819 3733 2919 3790 εἷθ’
2949 3737 3139 3800 ὓδατος
3191 3736 3486 3808 ἀσώματον
3546 3740 3746 3792 οὐσίαν

2133 3827 2228 3881 καὶ
2261 3827 2603 3897 πνεύματοςο
2623 3825 2718 3881 καὶ
2763 3827 2858 3881 ἐπὶ
2886 3828 3052 3879 πᾶσιν
3075 3825 3305 3896 ἑϐδόμου
3335 3825 3544 3894 φωτὸς,
3578 3827 3609 3879 ὃ
3634 3829 3748 3880 πά-

2132 3919 2214 3973 λιν
2247 3918 2538 3991 ἀσώματον
2564 3915 2654 3990 ἦν,
2685 3919 2782 3973 καὶ
2810 3919 2998 3991 νοητὸν
3031 3918 3182 3990 ἡλίου
3214 3917 3611 3988 παράδειγμα,
3649 3921 3752 3973 καὶ

2133 4010 2312 4064 πάντα
2345 4009 2478 4079 (55),
2521 4009 2620 4061 ὅσα
2667 4009 2932 4080 φωσφόρα
2966 4009 3142 4081 ἄστρα
3175 4008 3316 4061 κατὰ
3372 4008 3462 4060 τὸν
3499 4011 3568 4061 οὐ
3582 4012 3752 4082 pavos

2132 4101 2325 4173 ἔμελλε
2368 4098 2743 4153 συνίστασθαι.
2764 4100 3072 4171 Προνομίας
3101 4101 3156 4154 δὲ
3189 4099 3250 4153 τό
3277 4117 3338 4152 τε
3374 4099 3616 4172 πνεῦμα
3652 4103 3753 4154 καὶ

2131 4193 2192 4246 τὸ
2219 4191 2333 4262 φῶς
2357 4189 2573 4262 ἠξιοῦτο
2591 4207 2604 4220 ·
2633 4190 2694 4243 τὸ
2729 4192 2827 4258 μὲν
2847 4191 2954 4262 γὰρ
2979 4191 3229 4261 ὠνόμασε
3255 4189 3390 4243 Θεοῦ
3415 4189 3541 4258 (56)
3564 4233 3580 4256 ,
3609 4190 3754 4243 διότι

2131 4284 2508 4350 ζωτικώτατον
2533 4284 2594 4338 τδ
2627 4284 2864 4355 πνεῦμα,
2902 4283 3046 4354 ζωῆς
3071 4283 3128 4335 δὲ
3159 4283 3293 4346 Θεὸς
3329 4282 3514 4346 αἴτιος
3537 4301 3553 4313 °
3586 4283 3654 4336 τό
3694 4283 3754 4336 δὲ

2132 4377 2268 4446 φῶς,
2308 4377 2390 4429 ὅτι
2446 4374 2788 4447 ὑπερόάλλον
2841 4374 2956 4446 (57)
2998 4373 3182 4428 καλόν.
3231 4373 3495 4442 Τοσούτῳ
3542 4375 3760 4447 γὰρτὸ

2131 4471 2319 4541 νοητὸν
2343 4469 2436 4523 τοῦ
2468 4468 2664 4542 ὁρατοῦ
2696 4469 3078 4540 λαμπρότερόν
3122 4485 3182 4520 τε
3217 4468 3312 4521 καὶ
3340 4468 3757 4535 αὑγοειδέπε-

2135 4579 2246 4633 ρον,
2274 4563 2492 4633 ὅσῳπερ
2516 4561 2688 4632 ἥλιος,
2706 4556 2881 4631 οἶμαι,
2906 4561 3156 4622 σκότους,
3175 4559 3268 4612 καὶ
3295 4558 3484 4631 ἡμέρα
3517 4559 3757 4619 νυκτὸς,

446 4653 850 4723 septimamque.
893 4667 1123 4722 corpore
1171 4669 1364 4708 carens
1408 4655 1524 4722 ipsa
1555 4669 1796 4724 quoque.
1842 4663 2026 4710 mente

2150 4653 2227 4706 cal.
2253 4652 2322 4705 τὰ
2352 4653 2611 4723 κριτήρια
2647 4650 2758 4721 (58)
2785 4650 2910 4714 νοῦς
2939 4653 2968 4704 6
2993 4650 3092 4721 τῆς
3118 4649 3247 4720 ὅλης
3268 4648 3448 4719 ψυχῆς
3469 4649 3758 4720 ἡγεμὼν,

444 4754 758 4816 perceptum
785 4744 939 4811 solis,
991 4761 1058 4799 ac
1107 4755 1428 4800 caeterorum
1486 4746 1732 4799 omnium
1778 4746 2026 4801 clarissi-

515 4859 560 4889 ³⁹
595 4857 730 4912 Gen.
775 4875 812 4925 ι,
843 4858 936 4912 27.

515 4963 545 4992 ι
585 4949 763 5016 Philo,
803 4968 871 5020 γυ
879 4951 1040 5022 μνοτέ
1049 4968 1180 5022 ροις.

513 5043 626 5114 (49)
658 5046 726 5097 Εἰ
756 5043 823 5096 δέ
857 5061 968 5110 τις,
1001 5055 1105 5098 etc.
1155 5042 1432 5112 Leguntur
1481 5041 1598 5114 haec
1647 5041 1788 5112 apud
1833 5040 2019 5098 Philo-

443 5113 590 5172 nem,
626 5114 718 5166 lib.
754 5114 828 5167 De
857 5117 1039 5166 mundi
1075 5113 1306 5183 api/ficio,
1336 5128 1460 5183 pag.
1487 5113 1542 5166 4.

511 5131 590 5172 ιη,
627 5129 718 5166 ιιι).
754 5129 828 5167 ue
857 5129 1039 5166 ηιιιηαι
1075 5129 1306 5183 opt/tcto,
1336 5129 1460 5236 pag.
1487 5129 1542 5166 4.

511 5184 624 5255 (50)
650 5187 720 5255 Et
759 5183 992 5255 μείζων,
1028 5194 1132 5238 etc.
1164 5182 1370 5255 Locum
1435 5198 1564 5236 lUllc
1608 5182 2017 5255 emendahimus

439 5273 502 5310 ex
523 5253 790 5315 Philone,
830 5254 1162 5324 apudrquem
1195 5254 1268 5324 ita
1300 5261 1596 5324 conceptus
1627 5263 1730 5324 est,
1766 5253 1794 5305 ὃ
1831 5254 2014 5324 μεῖζόν

438 5330 576 5390 ἐστι,
611 5324 715 5396 τῆς
739 5323 1109 5396 ἀνθρωπίνης,
1149 5323 1372 5396 μίμημα
1404 5323 1554 5387 θείας
1598 5323 1822 5387 εἰκόνος·
1859 5323 2014 5394 δῆλον

435 5397 493 5448 δὲ
519 5396 600 5466 ὅτι
636 5395 796 5466 {alii}
824 5397 976 5466 ἀρχ.,
1004 5406 1109 5466 etc:

509 5465 620 5534 (51)
652 5462 1054 5533 Teo—2:66pm).
1090 5463 1266 5534 Philo,
1299 5462 1390 5534 τοῦ
1423 5463 1673 5534 οὐρανοῦ.

508 5533 620 5604 (52)
664 5535 1086 5604 Ἀςριλόσοφρφκ
1128 5533 1289 5604 Philo
1318 5533 1442 5588 add.
1471 5533 1548 5604 τῷ
1576 5534 1710 5587 ὄντι.

509 5601 618 5672 (55)
652 5601 894 5670 Πρῶτον
939 5601 1072 5658 οὖν.
1122 5602 1278 5657 Philo
1327 5613 1450 5658 post
1485 5601 1583 5659 has
1635 5620 1756 5658 voc.
1808 5613 1934 5658 ante
1984 5606 2012 5656 6

435 5673 604 5725 ποιῶν
640 5675 852 5744 inserit,
881 5674 1028 5743 παρὰ
1060 5672 1152 5744 τοῦ
1199 5672 1386 5743 νοητοῦ
1422 5673 1646 5744 κόσμου.
1700 5673 1784 5727 Ea:
1831 5675 2011 5727 mundi

435 5752 601 5794 mente
629 5743 854 5809 percepti
885 5742 1194 5811 exemplari,
1220 5742 1327 5810 vel,
1354 5743 1422 5798 ad
1445 5742 1626 5798 mu'ndi
1651 5761 1720 5799 m.
1749 5761 1802 5815 ρ.
1834 5759 2011 5800 exem-

2130 4743 2423 4813 ὀφθαλμῶν
2453 4742 2562 4812 (59)
2598 4741 2870 4813 σώματος.
2899 4740 2972 4794 Τὸ
2995 4741 3053 4794 δὲ
3087 4740 3316 4811 ἀόρατον
3344 4738 3456 4810 (60)
3487 4741 3602 4794 καὶ
3627 4758 3763 4809 νοη-

2126 5048 2265 5115 plar,
2300 5062 2432 5111 non,
2459 5055 2520 5100 ut
2549 5046 2621 5099 al.
2649 5047 2704 5099 in
2733 5046 2929 5099 mundo
2955 5045 3302 5115 ittteljégibili.

2201 5117 2312 5182 (54)
2347 5117 2587 5171 Καινόν.
2623 5115 2766 5183 Lege
2797 5116 2957 5169 κενόν
2982 5133 3048 5170 ex
3076 5113 3325 5170 Philone.

2198 5188 2312 5258 (55)
2344 5187 2518 5258 Philo,
2552 5187 2792 5240 πάντων.

2197 5257 2310 5327 (56)
2342 5257 2518 5323 Philo,
2552 5257 2717 5310 θείου.

2197 5323 2312 5396 (57)
2349 5325 2968 5397 Ὑπερόάλλονκῐηιὶιο
2999 5323 3488 5397 ὑπερϐαλλόντως.

2194 5395 2308 5470 (58)
2347 5400 2430 5470 Tit
2454 5395 2744 5466 κριτήρια.
2779 5395 3002 5466 Repone
3026 5395 3136 5448 τῶν
3163 5395 3520 5466 αἰσθητικῶν
3546 5415 3764 5470 κριτη-

2125 5469 2279 5541 ρίων,
2309 5485 2374 5541 ex
2409 5469 2654 5541 Philone.

2191 5541 2305 5609 (59)
2333 5539 2510 5603 Philo,
2535 5540 2630 5591 καὶ
2660 5538 2947 5609 ὀφθαλμοί.

2193 5606 2306 5679 (60)
2347 5611 2417 5664 Τὸ
2449 5609 2520 5662 δὲ
2546 5606 2960 5677 ἀόρατον,ὀιο.
2991 5607 3281 5679 Philonem
3318 5606 3621 5664 Eusebius
3659 5609 3760 5662 de-

2118 5678 2373 5737 curtavit.
2409 5680 2501 5734 Sic
2533 5681 2677 5733 enim
2707 5681 2814 5742 ille,
2859 5680 2950 5731 τὸν
2991 5679 3046 5731 δὲ
3080 5678 3346 5749 ἀόρατον,
3397 5680 3504 5732 καὶ
3549 5679 3760 5749 von-53f:

2119 5754 2260 5806 θεῖον
2286 5752 2478 5816 Λόγον,
2509 5751 2600 5804 καὶ
2632 5749 2767 5803 Θεοῦ
2803 5749 2996 5818 Λόγον,
3032 5748 3219 5804 εἰκόνα
3253 5749 3407 5816 λέγει
3428 5750 3615 5804 Θεοῦ*
3651 5748 3758 5801 καὶ
