3852 6222
171 294 279 350 915

1337 299 1659 356 ΡΗᾸΞΡΑΒ.
1702 304 1948 361 EV'ANG.
1993 306 2116 360 LIB.
2162 306 2250 360 XI.

3327 311 3431 366 9M

169 413 261 465 τὸν
290 405 404 481 φῶς
427 415 603 466 ἐκεῖνο
637 414 778 469 θείου
815 417 989 486 Λόγου
1020 419 1242 487 γέγονεν
1273 422 1458 487 εἰκὼν,
1487 423 1582 477 τοῦ
1612 425 1742 498 διερ‹

1858 445 2070 484 morum
2122 430 2380 496 siderum,
2422 447 2544 500 qua:
2599 433 2947 502 producenda
2982 434 3178 489 deinde
3232 433 3430 498 forent,

173 499 538 570 μηνεύσαντος
579 503 676 575 τὴν
713 505 927 573 γένεσιν
965 507 1131 562 αὐτοῦ
1153 525 1165 537 ’
1204 510 1299 563 καὶ
1333 510 1478 566 ἐστιν
1523 515 1756 585 ὑπερου-

173 592 354 662 ράνιος
377 593 574 666 ἀστὴρ,
599 597 751 668 πηγὴ
783 599 892 651 τῶν
914 600 1187 672 αἰσθητῶν
1235 604 1511 675 ἀστέρων,
1551 607 1619 678 ἢν
1653 610 1755 663 οὐκ

167 681 235 735 ἂν
268 683 382 737 ἀπὸ
409 687 614 740 σκοποῦ
649 689 927 744 καλέσειεν
953 693 1016 745 ἄν
1045 710 1130 757 τις
1154 695 1521 765 παναύγειαν,
1553 700 1646 768 ἀφ’
1685 694 1753 771 ἧς

165 774 317 845 ἥλιος
340 775 436 829 καὶ
461 777 682 851 σελήνη,
711 782 806 834 καὶ
828 783 878 835 οἱ
907 783 1055 837 ἄλλοι
1081 786 1351 857 πλανῆται
1375 828 1392 853 ,
1436 791 1531 844 καὶ
1576 793 1752 846 ἀπλα-

165 869 278 932 νεῖς
303 869 562 940 ἀρύονται
581 912 596 936 ,
631 872 752 926 καθ’
784 875 908 929 ὅσον
952 877 1168 949 ἑκάστῳ
1213 878 1443 952 δύναμις
1463 921 1477 945 ,
1530 883 1598 936 τὰ
1621 884 1754 955 πρέ-

165 977 338 1014 ποντα
369 962 549 1034 φέγγη
571 980 584 994 ·
620 965 720 1036 τῆς
747 965 984 1037 ἀμιγοῦς
1012 969 1107 1023 καὶ
1132 970 1378 1044 καθαρᾶς
1404 974 1580 1045 αὐγῆς
1608 975 1752 1029 ὲκεί-

162 1068 264 1122 νης
312 1054 758 1128 ἀμαυρουμένης,
805 1053 867 1113 οὗ
898 1059 964 1114 ἂν
1007 1060 1120 1133 (6-1)
1175 1061 1406 1135 ἄρξηται
1455 1066 1748 1138 τρέπεσθαι

161 1144 306 1198 κατὰ
347 1146 447 1216 τὴν
498 1148 563 1200 ἐκ
589 1148 690 1204 τοῦ
715 1150 907 1222 νοητοῦ
956 1152 1093 1222 πρὸς
1135 1154 1393 1226 αἰσθητὸν
1424 1158 1745 1229 μεταϐολήν.

160 1233 468 1306 Εἰλικρινὲς
517 1238 626 1310 γὰρ
676 1239 826 1294 οὐδὲν
855 1241 962 1294 τῶν
1010 1245 1068 1296 ὲν
1117 1244 1390 1317 αἰσθήσει.
1429 1269 1446 1301 ι
1476 1251 1584 1304 Kal.
1611 1250 1751 1320 μετὰ

159 1325 370 1398 βραχέα
396 1328 667 1400 ἐπιλέγει·
706 1351 724 1383 ι
769 1333 924 1387 Ἐπεὶ
953 1334 1009 1388 δὲ
1039 1336 1155 1405 φῶς
1192 1338 1290 1408 μὲν
1331 1341 1568 1407 ἐγένετο,
1624 1343 1750 1396 σκό-

156 1434 251 1482 τος
282 1419 327 1471 δ’
365 1421 634 1494 ὑπεξέστη
666 1424 759 1478 καὶ
792 1425 1141 1498 ἀνεχώρησεν
1173 1430 1308 1500 (62),
1337 1432 1452 1504 ὅροι
1482 1434 1528 1487 δ’
1553 1437 1610 1487 ὲν
1635 1438 1749 1500 τοῖς

157 1511 366 1582 μεταξὺ
399 1513 764 1587 διαστήμασιν
796 1519 1106 1590 ὲπάγησαν,
1127 1522 1336 1595 ἑσπέρα
1357 1542 1417 1578 τε
1447 1527 1540 1580 καὶ
1565 1527 1747 1599 πρωῒα

153 1605 281 1657 κατ’
309 1605 602 1674 ἀναγκαῖον
628 1609 722 1662 τοῦ
756 1612 950 1683 χρόνου
996 1615 1194 1690 μέτρον
1219 1617 1532 1672 ἀπετελεῖτο
1560 1619 1742 1686 εὐθὺς,

149 1692 182 1745 ὃ
205 1694 302 1782 καὶ
321 1696 535 1767 ἡμέραν
558 1699 738 1765 καλῶς
770 1702 941 1758 ποιῶν
973 1706 1230 1761 ἐκάλεσεο
1260 1707 1355 1762 καί
1381 1709 1596 1781 ἡμέραν
1625 1712 1745 1782 οὐχὶ

151 1781 403 1873 πρῌώτην,
430 1784 564 1840 ἀλλὰ
590 1788 796 1862 μίαν,ἢ
827 1790 1075 1847 λέλεκται
1108 1795 1219 1868 (65)
1244 1796 1332 1851 διὰ
1367 1779 1466 1870 την
1491 1779 1585 1853 τοῦ
1620 1779 1743 1873 von-
1775 1779 1819 1834 Β

149 1869 252 1923 τοῦ
282 1873 486 1944 κόσμου
513 1877 770 1947 μόνωσιν,
802 1882 1096 1957 μοναδικὴν
1131 1886 1347 1958 ἔχοντος
1400 1869 1501 1961 τὴν
1556 1869 1736 1960 φύσιν.

161 1961 227 2056 ΤΟ
265 1965 362 2034 μὲν
389 1961 482 2020 οὖν
503 1968 794 2040 ἀσώματος
823 1975 1026 2047 κόσμος
1054 1978 1155 2050 ἤδη
1184 1979 1357 2052 πέρας
1394 1977 1561 2053 εἶχεν,
1594 1985 1742 2056 ἱδρυ-

149 2055 270 2147 θείς
292 2058 351 2111 ὲν
371 2059 450 2129 τῷ
467 2059 595 2133 θείῳ
611 2063 771 2136 Λόγῳ
787 2081 801 2095 ο
821 2068 850 2120 6
875 2067 922 2121 δ’
943 2068 1200 2141 αἰσθητὸς
1226 2072 1362 2145 πρὸς
1388 2055 1742 2147 παράδειγμα

145 2145 347 2200 τούτου
400 2150 830 2222 ὲτελειογονείτο.
881 2160 992 2213 Kal.
1022 2160 1240 2232 πρῶτον
1281 2163 1447 2218 αὑτοῦ
1496 2166 1604 2220 τῶν
1641 2185 1741 2238 με-

151 2236 289 2310 ρῶν,
318 2239 349 2292 ὃ
377 2243 470 2295 καὶ
499 2243 716 2300 πάντων
735 2246 976 2318 ἄριστον,
1001 2251 1172 2306 ἐποίει
1202 2253 1294 2306 τὸν
1320 2254 1546 2326 οὐρανὸν
1585 2257 1614 2309 6
1638 2236 1744 2329 Δη-

150 2330 436 2400 μιουργὸς,
468 2332 527 2386 ὃν
554 2336 769 2408 ἐτύμως
796 2340 1086 2413 στερέωμα
1116 2346 1558 2418 προσηγόρευσεν
1577 2391 1594 2415 ,
1645 2351 1741 2405 ἆτε

146 2423 468 2490 σωματικὸν
510 2425 658 2481 ὄντα.
689 2429 763 2482 Τὸ
813 2430 922 2502 γὰρ
976 2432 1134 2506 σῶμα
1157 2435 1317 2505 φύσει
1364 2439 1602 2511 στερεὸν,
1631 2441 1660 2494 ὅ
1688 2441 1742 2494 τί

148 2527 264 2583 περ
309 2515 404 2568 καὶ
457 2518 618 2591 τριχῆ
655 2519 962 2578 διαστατόν.
1027 2526 1230 2599 Στεροῦ
1256 2528 1314 2581 δὲ
1366 2530 1461 2584 καὶ
1490 2529 1741 2602 σώματος

145 2602 335 2692 ἔννοια
364 2606 444 2671 τίς
480 2609 639 2681 ἑτέρα
669 2612 809 2684 πλὴν
831 2615 892 2667 τὸ
919 2616 1096 2689 πάντη
1141 2618 1460 2692 διεστηκόςς
1492 2601 1741 2686 Ἐἰκότως

145 2689 270 2760 οὖν,
299 2696 536 2762 ἀντιθεὶς
571 2699 648 2771 τῷ
671 2703 845 2774 νοητῷ
895 2706 991 2759 καὶ
1031 2689 1325 2779 ἀσωμάτῳ
1355 2708 1446 2762 τὸν
1484 2709 1740 2779 αἰσθητὸν

147 2787 252 2840 καὶ
287 2793 652 2865 σωματοειδῆ,
688 2795 875 2850 τοῦτον
900 2799 1120 2869 στερεὸν
1151 2799 1399 2854 ἐκάλεσε.
1435 2819 1454 2852 ι
1485 2801 1670 2855 Ταῦτα
1719 2805 1748 2856 6

143 2880 348 2936 Φίλων.
402 2885 623 2956 Συνᾴδει
671 2888 727 2942 δὲ
758 2889 906 2951 αὑτῷ
934 2893 1027 2944 καὶ
1048 2892 1076 2944 6
1109 2892 1358 2966 Κλήμης,
1399 2895 1458 2948 ὲν
1490 2894 1568 2966 τῷ
1604 2894 1748 2965 ἕκτῳ

143 2971 269 3060 (64)
293 2977 630 3046 Στρωματεῖ
655 2979 829 3050 λέγων
853 2975 976 3036 ὦδε.

1855 522 2131 590 exemplar
2161 531 2298 576 eral.
2351 520 2471 577 Jam
2512 523 2747 592 Spiritus
2795 535 2957 594 atque
3007 527 3145 582 lucis
3168 525 3431 580 eximium

1854 610 2058 680 aliquid
2089 626 2155 666 ac
2183 611 2514 681 praecipuum
2537 627 2660 668 esse
2689 613 2862 668 voluit
2888 630 2900 665 :
2931 630 3065 670 nam
3114 615 3291 682 illum,
3330 612 3432 669 Dei

1856 701 2118 772 Spiritum
2177 702 2498 768 nominavit,
2553 705 2698 773 quod
2751 702 2989 774 Spiritus
3025 705 3218 774 vitam,
3270 705 3432 774 cujus

1853 801 2046 849 auctor
2082 793 2226 850 Deus
2247 804 2352 861 est,
2375 795 2616 851 maxime
2636 795 2844 863 foveat;
2884 803 3026 853 hanc
3049 813 3198 862 vero,
3230 797 3428 863 lucem,

1851 887 1996 957 quod
2023 888 2307 942 excellenti
2341 888 2751 958 pulchritudine
2802 889 3098 959 conspicua
3128 891 3218 945 sit.
3254 888 3431 944 Tanto

1851 979 1996 1034 enim
2029 979 2328 1050 utiquelux
2359 981 2449 1035 illa
2479 996 2601 1050 quae
2631 989 2810 1036 mente
2825 981 3144 1050 percipitur,
3181 989 3430 1051 aspecta-

1850 1071 1948 1126 bili
1987 1071 2090 1127 hac
2130 1072 2395 1128 illustrior
2430 1087 2496 1127 ac
2533 1072 2867 1142 splendidior
2931 1082 3037 1140 est,
3089 1081 3296 1143 quanto
3345 1073 3430 1126 vel

1853 1162 2089 1218 tenebrae
2123 1163 2278 1229 solis,
2312 1164 2396 1216 vel
2428 1179 2534 1216 nox
2568 1163 2697 1226 dici,
2735 1165 2820 1219 vel
2843 1165 3113 1220 sentiendi
3144 1165 3224 1219 vis
3248 1179 3314 1218 ac
3346 1162 3428 1217 fa-

1851 1255 2049 1319 cultas,
2090 1255 2291 1310 mentis
2342 1253 2510 1326 548
2540 1255 2707 1309 animi
2763 1256 2930 1311 totius
2990 1256 3272 1325 principis,
3345 1255 3428 1309 vel

1851 1344 2088 1416 denique
2153 1361 2356 1416 corpus
2413 1346 2699 1401 oculorum
2757 1346 3046 1417 splendore
3116 1355 3426 1416 superatur.

1849 1434 2020 1490 Porro
2051 1435 2145 1491 lux
2173 1436 2285 1504 illa,
2313 1445 2494 1492 mente
2515 1438 2650 1504 sola,
2681 1454 2790 1492 non
2817 1439 2939 1494 visu
2964 1450 3240 1510 percepta,
3264 1438 3429 1494 Verbi

1847 1527 2041 1593 divini,
2077 1537 2232 1583 ortus
2283 1528 2372 1584 sui
2433 1529 2742 1598 interpretis
2793 1530 3085 1602 imaginem
3139 1532 3428 1601 expressit,

1848 1626 2060 1674 astrum
2084 1619 2224 1676 coelo
2256 1619 2528 1690 superius,
2555 1621 2791 1691 fonsque
2825 1622 3067 1679 siderum
3122 1624 3430 1693 aspectabi-

1851 1708 2009 1776 lium,
2045 1724 2209 1779 quam
2243 1709 2469 1766 luminis
2516 1712 2926 1767 universitatem
2947 1711 3049 1792 rite
3101 1727 3166 1767 ac
3222 1712 3432 1784 signiti-

1847 1809 2036 1856 canter
2058 1801 2316 1870 appelles,
2343 1801 2487 1856 unde
2534 1803 2638 1869 sol,
2698 1803 2848 1871 luna,
2898 1804 3178 1876 stellaeque
3221 1816 3431 1862 caetera:

1847 1900 1960 1947 tam
1992 1891 2137 1958 fixae,
2166 1907 2331 1962 quam
2363 1903 2633 1959 errantes,
2658 1910 2756 1964 pro
2810 1897 2926 1952 suis
2970 1912 3200 1968 quazque
3218 1898 3429 1954 viribus

1848 1983 2266 2039 convenientem
2325 1983 2672 2052 splendorem
2729 1985 3028 2052 hauriunt,
3063 1986 3193 2042 dum
3222 1988 3428 2043 sensim

1847 2074 2093 2131 hebescit
2120 2089 2290 2144 purus
2323 2074 2413 2130 ille
2442 2076 2781 2146 simplexque
2812 2077 3012 2146 fulgor,
3058 2077 3150 2133 ubi
3205 2080 3433 2148 cmperit

1847 2165 1954 2222 bac
2010 2165 2277 2236 spiritalis
2318 2167 2376 2221 in
2432 2169 2765 2237 aspecrabile
2814 2168 3173 2226 conversione
3204 2171 3428 2226 mutari.

1850 2253 2138 2312 Sincerum
2160 2256 2360 2326 quippe
2409 2256 2542 2312 nihil
2585 2259 2837 2329 estquod
2869 2259 2924 2314 in
2955 2275 3152 2316 sensus
3195 2259 3362 2315 cadit.
3403 2279 3424 2312 ι

1849 2346 2091 2419 Itemque
2113 2358 2236 2419 post
2258 2365 2452 2420 pauca.
2487 2369 2504 2402 ι
2539 2348 2642 2405 Ubi
2665 2360 2872 2418 autem,
2902 2351 3100 2423 inquit,
3150 2353 3242 2407 lux
3271 2352 3434 2408 exsti-

1850 2440 2025 2504 tisset,
2057 2439 2400 2510 tenebraeque
2426 2440 2696 2496 submotaa
2739 2440 2862 2497 loco
2892 2443 3206 2506 cessissent,
3237 2443 3431 2496 termi-

1849 2531 1937 2587 nis
1970 2532 2133 2587 etiam
2171 2532 2350 2588 medio
2393 2532 2679 2588 intervallo
2729 2532 2855 2589 ﬁxis
2884 2543 3048 2604 atque
3091 2535 3428 2598 constitutis,

1847 2637 2072 2692 vespera
2093 2623 2354 2678 nimirum
2394 2632 2559 2694 atque
2598 2624 2868 2688 diluculo,
2900 2633 3064 2696 prout
3117 2625 3435 2681 necessaria-

1848 2713 2107 2784 temporis
2138 2729 2395 2770 mensura
2436 2714 2768 2784 postulabat,
2802 2717 2856 2771 id
2901 2715 3199 2786 perfectum
3254 2715 3431 2773 conti-

1847 2818 1958 2858 nuo
1983 2805 2254 2874 est,quod
2302 2805 2418 2874 ipse
2448 2807 2592 2861 diem
2613 2807 2737 2878 jure
2796 2809 3134 2878 nuncupavit
3158 2826 3172 2876 ;
3201 2816 3256 2863 et
3284 2808 3434 2862 diem.

1844 2908 1955 2948 non
1978 2894 2236 2963 primum,
2271 2896 2366 2950 sed
2397 2895 2643 2962 unicum,
2695 2897 2859 2968 idque
2911 2909 3130 2969 propter
3163 2899 3428 2970 spiritalis

1844 2983 2013 3049 illius,
2065 2984 2159 3053 qui
2217 2984 2531 3054 adjunctam
2589 3001 2621 3040 a
2673 2997 2868 3043 natura
2944 2990 3206 3045 unitatem
3261 2989 3428 3046 habet

141 3063 344 3122 mundi
370 3068 740 3128 solitudinem.
770 3070 1000 3143 Jamque
1049 3089 1206 3130 suam
1255 3075 1612 3146 incorporeus
1673 3078 1762 3133 ille
1800 3077 2038 3133 mundus
2067 3077 2458 3148 perfectionem
2482 3081 2710 3136 sortitus
2735 3093 2872 3149 erat,
2901 3083 3088 3138 divino
3126 3083 3182 3138 in
3242 3082 3420 3140 Verbo

141 3162 314 3228 situs,
375 3177 500 3217 cum
533 3162 652 3234 ejus
679 3165 744 3220 ad
795 3166 1075 3235 exemplar
1106 3168 1453 3237 aspectabilis
1501 3169 1602 3224 iste
1635 3169 2031 3225 absolveretur.
2085 3168 2257 3239 Cujus
2304 3179 2513 3239 partem
2564 3173 2813 3227 omnium
2879 3173 2959 3228 uti
2991 3174 3280 3240 optimam,
3351 3175 3428 3232 ita

139 3267 201 3312 et
231 3257 534 3328 principem
563 3260 786 3324 caelum,
819 3260 1015 3316 artifex
1074 3263 1395 3329 elaboravit,
1424 3265 1572 3334 quod
1600 3280 1728 3320 vere
1765 3264 1910 3320 idem
1964 3279 2030 3320 ac
2083 3264 2303 3334 proprie
2355 3264 2784 3333 firmamentum,
2828 3276 3013 3334 utpote
3033 3285 3264 3341 corpore
3288 3286 3428 3341 prte-

141 3353 329 3408 ditum
356 3354 662 3424 appellavit.
711 3355 931 3427 Corpus
962 3357 1162 3429 quippe
1210 3368 1407 3414 natura
1449 3376 1549 3416 sua
1607 3360 1826 3416 firmum
1865 3369 1970 3426 est,
2025 3361 2279 3430 idemque
2334 3359 2602 3416 trifariam
2637 3361 2804 3417 dividi
2835 3371 3036 3433 potest.
3100 3362 3240 3420 Nam
3284 3363 3428 3420 firmi

141 3445 373 3516 quidem
401 3454 456 3501 et
480 3445 746 3517 corporis,
799 3464 1049 3518 quaenam
1094 3450 1201 3506 alia
1249 3453 1400 3509 notio
1422 3461 1526 3515 est,
1587 3468 1751 3528 quam
1789 3453 1910 3524 ejus
1966 3452 2066 3518 rei,
2098 3467 2264 3522 quam
2314 3453 2465 3508 omni
2493 3469 2561 3508 ex
2590 3464 2742 3523 parte
2772 3454 3014 3512 dividere
3029 3459 3255 3526 possis?
3286 3458 3420 3515 Jure

141 3537 336 3608 ’taque
366 3537 600 3608 spiritali
628 3549 683 3595 et
738 3543 984 3609 corporis
1035 3546 1264 3614 experti,
1321 3547 1650 3617 aspectabile
1679 3547 1783 3601 hoc
1819 3555 1875 3600 et
1906 3560 2228 3615 corporeum
2256 3560 2560 3617 opponens,
2605 3547 2823 3603 firmum
2849 3551 3159 3620 appellavit.
3196 3573 3214 3605 ι
3242 3554 3428 3625 Atque

144 3635 417 3690 hactenus
439 3633 616 3699 Philo,
647 3636 736 3690 cui
794 3636 975 3692 aﬂinia
1024 3639 1186 3708 plane
1229 3656 1294 3696 ac
1343 3642 1560 3713 gemina
1600 3641 1855 3697 Clemens
1882 3640 2152 3696 Stromale
2169 3650 2324 3696 sexto
2372 3641 2520 3696 hunc
2575 3641 2630 3695 in
2662 3642 2887 3698 modum
2914 3648 3279 3719 persequitur.

661 3729 1066 3786 ΚΕΦΑΛΑΙΟΝ
1096 3731 1224 3787 KE'.

505 3822 854 3892 Κλήμεντος
876 3825 1010 3893 περὶ
1044 3825 1150 3880 τοῦ
1172 3826 1382 3882 αὐτοῦ.

226 3930 247 3965 ς
283 3912 502 3983 Κόσμον
528 3930 591 3967 τε
614 3910 770 3978 αὖθις
798 3915 890 3969 τὸν
922 3917 1020 3987 μὲν
1044 3917 1234 3989 νοητὸν
1275 3914 1416 3974 οἶδεν
1459 3921 1494 3992 ή
1533 3921 1739 3993 βάρϐα-

146 4019 247 4074 ρος
281 4000 590 4070 φιλοσοφία,
620 4003 713 4057 τὸν
735 4003 793 4057 δὲ
819 4005 1109 4078 αἰσθητόν·
1135 4008 1226 4063 τὸν
1274 4009 1372 4081 μὲν
1406 4011 1736 4082 ἀρχέτυπον,

141 4094 242 4148 τὸν
293 4091 351 4144 δὲ
408 4092 592 4147 εἰκόνα
629 4093 724 4148 τοῦ
758 4095 926 4150 καλοῦ
969 4098 1084 4169 (65)
1112 4101 1575 4174 παραδείγματος.
1626 4105 1738 4158 Καὶ

140 4184 241 4238 τὸν
279 4183 375 4254 μὲν
402 4184 684 4255 ἀνατίθησι
715 4187 924 4257 μονάδι,
951 4187 1028 4254 ὡς
1066 4190 1134 4244 ἂν
1167 4193 1357 4263 νοητὸν
1377 4235 1393 4260 ,
1439 4195 1531 4249 τὸν
1571 4196 1629 4250 δὲ
1655 4199 1740 4252 αἰ-

142 4273 349 4345 σθητὸν
395 4273 562 4340 ὲξάδι.
605 4275 788 4348 Γάμος
829 4281 938 4352 γὰρ
975 4283 1128 4354 παρά
1154 4287 1269 4349 τοῖς
1322 4286 1735 4360 Πυθαγορείοις,

136 4367 221 4430 ὡς
256 4364 323 4419 ἂν
350 4365 573 4438 γόνιμος
603 4369 856 4442 ἀριθμὸς,
895 4374 929 4443 ἡ
958 4371 1090 4440 ἑξὰς
1123 4375 1386 4430 καλεῖται.
1421 4379 1532 4433 Καὶ
1551 4381 1610 4434 ὲν
1639 4381 1737 4451 μὲν

139 4457 212 4526 τῇ
244 4454 431 4526 μονάδι
456 4456 768 4529 συνίστησιν
785 4460 1013 4532 οὐρανὸν
1033 4462 1286 4534 ἀόρατον,
1317 4467 1412 4519 καὶ
1427 4468 1528 4539 γῆν
1552 4469 1736 4538 ἁγίαν,

141 4547 244 4600 καὶ
276 4546 390 4615 φῶς
421 4547 634 4618 νοητόν.
677 4550 808 4604 (Ἐν
854 4553 998 4624 ἀρχῇ
1059 4555 1192 4625 γὰρ,
1253 4557 1438 4627 φησὶν,
1483 4559 1740 4630 ἐποίησεν

138 4641 173 4691 6
195 4637 332 4702 Θεὸς
352 4638 442 4694 τὸν
461 4640 691 4712 οὐρανὸν
707 4643 801 4695 καὶ
832 4644 933 4714 τὴν
958 4645 1062 4717 γῆν
1080 4663 1093 4675 ·
1118 4647 1152 4717 ἡ
1179 4646 1236 4699 δὲ
1253 4648 1323 4718 γῆ
1355 4644 1422 4720 ἦν
1447 4649 1698 4723 ἀόρατος.
1713 4670 1733 4704 ι

141 4726 262 4784 Εἶτ’
285 4731 536 4802 ἐπιφέρει
556 4748 570 4761 '
603 4751 622 4784 ‹
653 4734 765 4786 Kal.
788 4730 941 4789 εἶπεν
968 4738 997 4790 6
1019 4736 1151 4802 Θεός
1171 4756 1184 4768 ·
1211 4739 1458 4794 Γενέσθω
1482 4741 1618 4812 φῶς,
1645 4745 1739 4798 καὶ

141 4819 368 4889 ἐγένετο
397 4821 531 4891 φῶς.
547 4842 564 4874 ι
585 4823 675 4877 Ἐν
699 4823 756 4877 δὲ
771 4828 838 4896 τῇ
863 4829 1222 4902 κοσμογενείᾳ
1245 4830 1356 4903 (66)
1369 4836 1435 4905 τῇ
1465 4835 1698 4908 αίσθητῇ
1719 4877 1735 4902 ,

142 4911 370 4982 στερεὸν
413 4914 644 4984 οὐρανὸν
663 4914 984 4988 δημιουργεῖ
1001 4935 1014 4948 ο
1046 4920 1107 4972 τὸ
1129 4921 1185 4974 δὲ
1215 4924 1432 4996 στερεὸν
1459 4927 1735 5000 αἰσθητὸν,

140 5003 252 5071 γῆν
277 5017 339 5054 τε
363 5002 566 5074 δρατὴν
593 5005 688 5057 καὶ
711 5005 827 5074 φῶς
847 5006 1196 5080 βλεπόμενον.
1223 5009 1349 5086 Ἆρ’
1382 5016 1442 5068 οὐ
1481 5017 1630 5071 δοκεῖ
1653 5037 1736 5074 σοι

2408 3733 2639 3789 CAPUT
2678 3735 2848 3793 XXV.

2274 3823 2352 3879 De
2383 3826 2596 3894 iisdem,
2617 3843 2682 3881 ea:
2708 3828 2994 3884 Clemente.

1917 3934 1936 3967 ι
1970 3914 2239 3971 Praeterea
2273 3915 2562 3984 mundum,
2597 3919 2796 3988 inquit,
2829 3928 3009 3976 mente
3041 3921 3274 3977 alterum
3302 3962 3318 3987 ,
3350 3926 3426 3979 al-

1839 4013 2016 4061 terum
2047 4021 2212 4062 sensu
2238 4017 2552 4077 perceptum
2575 4009 2808 4064 barbara
2826 4012 3425 4084 agnovitphilosophia,

1837 4106 1892 4154 et
1917 4099 2071 4153 illum
2093 4099 2317 4169 quidem
2370 4101 2752 4171 archetypum,
2810 4102 2960 4158 hunc
3012 4120 3141 4160 vero
3173 4107 3422 4175 praeclari

1837 4191 2168 4262 exemplaris
2189 4192 2504 4262 imaginem.
2538 4191 2696 4248 Illum
2722 4195 2874 4259 item,
2905 4196 3052 4267 quod
3099 4199 3218 4254 sola
3241 4211 3425 4255 mente

1838 4284 2104 4354 capiatur,
2143 4284 2339 4339 unitati
2364 4301 2381 4352 ;
2413 4284 2582 4352 hunc,
2609 4287 2706 4356 qui
2737 4286 2792 4340 in
2813 4301 3038 4344 sensum
3077 4290 3244 4356 cadit,
3264 4308 3425 4348 sena-

1838 4375 1921 4431 rio
1941 4376 2210 4431 attribuit.
2240 4374 2532 4432 Seuarium
2576 4379 2721 4432 enim
2761 4378 3108 4452 Pythagorei,
3153 4385 3301 4455 quod
3333 4402 3422 4441 se-

1839 4465 2054 4522 cundus
2085 4467 2133 4522 is
2161 4483 2424 4523 numerus
2453 4469 2545 4535 sit,
2570 4469 2887 4540 conjugium
2909 4484 3192 4529 vocarunt.
3219 4475 3284 4530 Et
3308 4478 3425 4542 qui-

1839 4557 1960 4613 dem
1983 4560 2037 4612 in
2066 4559 2292 4624 unitate,
2312 4561 2510 4616 caelum
2539 4561 2672 4617 illud
2717 4565 2863 4634 quod
2889 4565 3057 4620 videri
3081 4583 3190 4622 non
3249 4577 3425 4639 potest

1841 4661 2152 4723 terramque
2167 4653 2332 4725 549
2357 4664 2625 4723 sanctam,
2644 4657 2889 4713 etlucem
2908 4667 3090 4715 mente
3110 4670 3423 4731 perceptam

1841 4743 2141 4799 constituit.
2183 4763 2202 4796 ι
2228 4744 2287 4799 In
2322 4747 2593 4817 principio
2623 4748 2794 4814 enim,
2843 4749 3040 4820 inquit,
3099 4750 3229 4806 fecit
3277 4751 3422 4809 Deus

1839 4831 2041 4887 caelum
2088 4842 2140 4888 et
2190 4843 2423 4901 terram;
2479 4846 2626 4891 terra
2663 4847 2847 4893 autem
2897 4849 3014 4895 erat
3043 4841 3354 4898 invisibilis.
3395 4863 3414 4894 ι

1839 4923 1976 4976 Tum
2004 4924 2174 4988 addit,
2213 4944 2232 4976 ι
2263 4935 2319 4981 ει
2349 4927 2488 4981 dixit
2522 4927 2686 4996 Deus,
2741 4930 2865 4986 Fiat
2896 4932 3012 4994 lux,
3043 4942 3099 4988 et
3146 4933 3287 4990 facta
3335 4945 3420 4990 est

1839 5013 1930 5067 lux
1962 5015 2062 5066 ³³.»
2091 5015 2229 5069 Atin
2248 5032 2310 5071 ea
2337 5019 2552 5083 mundi,
2581 5037 2703 5090 qua:
2732 5024 2835 5078 sub
2859 5039 3082 5079 sensum
3107 5026 3273 5090 cadit,
3291 5042 3418 5096 pro-

139 5090 398 5145 ἐντεῦθεν
413 5094 441 5145 6
460 5093 686 5151 Πλάτων
709 5097 863 5161 ζώων
885 5099 1026 5164 ίδέας
1047 5103 1106 5154 ἐν
1131 5101 1209 5173 τῷ
1219 5105 1396 5176 νοητῷ
1417 5107 1732 5164 ἀπολείπειν

1851 5107 2135 5174 :reatiune,
2171 5109 2405 5164 solidum
2432 5111 2632 5166 coelum
2659 5114 2915 5181 molitur;
2943 5116 3088 5185 quod
3111 5125 3291 5171 autem
3324 5133 3413 5172 so-

140 5181 362 5254 κόσμῳ,
395 5186 490 5239 καὶ
514 5186 588 5241 τὰ
613 5188 730 5260 εἴδη
779 5189 852 5244 τὰ
897 5193 1155 5265 αἰσθητὰ,
1185 5197 1332 5252 κατά
1353 5199 1422 5252 τὰ
1446 5201 1578 5274 γένη
1619 5203 1730 5275 (67)

218 5276 270 5309 ³’
305 5277 444 5332 Gen.
474 5295 512 5334 ι.

139 5368 355 5462 ξαρτης
376 5371 606 5462 λείκόνιξ,
636 5372 730 5426 τὸν
764 5373 903 5460 [lege
948 5377 1030 5451 τὸ]
1059 5382 1262 5462 ’νοητὸν
1313 5384 1428 5453 φῶς
1474 5388 1668 5454 ἐκεῖνο,
1701 5390 1734 5443 ὃ

139 5438 498 5508 θείουΛόγου
532 5438 968 5516 γέγονενέίκὼν,
993 5438 1087 5503 τοῦ
1115 5438 1251 5524 δίερ.
1276 5438 1380 5510 ειό.

220 5509 336 5566 (61)
363 5508 539 5566 Philo.
571 5514 718 5566 ὅταν.

220 5511 336 5577 (61)
363 5511 539 5577 Philo,
571 5514 718 5567 ὅταν.

221 5579 335 5658 (.9?!
366 5578 544 5658 ἓίιὲἓον
571 5583 943 5658 ᾧπεχὼρησενι

221 5648 338 5730 (οξ)
367 5648 550 5730 ΡρέιοΞ
577 5648 817 5730 λέγέτᾴιξ

220 5718 332 5789 (64)
393 5719 478 5786 Τῷ
520 5718 692 5790 ἓκτῲ.
748 5725 981 5799 ιιοεεηᾶ.
1017 5732 1091 5802 τῷ
1143 5735 1394 5807 πέμπτῳ.
1449 5739 1528 5796 lbi
1581 5741 1726 5796 enim

1837 5199 2004 5256 lidum
2031 5211 2136 5267 est,
2158 5203 2300 5258 idem
2330 5219 2552 5275 quoque
2580 5221 2778 5264 sensus
2803 5218 2983 5264 movet
3015 5228 3029 5263 ε
3058 5217 3259 5264 terram
3288 5211 3414 5267 item

1833 5407 1899 5462 pa
1945 5434 1956 5446 .
1996 5392 2124 5456 452,
2147 5394 2277 5450 edit.
2307 5395 2645 5453 Graeco-Lat.
2684 5399 2837 5455 locus
2873 5401 2962 5454 hic
2990 5401 3242 5456 habetur.

1833 5409 2395 5585 xiiibgjwoa
2426 5467 2670 5532 Remius’
2698 5486 2861 5540 quam
2889 5481 2948 5525 υι
2975 5471 3118 5541 a[md
3139 5472 3242 5526 Clel

1963 5462 2016 5534 5)
2050 5464 2162 5541 Tm”)
2184 5466 2395 5521 καλοῦ.
2426 5467 2670 5532 Rectius,
2698 5486 2861 5540 quam
2889 5481 2948 5525 ut
2975 5471 3118 5541 apud
3139 5472 3408 5527 Clemcnt.

1833 5533 1998 5604 καλου
2007 5533 2187 5604 μένου.

1905 5603 2016 5679 ((ἔὲ)
2181 5608 2535 5679 ,κοσμογονίᾳ

1904 5673 2017 5743 (67)
2043 5673 2305 5751 Κατὰ.τᾶ
2334 5673 2503 5746 rem:
2533 5676 2668 5735 Vera
2693 5679 2870 5747 lectio,
2907 5697 3012 5737 non
3041 5680 3132 5735 καὶ
3159 5681 3225 5735 τὰ
3256 5681 3411 5751 γένη,

1834 5751 1893 5798 ut
1920 5754 2001 5800 est
2030 5745 2170 5812 apud
2194 5745 2550 5804 Clementem.
