  <div class='ocr_page' id='page_1' title='image "/cluster/home/n/w/nwhite01/storage/ocr_20150623/21/nnc1.0046978437/625.png"; bbox 0 0 3826 6232; ppageno 0'>
   <div class='ocr_carea' id='block_1_1' title="bbox 448 307 556 360">
    <p class='ocr_par' dir='ltr' id='par_1_1' title="bbox 448 307 556 360">
     <span class='ocr_line' id='line_1_1' title="bbox 448 307 556 360; baseline 0 -1"><span class='ocrx_word' id='word_1_1' title='bbox 448 307 556 360; x_wconf 65' lang='grc'><strong>915</strong></span> 
     </span>
    </p>
   </div>
   <div class='ocr_carea' id='block_1_2' title="bbox 1115 305 3118 369">
    <p class='ocr_par' dir='ltr' id='par_1_2' title="bbox 1115 305 3118 369">
     <span class='ocr_line' id='line_1_2' title="bbox 1115 305 3118 369; baseline 0.003 -9"><span class='ocrx_word' id='word_1_2' title='bbox 1115 305 1382 362; x_wconf 83' lang='lat' dir='ltr'><strong>EUSEBII</strong></span> <span class='ocrx_word' id='word_1_3' title='bbox 1461 308 1941 367; x_wconf 59' lang='lat' dir='ltr'><strong>CIESARIENSIS</strong></span> <span class='ocrx_word' id='word_1_4' title='bbox 1979 311 2130 368; x_wconf 73' lang='lat' dir='ltr'><strong>OPP.</strong></span> <span class='ocrx_word' id='word_1_5' title='bbox 2173 312 2355 368; x_wconf 79' lang='lat' dir='ltr'><strong>PARS</strong></span> <span class='ocrx_word' id='word_1_6' title='bbox 2396 314 2462 369; x_wconf 84' lang='grc'><strong>11.</strong></span> <span class='ocrx_word' id='word_1_7' title='bbox 2505 345 2574 354; x_wconf 92' lang='grc'><strong>-</strong></span> <span class='ocrx_word' id='word_1_8' title='bbox 2611 310 3118 368; x_wconf 78' lang='lat' dir='ltr'><strong>APOLOGETICA.</strong></span> 
     </span>
    </p>
   </div>
   <div class='ocr_carea' id='block_1_3' title="bbox 3607 311 3706 367">
    <p class='ocr_par' dir='ltr' id='par_1_3' title="bbox 3607 311 3706 367">
     <span class='ocr_line' id='line_1_3' title="bbox 3607 311 3706 367; baseline -0.01 0"><span class='ocrx_word' id='word_1_9' title='bbox 3607 311 3706 367; x_wconf 84' lang='lat' dir='ltr'><strong>9l6</strong></span> 
     </span>
    </p>
   </div>
   <div class='ocr_carea' id='block_1_4' title="bbox 444 420 2011 500">
    <p class='ocr_par' dir='ltr' id='par_1_4' title="bbox 444 420 2011 489">
     <span class='ocr_line' id='line_1_4' title="bbox 444 420 2011 489; baseline 0.006 -15"><span class='ocrx_word' id='word_1_10' title='bbox 444 435 511 474; x_wconf 90' lang='lat' dir='ltr'><strong>ac</strong></span> <span class='ocrx_word' id='word_1_11' title='bbox 536 420 710 474; x_wconf 86' lang='lat' dir='ltr'><strong>lucem</strong></span> <span class='ocrx_word' id='word_1_12' title='bbox 744 420 1148 489; x_wconf 68' lang='lat' dir='ltr'><strong>aspelabilein.</strong></span> <span class='ocrx_word' id='word_1_13' title='bbox 1184 420 1324 476; x_wconf 86' lang='lat' dir='ltr'><strong>Num</strong></span> <span class='ocrx_word' id='word_1_14' title='bbox 1356 423 1453 478; x_wconf 92' lang='lat' dir='ltr'><strong>tibi</strong></span> <span class='ocrx_word' id='word_1_15' title='bbox 1483 424 1588 480; x_wconf 88' lang='lat' dir='ltr'><strong>hoc</strong></span> <span class='ocrx_word' id='word_1_16' title='bbox 1614 425 1767 482; x_wconf 86' lang='lat' dir='ltr'><strong>Plato</strong></span> <span class='ocrx_word' id='word_1_17' title='bbox 1801 439 2011 484; x_wconf 77' lang='lat' dir='ltr'><strong>secutus</strong></span> 
     </span>
    </p>
   </div>
   <div class='ocr_carea' id='block_1_5' title="bbox 2123 420 3708 500">
    <p class='ocr_par' dir='ltr' id='par_1_5' title="bbox 2123 425 3708 500">
     <span class='ocr_line' id='line_1_5' title="bbox 2123 425 3708 500; baseline -0.003 -19"><span class='ocrx_word' id='word_1_18' title='bbox 2123 428 2472 500; x_wconf 75' lang='grc' dir='ltr'><strong>δημιουργεῖν</strong></span> <span class='ocrx_word' id='word_1_19' title='bbox 2507 427 2575 482; x_wconf 83' lang='grc' dir='ltr'><strong>τά</strong></span> <span class='ocrx_word' id='word_1_20' title='bbox 2617 428 2814 500; x_wconf 62' lang='lat' dir='ltr'><strong>roma;</strong></span> <span class='ocrx_word' id='word_1_21' title='bbox 2861 428 3098 490; x_wconf 81' lang='grc' dir='ltr'><strong>Εἰκότως</strong></span> <span class='ocrx_word' id='word_1_22' title='bbox 3125 426 3233 499; x_wconf 79' lang='grc' dir='ltr'>ἄρα</span> <span class='ocrx_word' id='word_1_23' title='bbox 3259 425 3326 479; x_wconf 84' lang='grc' dir='ltr'>ὲκ</span> <span class='ocrx_word' id='word_1_24' title='bbox 3372 426 3477 496; x_wconf 80' lang='grc' dir='ltr'>γῆς</span> <span class='ocrx_word' id='word_1_25' title='bbox 3521 425 3626 496; x_wconf 84' lang='grc' dir='ltr'>μὲν</span> <span class='ocrx_word' id='word_1_26' title='bbox 3650 425 3708 477; x_wconf 78' lang='grc' dir='ltr'>τὸ</span> 
     </span>
    </p>
   </div>
   <div class='ocr_carea' id='block_1_6' title="bbox 443 513 2018 591">
    <p class='ocr_par' dir='ltr' id='par_1_6' title="bbox 443 513 2018 591">
     <span class='ocr_line' id='line_1_6' title="bbox 443 513 2018 591; baseline 0.006 -25"><span class='ocrx_word' id='word_1_27' title='bbox 443 513 680 579; x_wconf 79' lang='lat' dir='ltr'><strong>videtur,</strong></span> <span class='ocrx_word' id='word_1_28' title='bbox 703 513 831 567; x_wconf 90' lang='lat' dir='ltr'><strong>dum</strong></span> <span class='ocrx_word' id='word_1_29' title='bbox 858 514 1216 568; x_wconf 86' lang='lat' dir='ltr'><strong>animantium</strong></span> <span class='ocrx_word' id='word_1_30' title='bbox 1244 515 1411 580; x_wconf 88' lang='lat' dir='ltr'><strong>i&#39;deis,</strong></span> <span class='ocrx_word' id='word_1_31' title='bbox 1439 532 1505 571; x_wconf 89' lang='lat' dir='ltr'><strong>eo</strong></span> <span class='ocrx_word' id='word_1_32' title='bbox 1537 519 1590 572; x_wconf 91' lang='lat' dir='ltr'><strong>in</strong></span> <span class='ocrx_word' id='word_1_33' title='bbox 1625 519 1827 575; x_wconf 90' lang='lat' dir='ltr'><strong>mundo</strong></span> <span class='ocrx_word' id='word_1_34' title='bbox 1856 537 2018 591; x_wconf 84' lang='lat' dir='ltr'><strong>quem</strong></span> 
     </span>
    </p>
   </div>
   <div class='ocr_carea' id='block_1_7' title="bbox 445 604 2022 679">
    <p class='ocr_par' dir='ltr' id='par_1_7' title="bbox 445 604 2022 679">
     <span class='ocr_line' id='line_1_7' title="bbox 445 604 2022 679; baseline 0.003 -19"><span class='ocrx_word' id='word_1_35' title='bbox 445 605 560 660; x_wconf 78' lang='lat' dir='ltr'><strong>sola</strong></span> <span class='ocrx_word' id='word_1_36' title='bbox 588 620 743 659; x_wconf 93' lang='lat' dir='ltr'><strong>mens</strong></span> <span class='ocrx_word' id='word_1_37' title='bbox 772 604 938 674; x_wconf 91' lang='lat' dir='ltr'><strong>capit,</strong></span> <span class='ocrx_word' id='word_1_38' title='bbox 984 605 1208 671; x_wconf 76' lang='lat' dir='ltr'><strong>relictis,</strong></span> <span class='ocrx_word' id='word_1_39' title='bbox 1267 606 1472 661; x_wconf 83' lang='lat' dir='ltr'><strong>formas</strong></span> <span class='ocrx_word' id='word_1_40' title='bbox 1519 608 1642 664; x_wconf 88' lang='lat' dir='ltr'><strong>illas</strong></span> <span class='ocrx_word' id='word_1_41' title='bbox 1667 626 1789 679; x_wconf 71' lang='lat' dir='ltr'><strong>qua:</strong></span> <span class='ocrx_word' id='word_1_42' title='bbox 1814 611 1866 664; x_wconf 92' lang='lat' dir='ltr'><strong>in</strong></span> <span class='ocrx_word' id='word_1_43' title='bbox 1893 627 2022 667; x_wconf 87' lang='lat' dir='ltr'><strong>sen-</strong></span> 
     </span>
    </p>
   </div>
   <div class='ocr_carea' id='block_1_8' title="bbox 443 698 2022 770">
    <p class='ocr_par' dir='ltr' id='par_1_8' title="bbox 443 698 2022 770">
     <span class='ocr_line' id='line_1_8' title="bbox 443 698 2022 770; baseline 0.005 -20"><span class='ocrx_word' id='word_1_44' title='bbox 443 711 564 751; x_wconf 90' lang='lat' dir='ltr'><strong>sum</strong></span> <span class='ocrx_word' id='word_1_45' title='bbox 591 698 811 761; x_wconf 86' lang='lat' dir='ltr'><strong>cadunt,</strong></span> <span class='ocrx_word' id='word_1_46' title='bbox 847 713 946 766; x_wconf 91' lang='lat' dir='ltr'><strong>pro</strong></span> <span class='ocrx_word' id='word_1_47' title='bbox 973 699 1300 768; x_wconf 81' lang='lat' dir='ltr'><strong>spiritalium</strong></span> <span class='ocrx_word' id='word_1_48' title='bbox 1332 715 1592 770; x_wconf 81' lang='lat' dir='ltr'><strong>generum</strong></span> <span class='ocrx_word' id='word_1_49' title='bbox 1627 702 1887 758; x_wconf 80' lang='lat' dir='ltr'><strong>varietate</strong></span> <span class='ocrx_word' id='word_1_50' title='bbox 1911 719 2022 758; x_wconf 90' lang='lat' dir='ltr'><strong>mo-</strong></span> 
     </span>
    </p>
   </div>
   <div class='ocr_carea' id='block_1_9' title="bbox 439 787 2018 866">
    <p class='ocr_par' dir='ltr' id='par_1_9' title="bbox 439 787 2018 866">
     <span class='ocr_line' id='line_1_9' title="bbox 439 787 2018 866; baseline 0.007 -25"><span class='ocrx_word' id='word_1_51' title='bbox 439 788 614 842; x_wconf 88' lang='lat' dir='ltr'><strong>litur?</strong></span> <span class='ocrx_word' id='word_1_52' title='bbox 646 787 938 844; x_wconf 86' lang='lat' dir='ltr'><strong>Enimvero</strong></span> <span class='ocrx_word' id='word_1_53' title='bbox 967 790 1094 859; x_wconf 88' lang='lat' dir='ltr'><strong>jure</strong></span> <span class='ocrx_word' id='word_1_54' title='bbox 1129 807 1261 848; x_wconf 87' lang='lat' dir='ltr'><strong>sane</strong></span> <span class='ocrx_word' id='word_1_55' title='bbox 1287 792 1464 848; x_wconf 86' lang='lat' dir='ltr'><strong>Moses</strong></span> <span class='ocrx_word' id='word_1_56' title='bbox 1489 809 1688 864; x_wconf 90' lang='lat' dir='ltr'><strong>corpus</strong></span> <span class='ocrx_word' id='word_1_57' title='bbox 1717 795 1841 859; x_wconf 91' lang='lat' dir='ltr'><strong>hoc,</strong></span> <span class='ocrx_word' id='word_1_58' title='bbox 1872 797 2018 866; x_wconf 86' lang='lat' dir='ltr'><strong>quod</strong></span> 
     </span>
    </p>
   </div>
   <div class='ocr_carea' id='block_1_10' title="bbox 441 881 2018 954">
    <p class='ocr_par' dir='ltr' id='par_1_10' title="bbox 441 881 2018 954">
     <span class='ocr_line' id='line_1_10' title="bbox 441 881 2018 954; baseline 0.006 -21"><span class='ocrx_word' id='word_1_59' title='bbox 441 891 698 936; x_wconf 85' lang='lat' dir='ltr'><strong>terrestre</strong></span> <span class='ocrx_word' id='word_1_60' title='bbox 741 881 1152 937; x_wconf 85' lang='lat' dir='ltr'><strong>tabernaculum</strong></span> <span class='ocrx_word' id='word_1_61' title='bbox 1199 900 1231 938; x_wconf 90' lang='lat' dir='ltr'><strong>a</strong></span> <span class='ocrx_word' id='word_1_62' title='bbox 1277 884 1502 941; x_wconf 78' lang='lat' dir='ltr'><strong>Platone</strong></span> <span class='ocrx_word' id='word_1_63' title='bbox 1551 888 1782 954; x_wconf 85' lang='lat' dir='ltr'><strong>dicitur,</strong></span> <span class='ocrx_word' id='word_1_64' title='bbox 1812 897 2018 943; x_wconf 88' lang='lat' dir='ltr'><strong>eterra</strong></span> 
     </span>
    </p>
   </div>
   <div class='ocr_carea' id='block_1_11' title="bbox 437 973 2018 1048">
    <p class='ocr_par' dir='ltr' id='par_1_11' title="bbox 437 973 2018 1048">
     <span class='ocr_line' id='line_1_11' title="bbox 437 973 2018 1048; baseline 0.007 -25"><span class='ocrx_word' id='word_1_65' title='bbox 437 973 659 1039; x_wconf 81' lang='lat' dir='ltr'><strong>ﬁctum;</strong></span> <span class='ocrx_word' id='word_1_66' title='bbox 711 981 768 1026; x_wconf 90' lang='lat' dir='ltr'><strong>at</strong></span> <span class='ocrx_word' id='word_1_67' title='bbox 808 975 1022 1028; x_wconf 88' lang='lat' dir='ltr'><strong>ratione</strong></span> <span class='ocrx_word' id='word_1_68' title='bbox 1061 974 1347 1044; x_wconf 73' lang='lat' dir='ltr'><strong>praeditum</strong></span> <span class='ocrx_word' id='word_1_69' title='bbox 1381 978 1659 1045; x_wconf 89' lang='lat' dir='ltr'><strong>animum,</strong></span> <span class='ocrx_word' id='word_1_70' title='bbox 1701 979 1936 1048; x_wconf 88' lang='lat' dir='ltr'><strong>desuper</strong></span> <span class='ocrx_word' id='word_1_71' title='bbox 1962 979 2018 1034; x_wconf 91' lang='lat' dir='ltr'><strong>in</strong></span> 
     </span>
    </p>
   </div>
   <div class='ocr_carea' id='block_1_12' title="bbox 365 1060 2015 1133">
    <p class='ocr_par' dir='ltr' id='par_1_12' title="bbox 365 1060 2015 1133">
     <span class='ocr_line' id='line_1_12' title="bbox 365 1060 2015 1133; baseline 0.005 -20"><span class='ocrx_word' id='word_1_72' title='bbox 365 1088 368 1090; x_wconf 58' lang='grc' dir='ltr'><strong>η</strong></span> <span class='ocrx_word' id='word_1_73' title='bbox 437 1060 630 1116; x_wconf 80' lang='lat' dir='ltr'><strong>faciem</strong></span> <span class='ocrx_word' id='word_1_74' title='bbox 661 1078 692 1117; x_wconf 91' lang='lat' dir='ltr'><strong>a</strong></span> <span class='ocrx_word' id='word_1_75' title='bbox 716 1062 828 1117; x_wconf 90' lang='lat' dir='ltr'><strong>Deo</strong></span> <span class='ocrx_word' id='word_1_76' title='bbox 857 1065 1176 1133; x_wconf 89' lang='lat' dir='ltr'><strong>inspiratum</strong></span> <span class='ocrx_word' id='word_1_77' title='bbox 1218 1066 1393 1122; x_wconf 81' lang='lat' dir='ltr'><strong>fuisse</strong></span> <span class='ocrx_word' id='word_1_78' title='bbox 1414 1079 1826 1123; x_wconf 84' lang='lat' dir='ltr'><strong>commemorat.</strong></span> <span class='ocrx_word' id='word_1_79' title='bbox 1878 1068 2015 1123; x_wconf 89' lang='lat' dir='ltr'><strong>Tum</strong></span> 
     </span>
    </p>
   </div>
   <div class='ocr_carea' id='block_1_13' title="bbox 435 1153 2017 1225">
    <p class='ocr_par' dir='ltr' id='par_1_13' title="bbox 435 1153 2017 1225">
     <span class='ocr_line' id='line_1_13' title="bbox 435 1153 2017 1225; baseline 0.005 -21"><span class='ocrx_word' id='word_1_80' title='bbox 435 1153 584 1206; x_wconf 85' lang='lat' dir='ltr'><strong>enim</strong></span> <span class='ocrx_word' id='word_1_81' title='bbox 618 1155 920 1225; x_wconf 88' lang='lat' dir='ltr'><strong>principem</strong></span> <span class='ocrx_word' id='word_1_82' title='bbox 953 1157 1097 1210; x_wconf 87' lang='lat' dir='ltr'><strong>illam</strong></span> <span class='ocrx_word' id='word_1_83' title='bbox 1132 1158 1299 1212; x_wconf 90' lang='lat' dir='ltr'><strong>animi</strong></span> <span class='ocrx_word' id='word_1_84' title='bbox 1329 1158 1640 1214; x_wconf 83' lang='lat' dir='ltr'><strong>facultatem</strong></span> <span class='ocrx_word' id='word_1_85' title='bbox 1665 1160 2017 1215; x_wconf 86' lang='lat' dir='ltr'><strong>constitutam</strong></span> 
     </span>
    </p>
   </div>
   <div class='ocr_carea' id='block_1_14' title="bbox 435 1245 2017 1321">
    <p class='ocr_par' dir='ltr' id='par_1_14' title="bbox 435 1245 2017 1321">
     <span class='ocr_line' id='line_1_14' title="bbox 435 1245 2017 1321; baseline 0.006 -26"><span class='ocrx_word' id='word_1_86' title='bbox 435 1258 559 1298; x_wconf 86' lang='lat' dir='ltr'><strong>esse</strong></span> <span class='ocrx_word' id='word_1_87' title='bbox 587 1245 797 1312; x_wconf 89' lang='lat' dir='ltr'><strong>dicunt,</strong></span> <span class='ocrx_word' id='word_1_88' title='bbox 833 1262 934 1302; x_wconf 90' lang='lat' dir='ltr'><strong>nec</strong></span> <span class='ocrx_word' id='word_1_89' title='bbox 963 1248 1112 1302; x_wconf 89' lang='lat' dir='ltr'><strong>aliud</strong></span> <span class='ocrx_word' id='word_1_90' title='bbox 1159 1250 1457 1320; x_wconf 86' lang='lat' dir='ltr'><strong>quidquam</strong></span> <span class='ocrx_word' id='word_1_91' title='bbox 1493 1251 1660 1305; x_wconf 91' lang='lat' dir='ltr'><strong>animi</strong></span> <span class='ocrx_word' id='word_1_92' title='bbox 1694 1251 1930 1321; x_wconf 67' lang='lat' dir='ltr'><strong>primum</strong></span> <span class='ocrx_word' id='word_1_93' title='bbox 1961 1250 2017 1304; x_wconf 90' lang='lat' dir='ltr'><strong>in</strong></span> 
     </span>
    </p>
   </div>
   <div class='ocr_carea' id='block_1_15' title="bbox 435 1339 2022 1412">
    <p class='ocr_par' dir='ltr' id='par_1_15' title="bbox 435 1339 2022 1412">
     <span class='ocr_line' id='line_1_15' title="bbox 435 1339 2022 1412; baseline 0.004 -24"><span class='ocrx_word' id='word_1_94' title='bbox 435 1345 718 1401; x_wconf 87' lang='lat' dir='ltr'><strong>parentem</strong></span> <span class='ocrx_word' id='word_1_95' title='bbox 751 1339 1038 1394; x_wconf 89' lang='lat' dir='ltr'><strong>subeuntis</strong></span> <span class='ocrx_word' id='word_1_96' title='bbox 1078 1339 1386 1410; x_wconf 84' lang='lat' dir='ltr'><strong>ingressum</strong></span> <span class='ocrx_word' id='word_1_97' title='bbox 1410 1382 1424 1403; x_wconf 90' lang='lat'><strong>,</strong></span> <span class='ocrx_word' id='word_1_98' title='bbox 1459 1357 1624 1412; x_wconf 88' lang='lat' dir='ltr'><strong>quam</strong></span> <span class='ocrx_word' id='word_1_99' title='bbox 1657 1342 1899 1412; x_wconf 88' lang='lat' dir='ltr'><strong>ejusdem</strong></span> <span class='ocrx_word' id='word_1_100' title='bbox 1925 1356 2022 1410; x_wconf 87' lang='lat' dir='ltr'><strong>per</strong></span> 
     </span>
    </p>
   </div>
   <div class='ocr_carea' id='block_1_16' title="bbox 2130 515 3708 588">
    <p class='ocr_par' dir='ltr' id='par_1_16' title="bbox 2130 515 3708 588">
     <span class='ocr_line' id='line_1_16' title="bbox 2130 515 3708 588; baseline -0.002 -19"><span class='ocrx_word' id='word_1_101' title='bbox 2130 517 2288 588; x_wconf 85' lang='grc' dir='ltr'>σῶμα</span> <span class='ocrx_word' id='word_1_102' title='bbox 2321 517 2746 572; x_wconf 74' lang='grc' dir='ltr'><strong>διαπλάττεσθαι</strong></span> <span class='ocrx_word' id='word_1_103' title='bbox 2770 517 2916 586; x_wconf 85' lang='grc' dir='ltr'><strong>λέγει</strong></span> <span class='ocrx_word' id='word_1_104' title='bbox 2972 517 3196 588; x_wconf 87' lang='grc' dir='ltr'><strong>Μωσῆς,</strong></span> <span class='ocrx_word' id='word_1_105' title='bbox 3232 515 3260 569; x_wconf 88' lang='grc' dir='ltr'><strong>δ</strong></span> <span class='ocrx_word' id='word_1_106' title='bbox 3278 515 3467 586; x_wconf 86' lang='grc' dir='ltr'>γήῖνόν</span> <span class='ocrx_word' id='word_1_107' title='bbox 3495 531 3661 584; x_wconf 75' lang='grc' dir='ltr'>φησιν</span> <span class='ocrx_word' id='word_1_108' title='bbox 3681 515 3708 567; x_wconf 83' lang='grc' dir='ltr'><strong>ό</strong></span> 
     </span>
    </p>
   </div>
   <div class='ocr_carea' id='block_1_17' title="bbox 2128 607 3708 682">
    <p class='ocr_par' dir='ltr' id='par_1_17' title="bbox 2128 607 3708 682">
     <span class='ocr_line' id='line_1_17' title="bbox 2128 607 3708 682; baseline -0.003 -20"><span class='ocrx_word' id='word_1_109' title='bbox 2128 611 2352 664; x_wconf 83' lang='grc' dir='ltr'><strong>Πλάτων</strong></span> <span class='ocrx_word' id='word_1_110' title='bbox 2384 612 2602 682; x_wconf 84' lang='grc' dir='ltr'>σκῆνος,</span> <span class='ocrx_word' id='word_1_111' title='bbox 2659 610 2836 682; x_wconf 75' lang='grc' dir='ltr'>ψυχὴν</span> <span class='ocrx_word' id='word_1_112' title='bbox 2861 610 2918 663; x_wconf 88' lang='grc' dir='ltr'>δὲ</span> <span class='ocrx_word' id='word_1_113' title='bbox 2950 609 3049 681; x_wconf 86' lang='grc' dir='ltr'><strong>τὴν</strong></span> <span class='ocrx_word' id='word_1_114' title='bbox 3078 608 3304 681; x_wconf 79' lang='grc' dir='ltr'>λογικὴν</span> <span class='ocrx_word' id='word_1_115' title='bbox 3355 607 3568 662; x_wconf 80' lang='grc' dir='ltr'>ἄνωθεν</span> <span class='ocrx_word' id='word_1_116' title='bbox 3613 608 3708 676; x_wconf 81' lang='grc' dir='ltr'><strong>ἐμ-</strong></span> 
     </span>
    </p>
   </div>
   <div class='ocr_carea' id='block_1_18' title="bbox 2129 699 3709 774">
    <p class='ocr_par' dir='ltr' id='par_1_18' title="bbox 2129 699 3709 774">
     <span class='ocr_line' id='line_1_18' title="bbox 2129 699 3709 774; baseline -0.003 -19"><span class='ocrx_word' id='word_1_117' title='bbox 2129 703 2456 773; x_wconf 81' lang='grc' dir='ltr'>πνευσθῆναι</span> <span class='ocrx_word' id='word_1_118' title='bbox 2484 704 2589 757; x_wconf 82' lang='grc' dir='ltr'><strong>ὑπὸ</strong></span> <span class='ocrx_word' id='word_1_119' title='bbox 2615 703 2750 757; x_wconf 85' lang='grc' dir='ltr'>Θεοῦ</span> <span class='ocrx_word' id='word_1_120' title='bbox 2795 706 2876 767; x_wconf 76' lang='grc' dir='ltr'><strong>εἰς</strong></span> <span class='ocrx_word' id='word_1_121' title='bbox 2911 703 3220 774; x_wconf 89' lang='grc' dir='ltr'>πρόσωπον.</span> <span class='ocrx_word' id='word_1_122' title='bbox 3285 699 3555 754; x_wconf 80' lang='grc' dir='ltr'><strong>Ἐνταῦθα</strong></span> <span class='ocrx_word' id='word_1_123' title='bbox 3600 699 3709 769; x_wconf 83' lang='grc' dir='ltr'><strong>γὰρ</strong></span> 
     </span>
    </p>
   </div>
   <div class='ocr_carea' id='block_1_19' title="bbox 2124 788 3707 864">
    <p class='ocr_par' dir='ltr' id='par_1_19' title="bbox 2124 788 3707 864">
     <span class='ocr_line' id='line_1_19' title="bbox 2124 788 3707 864; baseline -0.004 -18"><span class='ocrx_word' id='word_1_124' title='bbox 2124 794 2186 845; x_wconf 83' lang='grc' dir='ltr'>τὸ</span> <span class='ocrx_word' id='word_1_125' title='bbox 2217 793 2541 863; x_wconf 77' lang='grc' dir='ltr'>ἡγεμονικὸν</span> <span class='ocrx_word' id='word_1_126' title='bbox 2566 792 2812 864; x_wconf 80' lang='grc' dir='ltr'><strong>ἱδρῦσθαι</strong></span> <span class='ocrx_word' id='word_1_127' title='bbox 2840 792 3054 862; x_wconf 82' lang='grc' dir='ltr'>λέγουσι</span> <span class='ocrx_word' id='word_1_128' title='bbox 3079 831 3092 855; x_wconf 95' lang='grc'><strong>,</strong></span> <span class='ocrx_word' id='word_1_129' title='bbox 3125 792 3226 861; x_wconf 79' lang='grc' dir='ltr'>τὴν</span> <span class='ocrx_word' id='word_1_130' title='bbox 3256 789 3346 842; x_wconf 86' lang='grc' dir='ltr'>διὰ</span> <span class='ocrx_word' id='word_1_131' title='bbox 3377 789 3487 842; x_wconf 86' lang='grc' dir='ltr'><strong>τῶν</strong></span> <span class='ocrx_word' id='word_1_132' title='bbox 3514 788 3707 857; x_wconf 71' lang='grc' dir='ltr'>αἰσθη-</span> 
     </span>
    </p>
   </div>
   <div class='ocr_carea' id='block_1_20' title="bbox 2120 882 3710 956">
    <p class='ocr_par' dir='ltr' id='par_1_20' title="bbox 2120 882 3710 956">
     <span class='ocr_line' id='line_1_20' title="bbox 2120 882 3710 956; baseline -0.004 -17"><span class='ocrx_word' id='word_1_133' title='bbox 2120 886 2326 956; x_wconf 83' lang='grc' dir='ltr'>τηρίων</span> <span class='ocrx_word' id='word_1_134' title='bbox 2371 885 2719 938; x_wconf 72' lang='grc' dir='ltr'>ἐπεισόδιον·</span> <span class='ocrx_word' id='word_1_135' title='bbox 2763 886 2862 956; x_wconf 85' lang='grc' dir='ltr'><strong>τῆς</strong></span> <span class='ocrx_word' id='word_1_136' title='bbox 2900 885 3080 955; x_wconf 74' lang='grc' dir='ltr'>ψυχῆς</span> <span class='ocrx_word' id='word_1_137' title='bbox 3124 883 3218 937; x_wconf 72' lang='grc' dir='ltr'><strong>ἐπὶ</strong></span> <span class='ocrx_word' id='word_1_138' title='bbox 3245 882 3338 936; x_wconf 88' lang='grc' dir='ltr'><strong>τοῦ</strong></span> <span class='ocrx_word' id='word_1_139' title='bbox 3383 882 3710 954; x_wconf 85' lang='grc' dir='ltr'>πρωτοπλά-</span> 
     </span>
    </p>
   </div>
   <div class='ocr_carea' id='block_1_21' title="bbox 2126 975 3710 1051">
    <p class='ocr_par' dir='ltr' id='par_1_21' title="bbox 2126 975 3710 1051">
     <span class='ocr_line' id='line_1_21' title="bbox 2126 975 3710 1051; baseline -0.002 -21"><span class='ocrx_word' id='word_1_140' title='bbox 2126 993 2252 1030; x_wconf 91' lang='grc' dir='ltr'>στου</span> <span class='ocrx_word' id='word_1_141' title='bbox 2287 979 2490 1032; x_wconf 74' lang='grc' dir='ltr'>εἴσοδον</span> <span class='ocrx_word' id='word_1_142' title='bbox 2530 979 2957 1051; x_wconf 78' lang='grc' dir='ltr'><strong>ἑρμηνεύοντες·</strong></span> <span class='ocrx_word' id='word_1_143' title='bbox 2989 977 3069 1031; x_wconf 87' lang='grc' dir='ltr'>διὸ</span> <span class='ocrx_word' id='word_1_144' title='bbox 3091 978 3185 1030; x_wconf 80' lang='grc' dir='ltr'>καὶ</span> <span class='ocrx_word' id='word_1_145' title='bbox 3215 978 3336 1030; x_wconf 84' lang='grc' dir='ltr'>κατ’</span> <span class='ocrx_word' id='word_1_146' title='bbox 3369 976 3558 1028; x_wconf 83' lang='grc' dir='ltr'>εἰκόνα</span> <span class='ocrx_word' id='word_1_147' title='bbox 3616 975 3710 1028; x_wconf 70' lang='grc' dir='ltr'>καὶ</span> 
     </span>
    </p>
   </div>
   <div class='ocr_carea' id='block_1_22' title="bbox 2124 1067 3710 1142">
    <p class='ocr_par' dir='ltr' id='par_1_22' title="bbox 2124 1067 3710 1142">
     <span class='ocr_line' id='line_1_22' title="bbox 2124 1067 3710 1142; baseline -0.001 -21"><span class='ocrx_word' id='word_1_148' title='bbox 2124 1068 2247 1122; x_wconf 89' lang='grc' dir='ltr'>καθ’</span> <span class='ocrx_word' id='word_1_149' title='bbox 2279 1070 2538 1139; x_wconf 80' lang='grc' dir='ltr'>ὁμοίωσιν</span> <span class='ocrx_word' id='word_1_150' title='bbox 2572 1071 2664 1123; x_wconf 86' lang='grc' dir='ltr'>τὸν</span> <span class='ocrx_word' id='word_1_151' title='bbox 2711 1071 2996 1142; x_wconf 82' lang='grc' dir='ltr'>ἄνθρωπον</span> <span class='ocrx_word' id='word_1_152' title='bbox 3030 1069 3328 1139; x_wconf 80' lang='grc' dir='ltr'>γεγονέναι.</span> <span class='ocrx_word' id='word_1_153' title='bbox 3377 1067 3558 1122; x_wconf 81' lang='grc' dir='ltr'>Είκὼν</span> <span class='ocrx_word' id='word_1_154' title='bbox 3612 1069 3710 1138; x_wconf 79' lang='grc' dir='ltr'>μὲν</span> 
     </span>
    </p>
   </div>
   <div class='ocr_carea' id='block_1_23' title="bbox 2124 1159 3712 1232">
    <p class='ocr_par' dir='ltr' id='par_1_23' title="bbox 2124 1159 3712 1232">
     <span class='ocr_line' id='line_1_23' title="bbox 2124 1159 3712 1232; baseline -0.001 -20"><span class='ocrx_word' id='word_1_155' title='bbox 2124 1161 2232 1230; x_wconf 86' lang='grc' dir='ltr'>γὰρ</span> <span class='ocrx_word' id='word_1_156' title='bbox 2262 1160 2396 1213; x_wconf 82' lang='grc' dir='ltr'><strong>Θεοῦ</strong></span> <span class='ocrx_word' id='word_1_157' title='bbox 2449 1161 2620 1229; x_wconf 81' lang='grc' dir='ltr'><strong>Λόγος</strong></span> <span class='ocrx_word' id='word_1_158' title='bbox 2661 1163 2690 1214; x_wconf 97' lang='lat'><strong>6</strong></span> <span class='ocrx_word' id='word_1_159' title='bbox 2725 1162 2874 1227; x_wconf 86' lang='grc' dir='ltr'>θεῖος</span> <span class='ocrx_word' id='word_1_160' title='bbox 2903 1163 2997 1214; x_wconf 72' lang='grc' dir='ltr'>καὶ</span> <span class='ocrx_word' id='word_1_161' title='bbox 3055 1161 3364 1232; x_wconf 65' lang='grc' dir='ltr'>βασιλικὸς,</span> <span class='ocrx_word' id='word_1_162' title='bbox 3420 1159 3712 1231; x_wconf 83' lang='grc' dir='ltr'>ἄνθρωπος</span> 
     </span>
    </p>
   </div>
   <div class='ocr_carea' id='block_1_24' title="bbox 2127 1250 3714 1327">
    <p class='ocr_par' dir='ltr' id='par_1_24' title="bbox 2127 1250 3714 1327">
     <span class='ocr_line' id='line_1_24' title="bbox 2127 1250 3714 1327; baseline -0.001 -22"><span class='ocrx_word' id='word_1_163' title='bbox 2127 1251 2342 1324; x_wconf 82' lang='grc' dir='ltr'>ἀπαθής</span> <span class='ocrx_word' id='word_1_164' title='bbox 2363 1270 2375 1282; x_wconf 90' lang='grc'>·</span> <span class='ocrx_word' id='word_1_165' title='bbox 2406 1253 2570 1307; x_wconf 77' lang='grc' dir='ltr'>εἰκὼν</span> <span class='ocrx_word' id='word_1_166' title='bbox 2597 1254 2655 1308; x_wconf 77' lang='grc' dir='ltr'>δὲ</span> <span class='ocrx_word' id='word_1_167' title='bbox 2678 1255 2884 1318; x_wconf 73' lang='grc' dir='ltr'>εἰκόνος</span> <span class='ocrx_word' id='word_1_168' title='bbox 2909 1254 3246 1327; x_wconf 83' lang='grc' dir='ltr'><strong>ἀνθρώπινος</strong></span> <span class='ocrx_word' id='word_1_169' title='bbox 3269 1251 3414 1316; x_wconf 89' lang='grc' dir='ltr'>νοῦς.</span> <span class='ocrx_word' id='word_1_170' title='bbox 3455 1272 3472 1303; x_wconf 79' lang='grc' dir='ltr'><strong>ι</strong></span> <span class='ocrx_word' id='word_1_171' title='bbox 3522 1250 3714 1305; x_wconf 82' lang='grc' dir='ltr'>Ἀκού-</span> 
     </span>
    </p>
   </div>
   <div class='ocr_carea' id='block_1_25' title="bbox 2127 1345 3084 1419">
    <p class='ocr_par' dir='ltr' id='par_1_25' title="bbox 2127 1345 3084 1419">
     <span class='ocr_line' id='line_1_25' title="bbox 2127 1345 3084 1419; baseline 0.007 -23"><span class='ocrx_word' id='word_1_172' title='bbox 2127 1361 2309 1414; x_wconf 87' lang='grc' dir='ltr'>σωμεν</span> <span class='ocrx_word' id='word_1_173' title='bbox 2336 1345 2393 1398; x_wconf 87' lang='grc' dir='ltr'>δὲ</span> <span class='ocrx_word' id='word_1_174' title='bbox 2417 1345 2508 1398; x_wconf 74' lang='grc' dir='ltr'>καὶ</span> <span class='ocrx_word' id='word_1_175' title='bbox 2540 1346 2650 1400; x_wconf 89' lang='grc' dir='ltr'><strong>τῶν</strong></span> <span class='ocrx_word' id='word_1_176' title='bbox 2674 1347 3084 1419; x_wconf 75' lang='grc' dir='ltr'><strong>ῥηθησομένων.</strong></span> 
     </span>
    </p>
   </div>
   <div class='ocr_carea' id='block_1_26' title="bbox 437 1432 3710 1510">
    <p class='ocr_par' dir='ltr' id='par_1_26' title="bbox 437 1432 3710 1510">
     <span class='ocr_line' id='line_1_26' title="bbox 437 1432 3710 1510; baseline 0.002 -29"><span class='ocrx_word' id='word_1_177' title='bbox 437 1444 634 1486; x_wconf 83' lang='lat' dir='ltr'><strong>sensus</strong></span> <span class='ocrx_word' id='word_1_178' title='bbox 677 1432 1048 1488; x_wconf 89' lang='lat' dir='ltr'><strong>accessionem</strong></span> <span class='ocrx_word' id='word_1_179' title='bbox 1096 1449 1219 1490; x_wconf 87' lang='lat' dir='ltr'><strong>esse</strong></span> <span class='ocrx_word' id='word_1_180' title='bbox 1256 1435 1463 1490; x_wconf 84' lang='lat' dir='ltr'><strong>volunt.</strong></span> <span class='ocrx_word' id='word_1_181' title='bbox 1527 1436 1707 1505; x_wconf 82' lang='lat' dir='ltr'><strong>Atque</strong></span> <span class='ocrx_word' id='word_1_182' title='bbox 1735 1435 1878 1489; x_wconf 89' lang='lat' dir='ltr'><strong>hanc</strong></span> <span class='ocrx_word' id='word_1_183' title='bbox 1937 1448 2060 1490; x_wconf 86' lang='lat' dir='ltr'><strong>esse</strong></span> <span class='ocrx_word' id='word_1_184' title='bbox 2096 1449 2340 1503; x_wconf 86' lang='lat' dir='ltr'><strong>causam,</strong></span> <span class='ocrx_word' id='word_1_185' title='bbox 2372 1438 2730 1506; x_wconf 88' lang='lat' dir='ltr'><strong>quamobrem</strong></span> <span class='ocrx_word' id='word_1_186' title='bbox 2765 1439 2830 1493; x_wconf 89' lang='lat' dir='ltr'><strong>ad</strong></span> <span class='ocrx_word' id='word_1_187' title='bbox 2893 1439 3186 1510; x_wconf 77' lang='lat' dir='ltr'><strong>imaginem</strong></span> <span class='ocrx_word' id='word_1_188' title='bbox 3212 1446 3267 1493; x_wconf 88' lang='lat' dir='ltr'><strong>et</strong></span> <span class='ocrx_word' id='word_1_189' title='bbox 3295 1437 3710 1494; x_wconf 87' lang='lat' dir='ltr'><strong>similitudinem</strong></span> 
     </span>
    </p>
   </div>
   <div class='ocr_carea' id='block_1_27' title="bbox 435 1522 3712 1601">
    <p class='ocr_par' dir='ltr' id='par_1_27' title="bbox 435 1522 3712 1601">
     <span class='ocr_line' id='line_1_27' title="bbox 435 1522 3712 1601; baseline 0.002 -25"><span class='ocrx_word' id='word_1_190' title='bbox 435 1522 617 1576; x_wconf 81' lang='lat' dir='ltr'><strong>factus</strong></span> <span class='ocrx_word' id='word_1_191' title='bbox 646 1523 810 1577; x_wconf 90' lang='lat' dir='ltr'><strong>homo</strong></span> <span class='ocrx_word' id='word_1_192' title='bbox 835 1523 1071 1578; x_wconf 88' lang='lat' dir='ltr'><strong>dicatur.</strong></span> <span class='ocrx_word' id='word_1_193' title='bbox 1103 1524 1287 1596; x_wconf 85' lang='lat' dir='ltr'><strong>Imago</strong></span> <span class='ocrx_word' id='word_1_194' title='bbox 1305 1526 1506 1597; x_wconf 84' lang='lat' dir='ltr'><strong>quippe</strong></span> <span class='ocrx_word' id='word_1_195' title='bbox 1562 1525 1659 1580; x_wconf 87' lang='lat' dir='ltr'><strong>Dei</strong></span> <span class='ocrx_word' id='word_1_196' title='bbox 1702 1534 1806 1586; x_wconf 80' lang='lat' dir='ltr'><strong>est,</strong></span> <span class='ocrx_word' id='word_1_197' title='bbox 1856 1525 2103 1580; x_wconf 81' lang='lat' dir='ltr'><strong>divinum</strong></span> <span class='ocrx_word' id='word_1_198' title='bbox 2141 1527 2274 1581; x_wconf 90' lang='lat' dir='ltr'><strong>illud</strong></span> <span class='ocrx_word' id='word_1_199' title='bbox 2321 1529 2640 1599; x_wconf 84' lang='lat' dir='ltr'><strong>regiumque</strong></span> <span class='ocrx_word' id='word_1_200' title='bbox 2681 1528 2944 1595; x_wconf 77' lang='lat' dir='ltr'><strong>Verbum,</strong></span> <span class='ocrx_word' id='word_1_201' title='bbox 2977 1531 3141 1585; x_wconf 88' lang='lat' dir='ltr'><strong>homo</strong></span> <span class='ocrx_word' id='word_1_202' title='bbox 3184 1529 3421 1601; x_wconf 87' lang='lat' dir='ltr'><strong>patiendi</strong></span> <span class='ocrx_word' id='word_1_203' title='bbox 3464 1544 3661 1599; x_wconf 78' lang='lat' dir='ltr'><strong>expers</strong></span> <span class='ocrx_word' id='word_1_204' title='bbox 3692 1545 3712 1582; x_wconf 83' lang='lat'><strong>:</strong></span> 
     </span>
    </p>
   </div>
   <div class='ocr_carea' id='block_1_28' title="bbox 436 1613 2728 1690">
    <p class='ocr_par' dir='ltr' id='par_1_28' title="bbox 436 1613 2728 1690">
     <span class='ocr_line' id='line_1_28' title="bbox 436 1613 2728 1690; baseline 0.005 -22"><span class='ocrx_word' id='word_1_205' title='bbox 436 1623 534 1668; x_wconf 91' lang='lat' dir='ltr'><strong>aut</strong></span> <span class='ocrx_word' id='word_1_206' title='bbox 554 1613 809 1684; x_wconf 72' lang='lat' dir='ltr'><strong>imaginis</strong></span> <span class='ocrx_word' id='word_1_207' title='bbox 842 1615 1042 1686; x_wconf 84' lang='lat' dir='ltr'><strong>imago,</strong></span> <span class='ocrx_word' id='word_1_208' title='bbox 1074 1618 1311 1674; x_wconf 89' lang='lat' dir='ltr'><strong>humana</strong></span> <span class='ocrx_word' id='word_1_209' title='bbox 1347 1635 1502 1675; x_wconf 90' lang='lat' dir='ltr'><strong>mens</strong></span> <span class='ocrx_word' id='word_1_210' title='bbox 1527 1629 1663 1676; x_wconf 66' lang='lat' dir='ltr'><strong>est.»</strong></span> <span class='ocrx_word' id='word_1_211' title='bbox 1698 1618 1896 1674; x_wconf 85' lang='lat' dir='ltr'><strong>Verum</strong></span> <span class='ocrx_word' id='word_1_212' title='bbox 1930 1619 2211 1690; x_wconf 82' lang='lat' dir='ltr'><strong>sequentia</strong></span> <span class='ocrx_word' id='word_1_213' title='bbox 2236 1635 2400 1690; x_wconf 87' lang='lat' dir='ltr'><strong>porro</strong></span> <span class='ocrx_word' id='word_1_214' title='bbox 2421 1621 2728 1679; x_wconf 85' lang='lat' dir='ltr'><strong>audiamus.</strong></span> 
     </span>
    </p>
   </div>
   <div class='ocr_carea' id='block_1_29' title="bbox 997 1710 1459 1789">
    <p class='ocr_par' dir='ltr' id='par_1_29' title="bbox 997 1710 1459 1789">
     <span class='ocr_line' id='line_1_29' title="bbox 997 1710 1459 1789; baseline 0.006 -23"><span class='ocrx_word' id='word_1_215' title='bbox 997 1710 1459 1789; x_wconf 53' lang='lat' dir='ltr'><strong>CAPUTaxw.</strong></span> 
     </span>
    </p>
   </div>
   <div class='ocr_carea' id='block_1_30' title="bbox 438 1816 2018 1909">
    <p class='ocr_par' dir='ltr' id='par_1_30' title="bbox 438 1816 2018 1909">
     <span class='ocr_line' id='line_1_30' title="bbox 438 1816 2018 1909; baseline 0.007 -38"><span class='ocrx_word' id='word_1_216' title='bbox 438 1816 517 1872; x_wconf 88' lang='lat' dir='ltr'><strong>De</strong></span> <span class='ocrx_word' id='word_1_217' title='bbox 541 1818 863 1878; x_wconf 77' lang='lat' dir='ltr'><strong>adversariis</strong></span> <span class='ocrx_word' id='word_1_218' title='bbox 894 1824 1127 1892; x_wconf 83' lang='lat' dir='ltr'><strong>naturis,</strong></span> <span class='ocrx_word' id='word_1_219' title='bbox 1171 1825 1520 1909; x_wconf 55' lang='lat' dir='ltr'><strong>Hebraeorum</strong></span> <span class='ocrx_word' id='word_1_220' title='bbox 1551 1826 1896 1898; x_wconf 79' lang='lat' dir='ltr'><strong>Platonisque</strong></span> <span class='ocrx_word' id='word_1_221' title='bbox 1923 1828 2018 1882; x_wconf 83' lang='lat' dir='ltr'><strong>do-</strong></span> 
     </span>
    </p>
   </div>
   <div class='ocr_carea' id='block_1_31' title="bbox 1130 1907 1323 1950">
    <p class='ocr_par' dir='ltr' id='par_1_31' title="bbox 1130 1907 1323 1950">
     <span class='ocr_line' id='line_1_31' title="bbox 1130 1907 1323 1950; baseline 0.01 -2"><span class='ocrx_word' id='word_1_222' title='bbox 1130 1907 1323 1950; x_wconf 73' lang='lat' dir='ltr'><strong>ctrina.</strong></span> 
     </span>
    </p>
   </div>
   <div class='ocr_carea' id='block_1_32' title="bbox 508 1981 2014 2056">
    <p class='ocr_par' dir='ltr' id='par_1_32' title="bbox 508 1981 2014 2056">
     <span class='ocr_line' id='line_1_32' title="bbox 508 1981 2014 2056; baseline 0.007 -21"><span class='ocrx_word' id='word_1_223' title='bbox 508 1981 652 2048; x_wconf 85' lang='lat' dir='ltr'><strong>Quin</strong></span> <span class='ocrx_word' id='word_1_224' title='bbox 679 1983 849 2038; x_wconf 87' lang='lat' dir='ltr'><strong>etiam</strong></span> <span class='ocrx_word' id='word_1_225' title='bbox 891 1983 1245 2042; x_wconf 64' lang='lat' dir='ltr'><strong>Hebraeorum</strong></span> <span class='ocrx_word' id='word_1_226' title='bbox 1273 1988 1580 2043; x_wconf 88' lang='lat' dir='ltr'><strong>doctrinam</strong></span> <span class='ocrx_word' id='word_1_227' title='bbox 1605 2001 1824 2046; x_wconf 89' lang='lat' dir='ltr'><strong>secutus</strong></span> <span class='ocrx_word' id='word_1_228' title='bbox 1837 1990 2014 2056; x_wconf 86' lang='lat' dir='ltr'><strong>Plato,</strong></span> 
     </span>
    </p>
   </div>
   <div class='ocr_carea' id='block_1_33' title="bbox 436 2075 2015 2148">
    <p class='ocr_par' dir='ltr' id='par_1_33' title="bbox 436 2075 2015 2148">
     <span class='ocr_line' id='line_1_33' title="bbox 436 2075 2015 2148; baseline 0.007 -24"><span class='ocrx_word' id='word_1_229' title='bbox 436 2085 548 2124; x_wconf 85' lang='lat' dir='ltr'><strong>non</strong></span> <span class='ocrx_word' id='word_1_230' title='bbox 576 2083 827 2141; x_wconf 83' lang='lat' dir='ltr'><strong>expertes</strong></span> <span class='ocrx_word' id='word_1_231' title='bbox 863 2075 1032 2128; x_wconf 90' lang='lat' dir='ltr'><strong>modo</strong></span> <span class='ocrx_word' id='word_1_232' title='bbox 1071 2077 1318 2146; x_wconf 90' lang='lat' dir='ltr'><strong>corporis</strong></span> <span class='ocrx_word' id='word_1_233' title='bbox 1363 2077 1738 2148; x_wconf 84' lang='lat' dir='ltr'><strong>benignasque</strong></span> <span class='ocrx_word' id='word_1_234' title='bbox 1768 2089 2015 2147; x_wconf 90' lang='lat' dir='ltr'><strong>naturas,</strong></span> 
     </span>
    </p>
   </div>
   <div class='ocr_carea' id='block_1_34' title="bbox 438 2164 2016 2246">
    <p class='ocr_par' dir='ltr' id='par_1_34' title="bbox 438 2164 2016 2246">
     <span class='ocr_line' id='line_1_34' title="bbox 438 2164 2016 2246; baseline 0.008 -28"><span class='ocrx_word' id='word_1_235' title='bbox 438 2164 532 2219; x_wconf 87' lang='lat' dir='ltr'><strong>sed</strong></span> <span class='ocrx_word' id='word_1_236' title='bbox 580 2166 717 2222; x_wconf 85' lang='lat' dir='ltr'><strong>alias</strong></span> <span class='ocrx_word' id='word_1_237' title='bbox 759 2168 924 2222; x_wconf 90' lang='lat' dir='ltr'><strong>etiam</strong></span> <span class='ocrx_word' id='word_1_238' title='bbox 963 2169 1192 2225; x_wconf 84' lang='lat' dir='ltr'><strong>hostiles</strong></span> <span class='ocrx_word' id='word_1_239' title='bbox 1241 2172 1578 2243; x_wconf 83' lang='lat' dir='ltr'><strong>infestasque</strong></span> <span class='ocrx_word' id='word_1_240' title='bbox 1603 2175 1788 2243; x_wconf 86' lang='lat' dir='ltr'><strong>ponit,</strong></span> <span class='ocrx_word' id='word_1_241' title='bbox 1819 2174 2016 2246; x_wconf 80' lang='lat' dir='ltr'><strong>Legum</strong></span> 
     </span>
    </p>
   </div>
   <div class='ocr_carea' id='block_1_35' title="bbox 434 2256 2015 2336">
    <p class='ocr_par' dir='ltr' id='par_1_35' title="bbox 434 2256 2015 2336">
     <span class='ocr_line' id='line_1_35' title="bbox 434 2256 2015 2336; baseline 0.008 -26"><span class='ocrx_word' id='word_1_242' title='bbox 434 2256 651 2312; x_wconf 89' lang='lat' dir='ltr'><strong>decimo</strong></span> <span class='ocrx_word' id='word_1_243' title='bbox 680 2259 829 2314; x_wconf 85' lang='lat' dir='ltr'><strong>hunc</strong></span> <span class='ocrx_word' id='word_1_244' title='bbox 850 2260 905 2314; x_wconf 92' lang='lat' dir='ltr'><strong>in</strong></span> <span class='ocrx_word' id='word_1_245' title='bbox 933 2261 1155 2317; x_wconf 90' lang='lat' dir='ltr'><strong>modum</strong></span> <span class='ocrx_word' id='word_1_246' title='bbox 1179 2263 1422 2319; x_wconf 88' lang='lat' dir='ltr'><strong>scribens</strong></span> <span class='ocrx_word' id='word_1_247' title='bbox 1439 2264 1754 2336; x_wconf 72' lang='lat' dir='ltr'><strong>:cNunquid</strong></span> <span class='ocrx_word' id='word_1_248' title='bbox 1771 2269 2015 2323; x_wconf 83' lang='lat' dir='ltr'><strong>animum</strong></span> 
     </span>
    </p>
   </div>
   <div class='ocr_carea' id='block_1_36' title="bbox 435 2346 2018 2428">
    <p class='ocr_par' dir='ltr' id='par_1_36' title="bbox 435 2346 2018 2428">
     <span class='ocr_line' id='line_1_36' title="bbox 435 2346 2018 2428; baseline 0.007 -26"><span class='ocrx_word' id='word_1_249' title='bbox 435 2346 615 2415; x_wconf 88' lang='lat' dir='ltr'><strong>illum,</strong></span> <span class='ocrx_word' id='word_1_250' title='bbox 639 2349 733 2419; x_wconf 92' lang='lat' dir='ltr'><strong>qui</strong></span> <span class='ocrx_word' id='word_1_251' title='bbox 761 2358 817 2406; x_wconf 87' lang='lat' dir='ltr'><strong>et</strong></span> <span class='ocrx_word' id='word_1_252' title='bbox 841 2351 1029 2406; x_wconf 82' lang='lat' dir='ltr'><strong>omnia</strong></span> <span class='ocrx_word' id='word_1_253' title='bbox 1058 2351 1409 2418; x_wconf 82' lang='lat' dir='ltr'><strong>moderatur,</strong></span> <span class='ocrx_word' id='word_1_254' title='bbox 1443 2365 1498 2410; x_wconf 90' lang='lat' dir='ltr'><strong>et</strong></span> <span class='ocrx_word' id='word_1_255' title='bbox 1530 2356 1583 2410; x_wconf 92' lang='lat' dir='ltr'><strong>in</strong></span> <span class='ocrx_word' id='word_1_256' title='bbox 1614 2357 1870 2412; x_wconf 90' lang='lat' dir='ltr'><strong>omnibus</strong></span> <span class='ocrx_word' id='word_1_257' title='bbox 1895 2373 2018 2428; x_wconf 71' lang='lat' dir='ltr'><strong>qua:</strong></span> 
     </span>
    </p>
   </div>
   <div class='ocr_carea' id='block_1_37' title="bbox 433 2439 2013 2519">
    <p class='ocr_par' dir='ltr' id='par_1_37' title="bbox 433 2439 2013 2519">
     <span class='ocr_line' id='line_1_37' title="bbox 433 2439 2013 2519; baseline 0.008 -26"><span class='ocrx_word' id='word_1_258' title='bbox 433 2439 646 2508; x_wconf 75' lang='lat' dir='ltr'><strong>passim</strong></span> <span class='ocrx_word' id='word_1_259' title='bbox 683 2450 994 2509; x_wconf 85' lang='lat' dir='ltr'><strong>moventur,</strong></span> <span class='ocrx_word' id='word_1_260' title='bbox 1025 2443 1268 2513; x_wconf 82' lang='lat' dir='ltr'><strong>habitat,</strong></span> <span class='ocrx_word' id='word_1_261' title='bbox 1302 2447 1500 2501; x_wconf 63' lang='lat' dir='ltr'><strong>caelum</strong></span> <span class='ocrx_word' id='word_1_262' title='bbox 1528 2447 1692 2502; x_wconf 89' lang='lat' dir='ltr'><strong>etiam</strong></span> <span class='ocrx_word' id='word_1_263' title='bbox 1720 2449 1898 2519; x_wconf 87' lang='lat' dir='ltr'><strong>ipsum</strong></span> <span class='ocrx_word' id='word_1_264' title='bbox 1923 2466 2013 2506; x_wconf 91' lang='lat' dir='ltr'><strong>re-</strong></span> 
     </span>
    </p>
   </div>
   <div class='ocr_carea' id='block_1_38' title="bbox 433 2531 2013 2597">
    <p class='ocr_par' dir='ltr' id='par_1_38' title="bbox 433 2531 2013 2597">
     <span class='ocr_line' id='line_1_38' title="bbox 433 2531 2013 2597; baseline 0.009 -15"><span class='ocrx_word' id='word_1_265' title='bbox 433 2542 562 2597; x_wconf 85' lang='lat' dir='ltr'><strong>gere</strong></span> <span class='ocrx_word' id='word_1_266' title='bbox 590 2532 902 2587; x_wconf 87' lang='lat' dir='ltr'><strong>necessario</strong></span> <span class='ocrx_word' id='word_1_267' title='bbox 951 2531 1232 2590; x_wconf 78' lang='lat' dir='ltr'><strong>fatendum</strong></span> <span class='ocrx_word' id='word_1_268' title='bbox 1267 2537 1406 2591; x_wconf 79' lang='lat' dir='ltr'><strong>erit?</strong></span> <span class='ocrx_word' id='word_1_269' title='bbox 1463 2536 1581 2592; x_wconf 84' lang='lat' dir='ltr'><strong>Erit</strong></span> <span class='ocrx_word' id='word_1_270' title='bbox 1629 2554 1780 2594; x_wconf 85' lang='lat' dir='ltr'><strong>sane.</strong></span> <span class='ocrx_word' id='word_1_271' title='bbox 1833 2538 2013 2596; x_wconf 87' lang='lat' dir='ltr'><strong>Unum</strong></span> 
     </span>
    </p>
   </div>
   <div class='ocr_carea' id='block_1_39' title="bbox 433 2624 2014 2702">
    <p class='ocr_par' dir='ltr' id='par_1_39' title="bbox 433 2624 2014 2702">
     <span class='ocr_line' id='line_1_39' title="bbox 433 2624 2014 2702; baseline 0.009 -30"><span class='ocrx_word' id='word_1_272' title='bbox 433 2627 640 2685; x_wconf 89' lang='lat' dir='ltr'><strong>autem,</strong></span> <span class='ocrx_word' id='word_1_273' title='bbox 669 2637 741 2676; x_wconf 87' lang='lat' dir='ltr'><strong>an</strong></span> <span class='ocrx_word' id='word_1_274' title='bbox 773 2624 956 2694; x_wconf 84' lang='lat' dir='ltr'><strong>plures</strong></span> <span class='ocrx_word' id='word_1_275' title='bbox 997 2641 1119 2683; x_wconf 90' lang='lat' dir='ltr'><strong>esse</strong></span> <span class='ocrx_word' id='word_1_276' title='bbox 1159 2635 1465 2684; x_wconf 78' lang='lat' dir='ltr'><strong>statuemus</strong></span> <span class='ocrx_word' id='word_1_277' title='bbox 1485 2630 1518 2683; x_wconf 89' lang='lat'><strong>?&#39;</strong></span> <span class='ocrx_word' id='word_1_278' title='bbox 1537 2627 1729 2687; x_wconf 90' lang='lat' dir='ltr'><strong>Plures</strong></span> <span class='ocrx_word' id='word_1_279' title='bbox 1765 2633 2014 2702; x_wconf 88' lang='lat' dir='ltr'><strong>equidem</strong></span> 
     </span>
    </p>
   </div>
   <div class='ocr_carea' id='block_1_40' title="bbox 430 2711 2016 2787">
    <p class='ocr_par' dir='ltr' id='par_1_40' title="bbox 430 2711 2016 2787">
     <span class='ocr_line' id='line_1_40' title="bbox 430 2711 2016 2787; baseline 0.011 -24"><span class='ocrx_word' id='word_1_280' title='bbox 430 2721 617 2766; x_wconf 86' lang='lat' dir='ltr'><strong>vestro</strong></span> <span class='ocrx_word' id='word_1_281' title='bbox 651 2711 769 2782; x_wconf 89' lang='lat' dir='ltr'><strong>ipse</strong></span> <span class='ocrx_word' id='word_1_282' title='bbox 798 2714 920 2769; x_wconf 91' lang='lat' dir='ltr'><strong>loco</strong></span> <span class='ocrx_word' id='word_1_283' title='bbox 950 2718 1328 2787; x_wconf 90' lang='lat' dir='ltr'><strong>respondeam.</strong></span> <span class='ocrx_word' id='word_1_284' title='bbox 1393 2717 1506 2776; x_wconf 87' lang='lat' dir='ltr'><strong>Nos</strong></span> <span class='ocrx_word' id='word_1_285' title='bbox 1534 2736 1666 2777; x_wconf 91' lang='lat' dir='ltr'><strong>vero</strong></span> <span class='ocrx_word' id='word_1_286' title='bbox 1708 2737 1777 2777; x_wconf 92' lang='lat' dir='ltr'><strong>ne</strong></span> <span class='ocrx_word' id='word_1_287' title='bbox 1801 2723 2016 2781; x_wconf 84' lang='lat' dir='ltr'><strong>duobus</strong></span> 
     </span>
    </p>
   </div>
   <div class='ocr_carea' id='block_1_41' title="bbox 431 2803 2015 2877">
    <p class='ocr_par' dir='ltr' id='par_1_41' title="bbox 431 2803 2015 2877">
     <span class='ocr_line' id='line_1_41' title="bbox 431 2803 2015 2877; baseline 0.009 -21"><span class='ocrx_word' id='word_1_288' title='bbox 431 2803 624 2858; x_wconf 87' lang='lat' dir='ltr'><strong>saltem</strong></span> <span class='ocrx_word' id='word_1_289' title='bbox 653 2807 936 2874; x_wconf 86' lang='lat' dir='ltr'><strong>pauciores</strong></span> <span class='ocrx_word' id='word_1_290' title='bbox 963 2823 1084 2864; x_wconf 86' lang='lat' dir='ltr'><strong>esse</strong></span> <span class='ocrx_word' id='word_1_291' title='bbox 1113 2810 1383 2877; x_wconf 81' lang='lat' dir='ltr'><strong>dicamus,</strong></span> <span class='ocrx_word' id='word_1_292' title='bbox 1435 2811 1739 2870; x_wconf 81' lang='lat' dir='ltr'><strong>beneﬁcum</strong></span> <span class='ocrx_word' id='word_1_293' title='bbox 1769 2829 1834 2870; x_wconf 86' lang='lat' dir='ltr'><strong>ac</strong></span> <span class='ocrx_word' id='word_1_294' title='bbox 1858 2815 2015 2870; x_wconf 89' lang='lat' dir='ltr'><strong>beni-</strong></span> 
     </span>
    </p>
   </div>
   <div class='ocr_carea' id='block_1_42' title="bbox 430 2897 2016 2966">
    <p class='ocr_par' dir='ltr' id='par_1_42' title="bbox 430 2897 2016 2966">
     <span class='ocr_line' id='line_1_42' title="bbox 430 2897 2016 2966; baseline 0.011 -20"><span class='ocrx_word' id='word_1_295' title='bbox 430 2910 596 2963; x_wconf 85' lang='lat' dir='ltr'><strong>gnum</strong></span> <span class='ocrx_word' id='word_1_296' title='bbox 645 2897 912 2966; x_wconf 87' lang='lat' dir='ltr'><strong>alterum,</strong></span> <span class='ocrx_word' id='word_1_297' title='bbox 967 2900 1196 2955; x_wconf 91' lang='lat' dir='ltr'><strong>alterum</strong></span> <span class='ocrx_word' id='word_1_298' title='bbox 1249 2904 1524 2959; x_wconf 89' lang='lat' dir='ltr'><strong>contraria</strong></span> <span class='ocrx_word' id='word_1_299' title='bbox 1570 2905 1623 2959; x_wconf 88' lang='lat' dir='ltr'><strong>vi</strong></span> <span class='ocrx_word' id='word_1_300' title='bbox 1667 2915 1721 2960; x_wconf 91' lang='lat' dir='ltr'><strong>et</strong></span> <span class='ocrx_word' id='word_1_301' title='bbox 1760 2905 2016 2963; x_wconf 83' lang='lat' dir='ltr'><strong>facultate</strong></span> 
     </span>
    </p>
   </div>
   <div class='ocr_carea' id='block_1_43' title="bbox 429 2989 2012 3068">
    <p class='ocr_par' dir='ltr' id='par_1_43' title="bbox 429 2989 2012 3068">
     <span class='ocr_line' id='line_1_43' title="bbox 429 2989 2012 3068; baseline 0.01 -30"><span class='ocrx_word' id='word_1_302' title='bbox 429 2989 736 3054; x_wconf 73' lang='lat' dir='ltr'><strong>praeditum.</strong></span> <span class='ocrx_word' id='word_1_303' title='bbox 780 3009 800 3041; x_wconf 82' lang='grc'><strong>›</strong></span> <span class='ocrx_word' id='word_1_304' title='bbox 853 2990 981 3046; x_wconf 91' lang='lat' dir='ltr'><strong>Inde</strong></span> <span class='ocrx_word' id='word_1_305' title='bbox 1022 2992 1240 3063; x_wconf 78' lang='lat' dir='ltr'><strong>longius</strong></span> <span class='ocrx_word' id='word_1_306' title='bbox 1288 2995 1585 3064; x_wconf 85' lang='lat' dir='ltr'><strong>aliquando</strong></span> <span class='ocrx_word' id='word_1_307' title='bbox 1633 3013 1959 3068; x_wconf 84' lang='lat' dir='ltr'><strong>progressus</strong></span> <span class='ocrx_word' id='word_1_308' title='bbox 1995 3019 2012 3054; x_wconf 87' lang='lat'><strong>:</strong></span> 
     </span>
    </p>
   </div>
   <div class='ocr_carea' id='block_1_44' title="bbox 435 3078 2018 3162">
    <p class='ocr_par' dir='ltr' id='par_1_44' title="bbox 435 3078 2018 3162">
     <span class='ocr_line' id='line_1_44' title="bbox 435 3078 2018 3162; baseline 0.011 -33"><span class='ocrx_word' id='word_1_309' title='bbox 435 3097 455 3128; x_wconf 72' lang='grc' dir='ltr'><strong>ι</strong></span> <span class='ocrx_word' id='word_1_310' title='bbox 489 3078 626 3133; x_wconf 88' lang='lat' dir='ltr'><strong>Cum</strong></span> <span class='ocrx_word' id='word_1_311' title='bbox 657 3081 802 3136; x_wconf 90' lang='lat' dir='ltr'><strong>enim</strong></span> <span class='ocrx_word' id='word_1_312' title='bbox 838 3083 950 3153; x_wconf 87' lang='lat' dir='ltr'><strong>jam</strong></span> <span class='ocrx_word' id='word_1_313' title='bbox 982 3085 1124 3140; x_wconf 89' lang='lat' dir='ltr'><strong>inter</strong></span> <span class='ocrx_word' id='word_1_314' title='bbox 1157 3102 1259 3141; x_wconf 86' lang='lat' dir='ltr'><strong>nos</strong></span> <span class='ocrx_word' id='word_1_315' title='bbox 1294 3089 1632 3157; x_wconf 83' lang='lat' dir='ltr'><strong>convenerit,</strong></span> <span class='ocrx_word' id='word_1_316' title='bbox 1665 3091 1862 3145; x_wconf 68' lang='lat' dir='ltr'><strong>coelum</strong></span> <span class='ocrx_word' id='word_1_317' title='bbox 1891 3108 2018 3162; x_wconf 90' lang='lat' dir='ltr'><strong>per-</strong></span> 
     </span>
    </p>
   </div>
   <div class='ocr_carea' id='block_1_45' title="bbox 429 3168 2014 3251">
    <p class='ocr_par' dir='ltr' id='par_1_45' title="bbox 429 3168 2014 3251">
     <span class='ocr_line' id='line_1_45' title="bbox 429 3168 2014 3251; baseline 0.01 -30"><span class='ocrx_word' id='word_1_318' title='bbox 429 3168 618 3225; x_wconf 74' lang='lat' dir='ltr'><strong>multis</strong></span> <span class='ocrx_word' id='word_1_319' title='bbox 663 3173 881 3241; x_wconf 84' lang='lat' dir='ltr'><strong>quidem</strong></span> <span class='ocrx_word' id='word_1_320' title='bbox 926 3177 1124 3244; x_wconf 83' lang='lat' dir='ltr'><strong>partim</strong></span> <span class='ocrx_word' id='word_1_321' title='bbox 1171 3178 1328 3234; x_wconf 90' lang='lat' dir='ltr'><strong>bonis</strong></span> <span class='ocrx_word' id='word_1_322' title='bbox 1367 3180 1585 3250; x_wconf 91' lang='lat' dir='ltr'><strong>plenum</strong></span> <span class='ocrx_word' id='word_1_323' title='bbox 1626 3196 1780 3247; x_wconf 90' lang='lat' dir='ltr'><strong>esse,</strong></span> <span class='ocrx_word' id='word_1_324' title='bbox 1814 3183 2014 3251; x_wconf 88' lang='lat' dir='ltr'><strong>partim</strong></span> 
     </span>
    </p>
   </div>
   <div class='ocr_carea' id='block_1_46' title="bbox 430 3263 2014 3342">
    <p class='ocr_par' dir='ltr' id='par_1_46' title="bbox 430 3263 2014 3342">
     <span class='ocr_line' id='line_1_46' title="bbox 430 3263 2014 3342; baseline 0.009 -28"><span class='ocrx_word' id='word_1_325' title='bbox 430 3263 742 3331; x_wconf 88' lang='lat' dir='ltr'><strong>contrariis,</strong></span> <span class='ocrx_word' id='word_1_326' title='bbox 789 3267 1118 3335; x_wconf 88' lang='lat' dir='ltr'><strong>quibuscum</strong></span> <span class='ocrx_word' id='word_1_327' title='bbox 1178 3277 1364 3324; x_wconf 87' lang='lat' dir='ltr'><strong>tamen</strong></span> <span class='ocrx_word' id='word_1_328' title='bbox 1403 3287 1574 3342; x_wconf 88' lang='lat' dir='ltr'><strong>genus</strong></span> <span class='ocrx_word' id='word_1_329' title='bbox 1619 3272 1764 3327; x_wconf 85' lang='lat' dir='ltr'><strong>aliud</strong></span> <span class='ocrx_word' id='word_1_330' title='bbox 1806 3275 2014 3329; x_wconf 85' lang='lat' dir='ltr'><strong>nullum</strong></span> 
     </span>
    </p>
   </div>
   <div class='ocr_carea' id='block_1_47' title="bbox 433 3353 2015 3431">
    <p class='ocr_par' dir='ltr' id='par_1_47' title="bbox 433 3353 2015 3431">
     <span class='ocr_line' id='line_1_47' title="bbox 433 3353 2015 3431; baseline 0.006 -23"><span class='ocrx_word' id='word_1_331' title='bbox 433 3353 774 3409; x_wconf 83' lang='lat' dir='ltr'><strong>misceatur:</strong></span> <span class='ocrx_word' id='word_1_332' title='bbox 811 3356 1134 3413; x_wconf 89' lang='lat' dir='ltr'><strong>immortalis</strong></span> <span class='ocrx_word' id='word_1_333' title='bbox 1183 3360 1428 3429; x_wconf 81' lang='lat' dir='ltr'><strong>profecto</strong></span> <span class='ocrx_word' id='word_1_334' title='bbox 1470 3376 1651 3431; x_wconf 89' lang='lat' dir='ltr'><strong>pugna</strong></span> <span class='ocrx_word' id='word_1_335' title='bbox 1685 3363 1756 3418; x_wconf 90' lang='lat' dir='ltr'><strong>sit</strong></span> <span class='ocrx_word' id='word_1_336' title='bbox 1784 3363 1886 3418; x_wconf 89' lang='lat' dir='ltr'><strong>ista</strong></span> <span class='ocrx_word' id='word_1_337' title='bbox 1915 3379 2015 3418; x_wconf 92' lang='lat' dir='ltr'><strong>ne-</strong></span> 
     </span>
    </p>
   </div>
   <div class='ocr_carea' id='block_1_48' title="bbox 429 3451 2016 3523">
    <p class='ocr_par' dir='ltr' id='par_1_48' title="bbox 429 3451 2016 3523">
     <span class='ocr_line' id='line_1_48' title="bbox 429 3451 2016 3523; baseline 0.005 -22"><span class='ocrx_word' id='word_1_338' title='bbox 429 3459 586 3501; x_wconf 79' lang='lat' dir='ltr'><strong>cesse</strong></span> <span class='ocrx_word' id='word_1_339' title='bbox 616 3455 734 3511; x_wconf 87' lang='lat' dir='ltr'><strong>est,</strong></span> <span class='ocrx_word' id='word_1_340' title='bbox 781 3455 836 3500; x_wconf 89' lang='lat' dir='ltr'><strong>et</strong></span> <span class='ocrx_word' id='word_1_341' title='bbox 865 3451 1174 3504; x_wconf 84' lang='lat' dir='ltr'><strong>cautionem</strong></span> <span class='ocrx_word' id='word_1_342' title='bbox 1225 3452 1467 3519; x_wconf 89' lang='lat' dir='ltr'><strong>postulat</strong></span> <span class='ocrx_word' id='word_1_343' title='bbox 1510 3453 1737 3508; x_wconf 91' lang='lat' dir='ltr'><strong>omnino</strong></span> <span class='ocrx_word' id='word_1_344' title='bbox 1775 3454 2016 3523; x_wconf 86' lang='lat' dir='ltr'><strong>singula-</strong></span> 
     </span>
    </p>
   </div>
   <div class='ocr_carea' id='block_1_49' title="bbox 433 3535 2014 3616">
    <p class='ocr_par' dir='ltr' id='par_1_49' title="bbox 433 3535 2014 3616">
     <span class='ocr_line' id='line_1_49' title="bbox 433 3535 2014 3616; baseline 0.008 -28"><span class='ocrx_word' id='word_1_345' title='bbox 433 3550 567 3590; x_wconf 85' lang='lat' dir='ltr'><strong>rem.</strong></span> <span class='ocrx_word' id='word_1_346' title='bbox 596 3535 666 3591; x_wconf 85' lang='lat' dir='ltr'><strong>At</strong></span> <span class='ocrx_word' id='word_1_347' title='bbox 689 3551 818 3592; x_wconf 88' lang='lat' dir='ltr'><strong>vero</strong></span> <span class='ocrx_word' id='word_1_348' title='bbox 849 3537 930 3591; x_wconf 91' lang='lat' dir='ltr'><strong>uti</strong></span> <span class='ocrx_word' id='word_1_349' title='bbox 953 3539 1112 3594; x_wconf 85' lang='lat' dir='ltr'><strong>nobis</strong></span> <span class='ocrx_word' id='word_1_350' title='bbox 1142 3540 1218 3594; x_wconf 93' lang='lat' dir='ltr'><strong>dii</strong></span> <span class='ocrx_word' id='word_1_351' title='bbox 1249 3542 1411 3597; x_wconf 82' lang='lat' dir='ltr'><strong>simul</strong></span> <span class='ocrx_word' id='word_1_352' title='bbox 1438 3559 1502 3598; x_wconf 87' lang='lat' dir='ltr'><strong>ac</strong></span> <span class='ocrx_word' id='word_1_353' title='bbox 1529 3545 1804 3600; x_wconf 74' lang='lat' dir='ltr'><strong>daemones</strong></span> <span class='ocrx_word' id='word_1_354' title='bbox 1835 3547 2014 3616; x_wconf 87' lang='lat' dir='ltr'><strong>opitu-</strong></span> 
     </span>
    </p>
   </div>
   <div class='ocr_carea' id='block_1_50' title="bbox 429 3625 2014 3699">
    <p class='ocr_par' dir='ltr' id='par_1_50' title="bbox 429 3625 2014 3699">
     <span class='ocr_line' id='line_1_50' title="bbox 429 3625 2014 3699; baseline 0.008 -19"><span class='ocrx_word' id='word_1_355' title='bbox 429 3625 638 3693; x_wconf 86' lang='lat' dir='ltr'><strong>lantur,</strong></span> <span class='ocrx_word' id='word_1_356' title='bbox 666 3627 743 3683; x_wconf 77' lang='lat' dir='ltr'><strong>ita</strong></span> <span class='ocrx_word' id='word_1_357' title='bbox 771 3643 873 3684; x_wconf 88' lang='lat' dir='ltr'><strong>nos</strong></span> <span class='ocrx_word' id='word_1_358' title='bbox 898 3631 1146 3699; x_wconf 69' lang='lat' dir='ltr'><strong>quaedam</strong></span> <span class='ocrx_word' id='word_1_359' title='bbox 1173 3633 1415 3687; x_wconf 90' lang='lat' dir='ltr'><strong>vicissim</strong></span> <span class='ocrx_word' id='word_1_360' title='bbox 1436 3636 1661 3689; x_wconf 90' lang='lat' dir='ltr'><strong>deorum</strong></span> <span class='ocrx_word' id='word_1_361' title='bbox 1686 3652 1878 3693; x_wconf 92' lang='lat' dir='ltr'><strong>sumus</strong></span> <span class='ocrx_word' id='word_1_362' title='bbox 1903 3639 2014 3693; x_wconf 68' lang='lat' dir='ltr'><strong>daa-</strong></span> 
     </span>
    </p>
   </div>
   <div class='ocr_carea' id='block_1_51' title="bbox 429 3722 2009 3797">
    <p class='ocr_par' dir='ltr' id='par_1_51' title="bbox 429 3722 2009 3797">
     <span class='ocr_line' id='line_1_51' title="bbox 429 3722 2009 3797; baseline 0.009 -27"><span class='ocrx_word' id='word_1_363' title='bbox 429 3733 766 3791; x_wconf 77' lang='lat' dir='ltr'><strong>monumque</strong></span> <span class='ocrx_word' id='word_1_364' title='bbox 785 3722 1083 3791; x_wconf 89' lang='lat' dir='ltr'><strong>possessio.</strong></span> <span class='ocrx_word' id='word_1_365' title='bbox 1129 3742 1154 3775; x_wconf 75' lang='grc' dir='ltr'><strong>ι.</strong></span> <span class='ocrx_word' id='word_1_366' title='bbox 1182 3722 1333 3780; x_wconf 90' lang='lat' dir='ltr'><strong>Unde</strong></span> <span class='ocrx_word' id='word_1_367' title='bbox 1364 3727 1469 3781; x_wconf 87' lang='lat' dir='ltr'><strong>ista</strong></span> <span class='ocrx_word' id='word_1_368' title='bbox 1500 3742 1663 3797; x_wconf 91' lang='lat' dir='ltr'><strong>porro</strong></span> <span class='ocrx_word' id='word_1_369' title='bbox 1697 3729 1750 3783; x_wconf 92' lang='lat' dir='ltr'><strong>in</strong></span> <span class='ocrx_word' id='word_1_370' title='bbox 1772 3738 2009 3784; x_wconf 87' lang='lat' dir='ltr'><strong>mentem</strong></span> 
     </span>
    </p>
   </div>
   <div class='ocr_carea' id='block_1_52' title="bbox 429 3805 2006 3890">
    <p class='ocr_par' dir='ltr' id='par_1_52' title="bbox 429 3805 2006 3890">
     <span class='ocr_line' id='line_1_52' title="bbox 429 3805 2006 3890; baseline 0.009 -29"><span class='ocrx_word' id='word_1_371' title='bbox 429 3805 644 3864; x_wconf 88' lang='lat' dir='ltr'><strong>Platoni</strong></span> <span class='ocrx_word' id='word_1_372' title='bbox 688 3812 972 3877; x_wconf 87' lang='lat' dir='ltr'><strong>venerint,</strong></span> <span class='ocrx_word' id='word_1_373' title='bbox 1024 3815 1279 3885; x_wconf 92' lang='lat' dir='ltr'><strong>equidem</strong></span> <span class='ocrx_word' id='word_1_374' title='bbox 1328 3826 1577 3874; x_wconf 83' lang='lat' dir='ltr'><strong>statuere</strong></span> <span class='ocrx_word' id='word_1_375' title='bbox 1612 3834 1719 3875; x_wconf 92' lang='lat' dir='ltr'><strong>non</strong></span> <span class='ocrx_word' id='word_1_376' title='bbox 1750 3835 2006 3890; x_wconf 89' lang='lat' dir='ltr'><strong>possum;</strong></span> 
     </span>
    </p>
   </div>
   <div class='ocr_carea' id='block_1_53' title="bbox 429 3897 2010 3980">
    <p class='ocr_par' dir='ltr' id='par_1_53' title="bbox 429 3897 2010 3980">
     <span class='ocr_line' id='line_1_53' title="bbox 429 3897 2010 3980; baseline 0.009 -26"><span class='ocrx_word' id='word_1_377' title='bbox 429 3897 599 3970; x_wconf 79' lang='lat'><strong>550</strong></span> <span class='ocrx_word' id='word_1_378' title='bbox 622 3917 748 3958; x_wconf 81' lang='lat' dir='ltr'><strong>vere</strong></span> <span class='ocrx_word' id='word_1_379' title='bbox 777 3916 956 3959; x_wconf 88' lang='lat' dir='ltr'><strong>tamen</strong></span> <span class='ocrx_word' id='word_1_380' title='bbox 991 3906 1096 3962; x_wconf 84' lang='lat' dir='ltr'><strong>hoc</strong></span> <span class='ocrx_word' id='word_1_381' title='bbox 1126 3910 1482 3980; x_wconf 81' lang='lat' dir='ltr'><strong>pronuntiare</strong></span> <span class='ocrx_word' id='word_1_382' title='bbox 1509 3925 1754 3980; x_wconf 86' lang='lat' dir='ltr'><strong>possum,</strong></span> <span class='ocrx_word' id='word_1_383' title='bbox 1784 3927 2010 3968; x_wconf 84' lang='lat' dir='ltr'><strong>sexcen-</strong></span> 
     </span>
    </p>
   </div>
   <div class='ocr_carea' id='block_1_54' title="bbox 429 3993 2008 4069">
    <p class='ocr_par' dir='ltr' id='par_1_54' title="bbox 429 3993 2008 4069">
     <span class='ocr_line' id='line_1_54' title="bbox 429 3993 2008 4069; baseline 0.011 -23"><span class='ocrx_word' id='word_1_384' title='bbox 429 3993 501 4048; x_wconf 89' lang='lat' dir='ltr'><strong>tis</strong></span> <span class='ocrx_word' id='word_1_385' title='bbox 541 4003 837 4065; x_wconf 88' lang='lat' dir='ltr'><strong>antequam</strong></span> <span class='ocrx_word' id='word_1_386' title='bbox 870 3997 1024 4054; x_wconf 86' lang='lat' dir='ltr'><strong>Plato</strong></span> <span class='ocrx_word' id='word_1_387' title='bbox 1055 4013 1374 4058; x_wconf 89' lang='lat' dir='ltr'><strong>nasceretur</strong></span> <span class='ocrx_word' id='word_1_388' title='bbox 1412 4005 1592 4069; x_wconf 84' lang='lat' dir='ltr'><strong>annis,</strong></span> <span class='ocrx_word' id='word_1_389' title='bbox 1631 4003 1884 4062; x_wconf 59' lang='lat' dir='ltr'><strong>Hebraeos</strong></span> <span class='ocrx_word' id='word_1_390' title='bbox 1909 4009 2008 4063; x_wconf 87' lang='lat' dir='ltr'><strong>ho—</strong></span> 
     </span>
    </p>
   </div>
   <div class='ocr_carea' id='block_1_55' title="bbox 428 4085 2010 4166">
    <p class='ocr_par' dir='ltr' id='par_1_55' title="bbox 428 4085 2010 4166">
     <span class='ocr_line' id='line_1_55' title="bbox 428 4085 2010 4166; baseline 0.012 -29"><span class='ocrx_word' id='word_1_391' title='bbox 428 4085 606 4139; x_wconf 83' lang='lat' dir='ltr'><strong>mines</strong></span> <span class='ocrx_word' id='word_1_392' title='bbox 632 4085 685 4140; x_wconf 88' lang='lat' dir='ltr'><strong>id</strong></span> <span class='ocrx_word' id='word_1_393' title='bbox 714 4089 877 4142; x_wconf 91' lang='lat' dir='ltr'><strong>etiam</strong></span> <span class='ocrx_word' id='word_1_394' title='bbox 910 4090 1173 4148; x_wconf 65' lang='lat' dir='ltr'><strong>doctrinae</strong></span> <span class='ocrx_word' id='word_1_395' title='bbox 1195 4109 1364 4162; x_wconf 86' lang='lat' dir='ltr'><strong>genus</strong></span> <span class='ocrx_word' id='word_1_396' title='bbox 1390 4111 1512 4151; x_wconf 91' lang='lat' dir='ltr'><strong>esse</strong></span> <span class='ocrx_word' id='word_1_397' title='bbox 1538 4096 1835 4166; x_wconf 81' lang='lat' dir='ltr'><strong>professos.</strong></span> <span class='ocrx_word' id='word_1_398' title='bbox 1867 4099 2010 4156; x_wconf 84' lang='lat' dir='ltr'><strong>Sane</strong></span> 
     </span>
    </p>
   </div>
   <div class='ocr_carea' id='block_1_56' title="bbox 429 4175 2005 4259">
    <p class='ocr_par' dir='ltr' id='par_1_56' title="bbox 429 4175 2005 4259">
     <span class='ocr_line' id='line_1_56' title="bbox 429 4175 2005 4259; baseline 0.012 -30"><span class='ocrx_word' id='word_1_399' title='bbox 429 4175 649 4245; x_wconf 85' lang='lat' dir='ltr'><strong>quidem</strong></span> <span class='ocrx_word' id='word_1_400' title='bbox 690 4180 864 4236; x_wconf 86' lang='lat' dir='ltr'><strong>sacris</strong></span> <span class='ocrx_word' id='word_1_401' title='bbox 888 4196 1079 4238; x_wconf 92' lang='lat' dir='ltr'><strong>eorum</strong></span> <span class='ocrx_word' id='word_1_402' title='bbox 1123 4184 1318 4241; x_wconf 89' lang='lat' dir='ltr'><strong>litteris</strong></span> <span class='ocrx_word' id='word_1_403' title='bbox 1362 4188 1436 4242; x_wconf 90' lang='lat' dir='ltr'><strong>ita</strong></span> <span class='ocrx_word' id='word_1_404' title='bbox 1464 4190 1728 4257; x_wconf 87' lang='lat' dir='ltr'><strong>scriptum</strong></span> <span class='ocrx_word' id='word_1_405' title='bbox 1755 4192 2005 4259; x_wconf 89' lang='lat' dir='ltr'><strong>habetur,</strong></span> 
     </span>
    </p>
   </div>
   <div class='ocr_carea' id='block_1_57' title="bbox 434 4268 2008 4350">
    <p class='ocr_par' dir='ltr' id='par_1_57' title="bbox 434 4268 2008 4350">
     <span class='ocr_line' id='line_1_57' title="bbox 434 4268 2008 4350; baseline 0.011 -29"><span class='ocrx_word' id='word_1_406' title='bbox 434 4283 459 4319; x_wconf 93' lang='grc'><em>‹</em></span> <span class='ocrx_word' id='word_1_407' title='bbox 485 4268 622 4324; x_wconf 89' lang='lat' dir='ltr'><strong>Cum</strong></span> <span class='ocrx_word' id='word_1_408' title='bbox 647 4270 734 4326; x_wconf 92' lang='lat' dir='ltr'><strong>die</strong></span> <span class='ocrx_word' id='word_1_409' title='bbox 754 4273 988 4341; x_wconf 85' lang='lat' dir='ltr'><strong>quadam</strong></span> <span class='ocrx_word' id='word_1_410' title='bbox 1017 4279 1296 4332; x_wconf 87' lang='lat' dir='ltr'><strong>venissent</strong></span> <span class='ocrx_word' id='word_1_411' title='bbox 1322 4281 1497 4350; x_wconf 80' lang='lat' dir='ltr'><strong>angeli</strong></span> <span class='ocrx_word' id='word_1_412' title='bbox 1531 4280 1648 4348; x_wconf 89' lang='lat' dir='ltr'><strong>Dei,</strong></span> <span class='ocrx_word' id='word_1_413' title='bbox 1687 4295 1744 4338; x_wconf 91' lang='lat' dir='ltr'><strong>ut</strong></span> <span class='ocrx_word' id='word_1_414' title='bbox 1784 4286 2008 4340; x_wconf 80' lang='lat' dir='ltr'><strong>assiste-</strong></span> 
     </span>
    </p>
   </div>
   <div class='ocr_carea' id='block_1_58' title="bbox 2638 1720 3209 1787">
    <p class='ocr_par' dir='ltr' id='par_1_58' title="bbox 2638 1720 3209 1787">
     <span class='ocr_line' id='line_1_58' title="bbox 2638 1720 3209 1787; baseline 0.005 -16"><span class='ocrx_word' id='word_1_415' title='bbox 2638 1720 3033 1774; x_wconf 76' lang='grc' dir='ltr'><strong>ΚΕΦΑΛΑΙΟΝ</strong></span> <span class='ocrx_word' id='word_1_416' title='bbox 3065 1721 3209 1787; x_wconf 73' lang='lat' dir='ltr'><strong>Kq.</strong></span> 
     </span>
    </p>
   </div>
   <div class='ocr_carea' id='block_1_59' title="bbox 2205 1832 3641 1902">
    <p class='ocr_par' dir='ltr' id='par_1_59' title="bbox 2205 1832 3641 1902">
     <span class='ocr_line' id='line_1_59' title="bbox 2205 1832 3641 1902; baseline -0.002 -15"><span class='ocrx_word' id='word_1_417' title='bbox 2205 1833 2481 1902; x_wconf 76' lang='grc' dir='ltr'>Ἑϐραίων</span> <span class='ocrx_word' id='word_1_418' title='bbox 2509 1834 2610 1888; x_wconf 77' lang='grc' dir='ltr'>καὶ</span> <span class='ocrx_word' id='word_1_419' title='bbox 2646 1837 2987 1900; x_wconf 75' lang='grc' dir='ltr'>Πλάτωνος,</span> <span class='ocrx_word' id='word_1_420' title='bbox 3021 1832 3156 1901; x_wconf 77' lang='grc' dir='ltr'>περὶ</span> <span class='ocrx_word' id='word_1_421' title='bbox 3199 1835 3316 1886; x_wconf 76' lang='grc' dir='ltr'>τῶν</span> <span class='ocrx_word' id='word_1_422' title='bbox 3343 1833 3641 1886; x_wconf 66' lang='grc' dir='ltr'>ἐναντίω</span> 
     </span>
    </p>
   </div>
   <div class='ocr_carea' id='block_1_60' title="bbox 2700 1903 3034 1973">
    <p class='ocr_par' dir='ltr' id='par_1_60' title="bbox 2700 1903 3034 1973">
     <span class='ocr_line' id='line_1_60' title="bbox 2700 1903 3034 1973; baseline 0.003 -15"><span class='ocrx_word' id='word_1_423' title='bbox 2700 1903 3034 1973; x_wconf 78' lang='grc' dir='ltr'><strong>δυνάμεων.</strong></span> 
     </span>
    </p>
   </div>
   <div class='ocr_carea' id='block_1_61' title="bbox 2195 1993 3713 2070">
    <p class='ocr_par' dir='ltr' id='par_1_61' title="bbox 2195 1993 3713 2070">
     <span class='ocr_line' id='line_1_61' title="bbox 2195 1993 3713 2070; baseline -0.005 -20"><span class='ocrx_word' id='word_1_424' title='bbox 2195 1998 2316 2051; x_wconf 87' lang='grc' dir='ltr'><strong>Ἔτι</strong></span> <span class='ocrx_word' id='word_1_425' title='bbox 2373 1999 2512 2070; x_wconf 84' lang='grc' dir='ltr'>πρὸς</span> <span class='ocrx_word' id='word_1_426' title='bbox 2579 1997 2791 2061; x_wconf 76' lang='grc' dir='ltr'>τούτοις</span> <span class='ocrx_word' id='word_1_427' title='bbox 2817 1998 2845 2050; x_wconf 88' lang='lat'><strong>6</strong></span> <span class='ocrx_word' id='word_1_428' title='bbox 2877 1996 3104 2050; x_wconf 86' lang='grc' dir='ltr'>Πλάτων</span> <span class='ocrx_word' id='word_1_429' title='bbox 3151 1998 3263 2058; x_wconf 84' lang='grc' dir='ltr'>τοῖς</span> <span class='ocrx_word' id='word_1_430' title='bbox 3303 1994 3573 2066; x_wconf 88' lang='grc' dir='ltr'>Ἑϐραίων</span> <span class='ocrx_word' id='word_1_431' title='bbox 3616 1993 3713 2044; x_wconf 80' lang='grc' dir='ltr'><strong>ἑπ-</strong></span> 
     </span>
    </p>
   </div>
   <div class='ocr_carea' id='block_1_62' title="bbox 2118 2084 3709 2162">
    <p class='ocr_par' dir='ltr' id='par_1_62' title="bbox 2118 2084 3709 2162">
     <span class='ocr_line' id='line_1_62' title="bbox 2118 2084 3709 2162; baseline -0.004 -20"><span class='ocrx_word' id='word_1_432' title='bbox 2118 2088 2490 2162; x_wconf 85' lang='grc' dir='ltr'>ακολουθήσας</span> <span class='ocrx_word' id='word_1_433' title='bbox 2520 2089 2717 2159; x_wconf 89' lang='grc' dir='ltr'>λόγοις,</span> <span class='ocrx_word' id='word_1_434' title='bbox 2745 2091 2806 2142; x_wconf 84' lang='grc' dir='ltr'><strong>οὗ</strong></span> <span class='ocrx_word' id='word_1_435' title='bbox 2846 2089 3002 2160; x_wconf 84' lang='grc' dir='ltr'>μόνον</span> <span class='ocrx_word' id='word_1_436' title='bbox 3023 2087 3345 2158; x_wconf 82' lang='grc' dir='ltr'>ἀσωμάτους</span> <span class='ocrx_word' id='word_1_437' title='bbox 3374 2085 3471 2140; x_wconf 75' lang='grc' dir='ltr'>καὶ</span> <span class='ocrx_word' id='word_1_438' title='bbox 3495 2084 3709 2154; x_wconf 78' lang='grc' dir='ltr'>ἀγαθὰς</span> 
     </span>
    </p>
   </div>
   <div class='ocr_carea' id='block_1_63' title="bbox 2117 2169 3707 2250">
    <p class='ocr_par' dir='ltr' id='par_1_63' title="bbox 2117 2169 3707 2250">
     <span class='ocr_line' id='line_1_63' title="bbox 2117 2169 3707 2250; baseline -0.003 -19"><span class='ocrx_word' id='word_1_439' title='bbox 2117 2177 2394 2250; x_wconf 83' lang='grc' dir='ltr'>δυνάμεις,</span> <span class='ocrx_word' id='word_1_440' title='bbox 2448 2179 2588 2233; x_wconf 84' lang='grc' dir='ltr'>ἀλλὰ</span> <span class='ocrx_word' id='word_1_441' title='bbox 2636 2180 2729 2234; x_wconf 75' lang='grc' dir='ltr'><strong>καὶ</strong></span> <span class='ocrx_word' id='word_1_442' title='bbox 2785 2179 3036 2241; x_wconf 75' lang='grc' dir='ltr'>ἐναντίας</span> <span class='ocrx_word' id='word_1_443' title='bbox 3084 2178 3250 2248; x_wconf 67' lang='grc' dir='ltr'>φησὶν</span> <span class='ocrx_word' id='word_1_444' title='bbox 3281 2172 3442 2241; x_wconf 82' lang='grc' dir='ltr'>εἶναι,</span> <span class='ocrx_word' id='word_1_445' title='bbox 3494 2169 3600 2228; x_wconf 74' lang='grc' dir='ltr'><strong>ὦδέ</strong></span> <span class='ocrx_word' id='word_1_446' title='bbox 3628 2193 3707 2244; x_wconf 85' lang='grc' dir='ltr'><strong>πη</strong></span> 
     </span>
    </p>
   </div>
   <div class='ocr_carea' id='block_1_64' title="bbox 2117 2265 3707 2344">
    <p class='ocr_par' dir='ltr' id='par_1_64' title="bbox 2117 2265 3707 2344">
     <span class='ocr_line' id='line_1_64' title="bbox 2117 2265 3707 2344; baseline -0.007 -16"><span class='ocrx_word' id='word_1_447' title='bbox 2117 2274 2344 2343; x_wconf 82' lang='grc' dir='ltr'>γράφων</span> <span class='ocrx_word' id='word_1_448' title='bbox 2372 2275 2430 2326; x_wconf 84' lang='grc' dir='ltr'><strong>ὲν</strong></span> <span class='ocrx_word' id='word_1_449' title='bbox 2460 2272 2541 2344; x_wconf 83' lang='grc' dir='ltr'>τῷ</span> <span class='ocrx_word' id='word_1_450' title='bbox 2563 2272 2774 2343; x_wconf 78' lang='grc' dir='ltr'>δεκάτῳ</span> <span class='ocrx_word' id='word_1_451' title='bbox 2792 2271 2900 2324; x_wconf 90' lang='grc' dir='ltr'><strong>τῶν</strong></span> <span class='ocrx_word' id='word_1_452' title='bbox 2923 2271 3154 2340; x_wconf 70' lang='grc' dir='ltr'>Νόμων-ο</span> <span class='ocrx_word' id='word_1_453' title='bbox 3187 2287 3206 2321; x_wconf 83' lang='grc' dir='ltr'><strong>ι</strong></span> <span class='ocrx_word' id='word_1_454' title='bbox 3243 2269 3437 2340; x_wconf 81' lang='grc' dir='ltr'>Ψυχὴν</span> <span class='ocrx_word' id='word_1_455' title='bbox 3467 2265 3707 2320; x_wconf 81' lang='grc' dir='ltr'>διοικοῦ-</span> 
     </span>
    </p>
   </div>
   <div class='ocr_carea' id='block_1_65' title="bbox 2119 2353 3706 2434">
    <p class='ocr_par' dir='ltr' id='par_1_65' title="bbox 2119 2353 3706 2434">
     <span class='ocr_line' id='line_1_65' title="bbox 2119 2353 3706 2434; baseline -0.006 -18"><span class='ocrx_word' id='word_1_456' title='bbox 2119 2379 2217 2416; x_wconf 87' lang='grc' dir='ltr'>σαν</span> <span class='ocrx_word' id='word_1_457' title='bbox 2246 2362 2354 2434; x_wconf 89' lang='grc'><strong>(68)</strong></span> <span class='ocrx_word' id='word_1_458' title='bbox 2380 2362 2475 2415; x_wconf 73' lang='grc' dir='ltr'>καὶ</span> <span class='ocrx_word' id='word_1_459' title='bbox 2499 2359 2815 2416; x_wconf 72' lang='grc' dir='ltr'>ἐνοικοῦσαν</span> <span class='ocrx_word' id='word_1_460' title='bbox 2845 2361 2965 2423; x_wconf 85' lang='grc' dir='ltr'>τοϊς-</span> <span class='ocrx_word' id='word_1_461' title='bbox 3002 2357 3179 2428; x_wconf 88' lang='grc' dir='ltr'>πάντη</span> <span class='ocrx_word' id='word_1_462' title='bbox 3219 2357 3562 2428; x_wconf 82' lang='grc' dir='ltr'>κινουμένοις</span> <span class='ocrx_word' id='word_1_463' title='bbox 3591 2353 3706 2421; x_wconf 84' lang='grc'><strong>(69)</strong></span> 
     </span>
    </p>
   </div>
   <div class='ocr_carea' id='block_1_66' title="bbox 2117 2446 3712 2524">
    <p class='ocr_par' dir='ltr' id='par_1_66' title="bbox 2117 2446 3712 2524">
     <span class='ocr_line' id='line_1_66' title="bbox 2117 2446 3712 2524; baseline -0.008 -14"><span class='ocrx_word' id='word_1_464' title='bbox 2117 2456 2236 2520; x_wconf 92' lang='grc' dir='ltr'><strong>πῶς</strong></span> <span class='ocrx_word' id='word_1_465' title='bbox 2272 2453 2334 2509; x_wconf 79' lang='grc' dir='ltr'><strong>ού</strong></span> <span class='ocrx_word' id='word_1_466' title='bbox 2377 2455 2473 2509; x_wconf 75' lang='grc' dir='ltr'>καὶ</span> <span class='ocrx_word' id='word_1_467' title='bbox 2510 2454 2602 2506; x_wconf 78' lang='grc' dir='ltr'><strong>τὸν</strong></span> <span class='ocrx_word' id='word_1_468' title='bbox 2639 2451 2866 2524; x_wconf 79' lang='grc' dir='ltr'>ούρανδν</span> <span class='ocrx_word' id='word_1_469' title='bbox 2894 2451 3105 2519; x_wconf 79' lang='grc' dir='ltr'>ἀνάγκη</span> <span class='ocrx_word' id='word_1_470' title='bbox 3143 2449 3364 2502; x_wconf 85' lang='grc' dir='ltr'>διοικεῖν</span> <span class='ocrx_word' id='word_1_471' title='bbox 3397 2448 3602 2516; x_wconf 83' lang='grc' dir='ltr'>φάναι;</span> <span class='ocrx_word' id='word_1_472' title='bbox 3639 2446 3712 2498; x_wconf 86' lang='grc' dir='ltr'>Τί</span> 
     </span>
    </p>
   </div>
   <div class='ocr_carea' id='block_1_67' title="bbox 2121 2538 3707 2618">
    <p class='ocr_par' dir='ltr' id='par_1_67' title="bbox 2121 2538 3707 2618">
     <span class='ocr_line' id='line_1_67' title="bbox 2121 2538 3707 2618; baseline -0.006 -17"><span class='ocrx_word' id='word_1_473' title='bbox 2121 2549 2258 2618; x_wconf 83' lang='grc' dir='ltr'>μήν;</span> <span class='ocrx_word' id='word_1_474' title='bbox 2299 2545 2503 2617; x_wconf 84' lang='grc' dir='ltr'>μίαν,ἢ</span> <span class='ocrx_word' id='word_1_475' title='bbox 2534 2544 2787 2607; x_wconf 84' lang='grc' dir='ltr'>πλείους;</span> <span class='ocrx_word' id='word_1_476' title='bbox 2817 2541 3063 2605; x_wconf 88' lang='grc' dir='ltr'>Πλείους,</span> <span class='ocrx_word' id='word_1_477' title='bbox 3090 2540 3200 2609; x_wconf 77' lang='grc' dir='ltr'><strong>ἐγὼ</strong></span> <span class='ocrx_word' id='word_1_478' title='bbox 3229 2540 3369 2609; x_wconf 79' lang='grc' dir='ltr'>ὑπὲρ</span> <span class='ocrx_word' id='word_1_479' title='bbox 3395 2538 3548 2607; x_wconf 72' lang='grc' dir='ltr'>σφῶν</span> <span class='ocrx_word' id='word_1_480' title='bbox 3570 2539 3707 2592; x_wconf 79' lang='grc' dir='ltr'>ἀπο-</span> 
     </span>
    </p>
   </div>
   <div class='ocr_carea' id='block_1_68' title="bbox 2116 2629 3704 2710">
    <p class='ocr_par' dir='ltr' id='par_1_68' title="bbox 2116 2629 3704 2710">
     <span class='ocr_line' id='line_1_68' title="bbox 2116 2629 3704 2710; baseline -0.006 -19"><span class='ocrx_word' id='word_1_481' title='bbox 2116 2636 2426 2710; x_wconf 82' lang='grc' dir='ltr'>κρινοῦμαι.</span> <span class='ocrx_word' id='word_1_482' title='bbox 2477 2637 2632 2688; x_wconf 87' lang='grc' dir='ltr'><strong>Δυοῖν</strong></span> <span class='ocrx_word' id='word_1_483' title='bbox 2678 2635 2776 2706; x_wconf 84' lang='grc' dir='ltr'>μέν</span> <span class='ocrx_word' id='word_1_484' title='bbox 2831 2651 2933 2688; x_wconf 91' lang='grc' dir='ltr'><strong>που</strong></span> <span class='ocrx_word' id='word_1_485' title='bbox 2980 2633 3200 2685; x_wconf 78' lang='grc' dir='ltr'>ἔλαττον</span> <span class='ocrx_word' id='word_1_486' title='bbox 3239 2630 3406 2701; x_wconf 75' lang='grc' dir='ltr'>μηδὲν</span> <span class='ocrx_word' id='word_1_487' title='bbox 3437 2629 3704 2701; x_wconf 81' lang='grc' dir='ltr'>τιθῶμεν,</span> 
     </span>
    </p>
   </div>
   <div class='ocr_carea' id='block_1_69' title="bbox 2115 2721 3704 2801">
    <p class='ocr_par' dir='ltr' id='par_1_69' title="bbox 2115 2721 3704 2801">
     <span class='ocr_line' id='line_1_69' title="bbox 2115 2721 3704 2801; baseline -0.006 -18"><span class='ocrx_word' id='word_1_488' title='bbox 2115 2731 2216 2799; x_wconf 78' lang='grc' dir='ltr'>τῆς</span> <span class='ocrx_word' id='word_1_489' title='bbox 2245 2747 2305 2782; x_wconf 88' lang='grc' dir='ltr'><strong>τε</strong></span> <span class='ocrx_word' id='word_1_490' title='bbox 2338 2727 2676 2801; x_wconf 80' lang='grc' dir='ltr'>εὐεργέτιδος</span> <span class='ocrx_word' id='word_1_491' title='bbox 2708 2727 2801 2782; x_wconf 69' lang='grc' dir='ltr'><strong>καὶ</strong></span> <span class='ocrx_word' id='word_1_492' title='bbox 2821 2727 2923 2797; x_wconf 81' lang='grc' dir='ltr'>τῆς</span> <span class='ocrx_word' id='word_1_493' title='bbox 2937 2723 3194 2779; x_wconf 90' lang='grc' dir='ltr'>τάναντία</span> <span class='ocrx_word' id='word_1_494' title='bbox 3223 2721 3534 2794; x_wconf 81' lang='grc' dir='ltr'>δυναμένης</span> <span class='ocrx_word' id='word_1_495' title='bbox 3554 2722 3704 2793; x_wconf 77' lang='grc' dir='ltr'>ἐξερ-</span> 
     </span>
    </p>
   </div>
   <div class='ocr_carea' id='block_1_70' title="bbox 2116 2813 3698 2890">
    <p class='ocr_par' dir='ltr' id='par_1_70' title="bbox 2116 2813 3698 2890">
     <span class='ocr_line' id='line_1_70' title="bbox 2116 2813 3698 2890; baseline -0.006 -15"><span class='ocrx_word' id='word_1_496' title='bbox 2116 2820 2398 2890; x_wconf 77' lang='grc' dir='ltr'>γάζεσθαι.</span> <span class='ocrx_word' id='word_1_497' title='bbox 2442 2841 2460 2873; x_wconf 70' lang='grc' dir='ltr'><strong>ι</strong></span> <span class='ocrx_word' id='word_1_498' title='bbox 2490 2817 2603 2874; x_wconf 77' lang='grc' dir='ltr'><strong>Εἶθ’</strong></span> <span class='ocrx_word' id='word_1_499' title='bbox 2637 2819 2846 2882; x_wconf 81' lang='grc' dir='ltr'>ὑποϐάς</span> <span class='ocrx_word' id='word_1_500' title='bbox 2875 2833 3068 2889; x_wconf 80' lang='grc' dir='ltr'>φησιν·</span> <span class='ocrx_word' id='word_1_501' title='bbox 3112 2835 3132 2867; x_wconf 76' lang='grc' dir='ltr'><strong>ι</strong></span> <span class='ocrx_word' id='word_1_502' title='bbox 3179 2813 3397 2885; x_wconf 85' lang='grc' dir='ltr'>Ἐπειδὴ</span> <span class='ocrx_word' id='word_1_503' title='bbox 3444 2813 3558 2884; x_wconf 82' lang='grc' dir='ltr'><strong>γάρ</strong></span> <span class='ocrx_word' id='word_1_504' title='bbox 3592 2814 3698 2885; x_wconf 82' lang='grc' dir='ltr'>(Ἱθ)</span> 
     </span>
    </p>
   </div>
   <div class='ocr_carea' id='block_1_71' title="bbox 2119 2904 3700 2984">
    <p class='ocr_par' dir='ltr' id='par_1_71' title="bbox 2119 2904 3700 2984">
     <span class='ocr_line' id='line_1_71' title="bbox 2119 2904 3700 2984; baseline -0.006 -19"><span class='ocrx_word' id='word_1_505' title='bbox 2119 2913 2578 2984; x_wconf 85' lang='grc' dir='ltr'>συνεχωρήσαμεν</span> <span class='ocrx_word' id='word_1_506' title='bbox 2627 2913 2758 2982; x_wconf 78' lang='grc' dir='ltr'>ἡμῖν</span> <span class='ocrx_word' id='word_1_507' title='bbox 2789 2910 2972 2973; x_wconf 81' lang='grc' dir='ltr'>αὐτοῖς</span> <span class='ocrx_word' id='word_1_508' title='bbox 3003 2904 3141 2960; x_wconf 73' lang='grc' dir='ltr'>εἶναι</span> <span class='ocrx_word' id='word_1_509' title='bbox 3203 2905 3304 2978; x_wconf 83' lang='grc' dir='ltr'>μὲν</span> <span class='ocrx_word' id='word_1_510' title='bbox 3335 2905 3427 2958; x_wconf 81' lang='grc' dir='ltr'>τὸν</span> <span class='ocrx_word' id='word_1_511' title='bbox 3473 2906 3700 2977; x_wconf 72' lang='grc' dir='ltr'>οὐρανὸν</span> 
     </span>
    </p>
   </div>
   <div class='ocr_carea' id='block_1_72' title="bbox 2119 2997 3696 3074">
    <p class='ocr_par' dir='ltr' id='par_1_72' title="bbox 2119 2997 3696 3074">
     <span class='ocr_line' id='line_1_72' title="bbox 2119 2997 3696 3074; baseline -0.006 -17"><span class='ocrx_word' id='word_1_512' title='bbox 2119 3003 2332 3057; x_wconf 84' lang='grc' dir='ltr'>πολλῶν</span> <span class='ocrx_word' id='word_1_513' title='bbox 2369 3004 2564 3074; x_wconf 84' lang='grc' dir='ltr'>μεστὸν</span> <span class='ocrx_word' id='word_1_514' title='bbox 2596 3002 2836 3072; x_wconf 82' lang='grc' dir='ltr'>ἀγαθῶν,</span> <span class='ocrx_word' id='word_1_515' title='bbox 2868 2997 3007 3054; x_wconf 78' lang='grc' dir='ltr'>εἶναι</span> <span class='ocrx_word' id='word_1_516' title='bbox 3041 3001 3098 3054; x_wconf 87' lang='grc' dir='ltr'>δὲ</span> <span class='ocrx_word' id='word_1_517' title='bbox 3132 3000 3227 3053; x_wconf 77' lang='grc' dir='ltr'>καὶ</span> <span class='ocrx_word' id='word_1_518' title='bbox 3260 2998 3368 3052; x_wconf 88' lang='grc' dir='ltr'><strong>τῶν</strong></span> <span class='ocrx_word' id='word_1_519' title='bbox 3417 2997 3696 3057; x_wconf 74' lang='grc' dir='ltr'>ἐναντίων,</span> 
     </span>
    </p>
   </div>
   <div class='ocr_carea' id='block_1_73' title="bbox 2121 3088 3696 3164">
    <p class='ocr_par' dir='ltr' id='par_1_73' title="bbox 2121 3088 3696 3164">
     <span class='ocr_line' id='line_1_73' title="bbox 2121 3088 3696 3164; baseline -0.005 -17"><span class='ocrx_word' id='word_1_520' title='bbox 2121 3094 2376 3148; x_wconf 89' lang='grc' dir='ltr'>πλειόνων</span> <span class='ocrx_word' id='word_1_521' title='bbox 2397 3094 2453 3146; x_wconf 78' lang='grc' dir='ltr'>δὲ</span> <span class='ocrx_word' id='word_1_522' title='bbox 2485 3093 2591 3147; x_wconf 87' lang='grc' dir='ltr'><strong>τῶν</strong></span> <span class='ocrx_word' id='word_1_523' title='bbox 2629 3093 2703 3164; x_wconf 83' lang='grc' dir='ltr'>μὴ</span> <span class='ocrx_word' id='word_1_524' title='bbox 2731 3092 2842 3162; x_wconf 80' lang='grc'><strong>(71)</strong></span> <span class='ocrx_word' id='word_1_525' title='bbox 2883 3091 3028 3162; x_wconf 82' lang='grc' dir='ltr'><strong>μάχη</strong></span> <span class='ocrx_word' id='word_1_526' title='bbox 3058 3090 3142 3162; x_wconf 84' lang='grc' dir='ltr'>δὴ,</span> <span class='ocrx_word' id='word_1_527' title='bbox 3186 3090 3366 3160; x_wconf 85' lang='grc' dir='ltr'>φαμέν</span> <span class='ocrx_word' id='word_1_528' title='bbox 3387 3107 3400 3119; x_wconf 87' lang='grc'><strong>·</strong></span> <span class='ocrx_word' id='word_1_529' title='bbox 3434 3088 3696 3149; x_wconf 79' lang='grc' dir='ltr'>ἀθάνατός</span> 
     </span>
    </p>
   </div>
   <div class='ocr_carea' id='block_1_74' title="bbox 2119 3179 3691 3256">
    <p class='ocr_par' dir='ltr' id='par_1_74' title="bbox 2119 3179 3691 3256">
     <span class='ocr_line' id='line_1_74' title="bbox 2119 3179 3691 3256; baseline -0.004 -20"><span class='ocrx_word' id='word_1_530' title='bbox 2119 3185 2231 3238; x_wconf 82' lang='grc' dir='ltr'>ἐσθ’</span> <span class='ocrx_word' id='word_1_531' title='bbox 2279 3184 2591 3256; x_wconf 78' lang='grc' dir='ltr'>ἡτοιαύτη,</span> <span class='ocrx_word' id='word_1_532' title='bbox 2649 3184 2742 3236; x_wconf 72' lang='grc' dir='ltr'><strong>καὶ</strong></span> <span class='ocrx_word' id='word_1_533' title='bbox 2787 3182 3036 3252; x_wconf 81' lang='grc' dir='ltr'>φυλακῆς</span> <span class='ocrx_word' id='word_1_534' title='bbox 3076 3180 3397 3251; x_wconf 76' lang='grc' dir='ltr'>θαυμαστῆς</span> <span class='ocrx_word' id='word_1_535' title='bbox 3447 3179 3691 3248; x_wconf 76' lang='grc' dir='ltr'>δεομένη.</span> 
     </span>
    </p>
   </div>
   <div class='ocr_carea' id='block_1_75' title="bbox 2117 3265 3693 3349">
    <p class='ocr_par' dir='ltr' id='par_1_75' title="bbox 2117 3265 3693 3349">
     <span class='ocr_line' id='line_1_75' title="bbox 2117 3265 3693 3349; baseline -0.006 -17"><span class='ocrx_word' id='word_1_536' title='bbox 2117 3276 2406 3349; x_wconf 89' lang='grc' dir='ltr'>Ξύμμαχοι</span> <span class='ocrx_word' id='word_1_537' title='bbox 2439 3277 2496 3330; x_wconf 85' lang='grc' dir='ltr'>δὲ</span> <span class='ocrx_word' id='word_1_538' title='bbox 2525 3279 2656 3348; x_wconf 85' lang='grc' dir='ltr'>ἡμῖν</span> <span class='ocrx_word' id='word_1_539' title='bbox 2683 3275 2793 3329; x_wconf 86' lang='grc' dir='ltr'>θεοί</span> <span class='ocrx_word' id='word_1_540' title='bbox 2825 3293 2884 3328; x_wconf 88' lang='grc' dir='ltr'><strong>τε</strong></span> <span class='ocrx_word' id='word_1_541' title='bbox 2918 3275 3012 3327; x_wconf 69' lang='grc' dir='ltr'>καὶ</span> <span class='ocrx_word' id='word_1_542' title='bbox 3037 3273 3324 3343; x_wconf 81' lang='grc' dir='ltr'>δαίμονες,</span> <span class='ocrx_word' id='word_1_543' title='bbox 3363 3273 3528 3341; x_wconf 79' lang='grc' dir='ltr'>ἡμεῖς</span> <span class='ocrx_word' id='word_1_544' title='bbox 3551 3270 3598 3324; x_wconf 79' lang='grc' dir='ltr'>δ’</span> <span class='ocrx_word' id='word_1_545' title='bbox 3631 3265 3693 3323; x_wconf 79' lang='grc' dir='ltr'>αὖ</span> 
     </span>
    </p>
   </div>
   <div class='ocr_carea' id='block_1_76' title="bbox 2117 3359 3696 3440">
    <p class='ocr_par' dir='ltr' id='par_1_76' title="bbox 2117 3359 3696 3440">
     <span class='ocr_line' id='line_1_76' title="bbox 2117 3359 3696 3440; baseline -0.008 -16"><span class='ocrx_word' id='word_1_546' title='bbox 2117 3373 2370 3440; x_wconf 86' lang='grc' dir='ltr'>κτήματα</span> <span class='ocrx_word' id='word_1_547' title='bbox 2401 3367 2538 3423; x_wconf 84' lang='grc' dir='ltr'>θεῶν</span> <span class='ocrx_word' id='word_1_548' title='bbox 2565 3367 2661 3420; x_wconf 75' lang='grc' dir='ltr'>καὶ</span> <span class='ocrx_word' id='word_1_549' title='bbox 2681 3365 2969 3436; x_wconf 81' lang='grc' dir='ltr'>δαιμόνων.</span> <span class='ocrx_word' id='word_1_550' title='bbox 3015 3383 3034 3416; x_wconf 73' lang='grc' dir='ltr'><strong>ι</strong></span> <span class='ocrx_word' id='word_1_551' title='bbox 3082 3363 3253 3416; x_wconf 82' lang='grc' dir='ltr'>Πόθεν</span> <span class='ocrx_word' id='word_1_552' title='bbox 3278 3363 3373 3416; x_wconf 82' lang='grc' dir='ltr'>καὶ</span> <span class='ocrx_word' id='word_1_553' title='bbox 3401 3360 3580 3414; x_wconf 86' lang='grc' dir='ltr'>ταῦτα</span> <span class='ocrx_word' id='word_1_554' title='bbox 3624 3359 3696 3429; x_wconf 81' lang='grc' dir='ltr'>τῷ</span> 
     </span>
    </p>
   </div>
   <div class='ocr_carea' id='block_1_77' title="bbox 2116 3452 3698 3530">
    <p class='ocr_par' dir='ltr' id='par_1_77' title="bbox 2116 3452 3698 3530">
     <span class='ocr_line' id='line_1_77' title="bbox 2116 3452 3698 3530; baseline -0.008 -14"><span class='ocrx_word' id='word_1_555' title='bbox 2116 3464 2387 3525; x_wconf 85' lang='grc' dir='ltr'>Πλάτωνι,</span> <span class='ocrx_word' id='word_1_556' title='bbox 2420 3459 2530 3530; x_wconf 79' lang='grc' dir='ltr'><strong>ἐγὼ</strong></span> <span class='ocrx_word' id='word_1_557' title='bbox 2573 3459 2670 3530; x_wconf 82' lang='grc' dir='ltr'>μὲν</span> <span class='ocrx_word' id='word_1_558' title='bbox 2701 3460 2801 3512; x_wconf 77' lang='grc' dir='ltr'>οὐκ</span> <span class='ocrx_word' id='word_1_559' title='bbox 2832 3458 2898 3512; x_wconf 84' lang='grc' dir='ltr'>ἂν</span> <span class='ocrx_word' id='word_1_560' title='bbox 2946 3457 3125 3526; x_wconf 80' lang='grc' dir='ltr'>ἔχοιμι</span> <span class='ocrx_word' id='word_1_561' title='bbox 3165 3453 3426 3526; x_wconf 64' lang='grc' dir='ltr'>φράζεινδ</span> <span class='ocrx_word' id='word_1_562' title='bbox 3457 3454 3487 3506; x_wconf 82' lang='grc' dir='ltr'><strong>ὃ</strong></span> <span class='ocrx_word' id='word_1_563' title='bbox 3514 3453 3562 3506; x_wconf 76' lang='grc' dir='ltr'>δ’</span> <span class='ocrx_word' id='word_1_564' title='bbox 3596 3452 3698 3522; x_wconf 78' lang='grc' dir='ltr'><strong>ἔχω</strong></span> 
     </span>
    </p>
   </div>
   <div class='ocr_carea' id='block_1_78' title="bbox 2116 3545 3697 3624">
    <p class='ocr_par' dir='ltr' id='par_1_78' title="bbox 2116 3545 3697 3624">
     <span class='ocr_line' id='line_1_78' title="bbox 2116 3545 3697 3624; baseline -0.008 -17"><span class='ocrx_word' id='word_1_565' title='bbox 2116 3556 2281 3624; x_wconf 82' lang='grc' dir='ltr'>φάναι</span> <span class='ocrx_word' id='word_1_566' title='bbox 2323 3552 2540 3624; x_wconf 84' lang='grc' dir='ltr'>ἀληθὲς,</span> <span class='ocrx_word' id='word_1_567' title='bbox 2575 3551 2788 3622; x_wconf 82' lang='grc' dir='ltr'>μυρίοις</span> <span class='ocrx_word' id='word_1_568' title='bbox 2829 3548 3068 3620; x_wconf 86' lang='grc' dir='ltr'>πρόσθεν</span> <span class='ocrx_word' id='word_1_569' title='bbox 3105 3547 3138 3616; x_wconf 83' lang='grc' dir='ltr'><strong>ἢ</strong></span> <span class='ocrx_word' id='word_1_570' title='bbox 3191 3546 3456 3599; x_wconf 85' lang='grc' dir='ltr'>Πλάτωνα</span> <span class='ocrx_word' id='word_1_571' title='bbox 3488 3545 3697 3615; x_wconf 82' lang='grc' dir='ltr'>χρόνοις</span> 
     </span>
    </p>
   </div>
   <div class='ocr_carea' id='block_1_79' title="bbox 2113 3635 3697 3715">
    <p class='ocr_par' dir='ltr' id='par_1_79' title="bbox 2113 3635 3697 3715">
     <span class='ocr_line' id='line_1_79' title="bbox 2113 3635 3697 3715; baseline -0.007 -17"><span class='ocrx_word' id='word_1_572' title='bbox 2113 3645 2368 3715; x_wconf 78' lang='grc' dir='ltr'>γενέσθαι</span> <span class='ocrx_word' id='word_1_573' title='bbox 2395 3685 2410 3709; x_wconf 95' lang='grc'><strong>,</strong></span> <span class='ocrx_word' id='word_1_574' title='bbox 2462 3645 2556 3697; x_wconf 77' lang='grc' dir='ltr'>καὶ</span> <span class='ocrx_word' id='word_1_575' title='bbox 2597 3641 2745 3696; x_wconf 92' lang='grc' dir='ltr'>τοῦθ’</span> <span class='ocrx_word' id='word_1_576' title='bbox 2801 3641 3074 3712; x_wconf 86' lang='grc' dir='ltr'>Ἑϐραίοις</span> <span class='ocrx_word' id='word_1_577' title='bbox 3135 3637 3592 3709; x_wconf 81' lang='grc' dir='ltr'>ἀνωμολογῆσθαι</span> <span class='ocrx_word' id='word_1_578' title='bbox 3637 3635 3697 3687; x_wconf 73' lang='grc' dir='ltr'><strong>τὸ</strong></span> 
     </span>
    </p>
   </div>
   <div class='ocr_carea' id='block_1_80' title="bbox 2111 3721 3695 3808">
    <p class='ocr_par' dir='ltr' id='par_1_80' title="bbox 2111 3721 3695 3808">
     <span class='ocr_line' id='line_1_80' title="bbox 2111 3721 3695 3808; baseline -0.009 -17"><span class='ocrx_word' id='word_1_579' title='bbox 2111 3737 2309 3808; x_wconf 89' lang='grc' dir='ltr'>δόγμα.</span> <span class='ocrx_word' id='word_1_580' title='bbox 2337 3735 2498 3803; x_wconf 83' lang='grc' dir='ltr'>Αέγει</span> <span class='ocrx_word' id='word_1_581' title='bbox 2524 3733 2568 3786; x_wconf 73' lang='grc' dir='ltr'>δ’</span> <span class='ocrx_word' id='word_1_582' title='bbox 2595 3729 2688 3786; x_wconf 82' lang='grc' dir='ltr'>οὖν</span> <span class='ocrx_word' id='word_1_583' title='bbox 2721 3736 2753 3803; x_wconf 80' lang='grc' dir='ltr'>ἡ</span> <span class='ocrx_word' id='word_1_584' title='bbox 2784 3735 2918 3804; x_wconf 87' lang='grc' dir='ltr'>παρ’</span> <span class='ocrx_word' id='word_1_585' title='bbox 2956 3732 3140 3793; x_wconf 85' lang='grc' dir='ltr'>αὐτοῖς</span> <span class='ocrx_word' id='word_1_586' title='bbox 3170 3730 3360 3800; x_wconf 74' lang='grc' dir='ltr'>Γραφὴ</span> <span class='ocrx_word' id='word_1_587' title='bbox 3383 3745 3396 3758; x_wconf 89' lang='grc'><strong>·</strong></span> <span class='ocrx_word' id='word_1_588' title='bbox 3444 3748 3463 3778; x_wconf 80' lang='grc' dir='ltr'><strong>ι</strong></span> <span class='ocrx_word' id='word_1_589' title='bbox 3496 3728 3607 3781; x_wconf 76' lang='grc' dir='ltr'><strong>Καὶ</strong></span> <span class='ocrx_word' id='word_1_590' title='bbox 3631 3721 3695 3796; x_wconf 72' lang='grc' dir='ltr'><strong>ἦν</strong></span> 
     </span>
    </p>
   </div>
   <div class='ocr_carea' id='block_1_81' title="bbox 2112 3819 3698 3899">
    <p class='ocr_par' dir='ltr' id='par_1_81' title="bbox 2112 3819 3698 3899">
     <span class='ocr_line' id='line_1_81' title="bbox 2112 3819 3698 3899; baseline -0.007 -17"><span class='ocrx_word' id='word_1_591' title='bbox 2112 3830 2188 3892; x_wconf 87' lang='grc' dir='ltr'>ὼς</span> <span class='ocrx_word' id='word_1_592' title='bbox 2211 3831 2244 3899; x_wconf 82' lang='grc' dir='ltr'>ἡ</span> <span class='ocrx_word' id='word_1_593' title='bbox 2272 3827 2454 3899; x_wconf 82' lang='grc' dir='ltr'>ἡμέρα</span> <span class='ocrx_word' id='word_1_594' title='bbox 2479 3825 2640 3896; x_wconf 76' lang='grc' dir='ltr'>αὕτη,</span> <span class='ocrx_word' id='word_1_595' title='bbox 2668 3826 2762 3878; x_wconf 80' lang='grc' dir='ltr'>καὶ</span> <span class='ocrx_word' id='word_1_596' title='bbox 2780 3821 2943 3896; x_wconf 87' lang='grc' dir='ltr'>ἦλθον</span> <span class='ocrx_word' id='word_1_597' title='bbox 2965 3826 3011 3877; x_wconf 89' lang='grc' dir='ltr'>οἱ</span> <span class='ocrx_word' id='word_1_598' title='bbox 3039 3823 3257 3891; x_wconf 82' lang='grc' dir='ltr'>ἄγγελοι</span> <span class='ocrx_word' id='word_1_599' title='bbox 3290 3820 3384 3874; x_wconf 90' lang='grc' dir='ltr'><strong>τοῦ</strong></span> <span class='ocrx_word' id='word_1_600' title='bbox 3426 3819 3565 3873; x_wconf 87' lang='grc' dir='ltr'>Θεοῦ</span> <span class='ocrx_word' id='word_1_601' title='bbox 3595 3835 3698 3872; x_wconf 78' lang='grc' dir='ltr'>πα·-</span> 
     </span>
    </p>
   </div>
   <div class='ocr_carea' id='block_1_82' title="bbox 2115 3908 3696 3992">
    <p class='ocr_par' dir='ltr' id='par_1_82' title="bbox 2115 3908 3696 3992">
     <span class='ocr_line' id='line_1_82' title="bbox 2115 3908 3696 3992; baseline -0.008 -18"><span class='ocrx_word' id='word_1_602' title='bbox 2115 3921 2376 3992; x_wconf 80' lang='grc' dir='ltr'>ραστῆναι</span> <span class='ocrx_word' id='word_1_603' title='bbox 2399 3917 2628 3972; x_wconf 80' lang='grc' dir='ltr'>ἐνώπιον</span> <span class='ocrx_word' id='word_1_604' title='bbox 2660 3916 2755 3970; x_wconf 87' lang='grc' dir='ltr'><strong>τοῦ</strong></span> <span class='ocrx_word' id='word_1_605' title='bbox 2789 3916 2945 3970; x_wconf 89' lang='grc' dir='ltr'>Θεοῦ.</span> <span class='ocrx_word' id='word_1_606' title='bbox 2974 3917 3086 3969; x_wconf 75' lang='grc' dir='ltr'><strong>Καὶ</strong></span> <span class='ocrx_word' id='word_1_607' title='bbox 3112 3918 3140 3968; x_wconf 87' lang='grc' dir='ltr'>ὁ</span> <span class='ocrx_word' id='word_1_608' title='bbox 3167 3913 3412 3976; x_wconf 84' lang='grc' dir='ltr'>διάϐολος</span> <span class='ocrx_word' id='word_1_609' title='bbox 3449 3908 3612 3983; x_wconf 75' lang='grc' dir='ltr'>ἦλθεν</span> <span class='ocrx_word' id='word_1_610' title='bbox 3638 3912 3696 3962; x_wconf 83' lang='grc' dir='ltr'><strong>ὲν</strong></span> 
     </span>
    </p>
   </div>
   <div class='ocr_carea' id='block_1_83' title="bbox 2114 4007 3702 4082">
    <p class='ocr_par' dir='ltr' id='par_1_83' title="bbox 2114 4007 3702 4082">
     <span class='ocr_line' id='line_1_83' title="bbox 2114 4007 3702 4082; baseline -0.004 -18"><span class='ocrx_word' id='word_1_611' title='bbox 2114 4012 2264 4082; x_wconf 84' lang='grc' dir='ltr'>μέσῳ</span> <span class='ocrx_word' id='word_1_612' title='bbox 2287 4010 2486 4075; x_wconf 83' lang='grc' dir='ltr'>αὐτῶν,</span> <span class='ocrx_word' id='word_1_613' title='bbox 2517 4007 2816 4080; x_wconf 75' lang='grc' dir='ltr'>περιελθὼν</span> <span class='ocrx_word' id='word_1_614' title='bbox 2845 4009 2944 4080; x_wconf 81' lang='grc' dir='ltr'>τὴν</span> <span class='ocrx_word' id='word_1_615' title='bbox 2970 4009 3073 4078; x_wconf 82' lang='grc' dir='ltr'>γῆν</span> <span class='ocrx_word' id='word_1_616' title='bbox 3112 4008 3207 4061; x_wconf 81' lang='grc' dir='ltr'>καὶ</span> <span class='ocrx_word' id='word_1_617' title='bbox 3236 4007 3702 4077; x_wconf 82' lang='grc' dir='ltr'>ἐμπεριπατήσας</span> 
     </span>
    </p>
   </div>
   <div class='ocr_carea' id='block_1_84' title="bbox 2109 4098 3695 4174">
    <p class='ocr_par' dir='ltr' id='par_1_84' title="bbox 2109 4098 3695 4174">
     <span class='ocr_line' id='line_1_84' title="bbox 2109 4098 3695 4174; baseline -0.004 -18"><span class='ocrx_word' id='word_1_618' title='bbox 2109 4105 2278 4174; x_wconf 83' lang='grc' dir='ltr'>αὑτήν</span> <span class='ocrx_word' id='word_1_619' title='bbox 2296 4120 2310 4134; x_wconf 80' lang='grc'><strong>’</strong></span> <span class='ocrx_word' id='word_1_620' title='bbox 2335 4123 2352 4155; x_wconf 82' lang='grc'><strong>›</strong></span> <span class='ocrx_word' id='word_1_621' title='bbox 2382 4101 2625 4156; x_wconf 86' lang='grc' dir='ltr'>διάϐολον</span> <span class='ocrx_word' id='word_1_622' title='bbox 2651 4102 2747 4173; x_wconf 85' lang='grc' dir='ltr'>μὲν</span> <span class='ocrx_word' id='word_1_623' title='bbox 2764 4101 2864 4172; x_wconf 82' lang='grc' dir='ltr'>τὴν</span> <span class='ocrx_word' id='word_1_624' title='bbox 2884 4100 3132 4155; x_wconf 82' lang='grc' dir='ltr'>ἐναντίαν</span> <span class='ocrx_word' id='word_1_625' title='bbox 3152 4098 3403 4168; x_wconf 89' lang='grc' dir='ltr'>δύναμιν,</span> <span class='ocrx_word' id='word_1_626' title='bbox 3428 4098 3695 4166; x_wconf 79' lang='grc' dir='ltr'>ἀγγέλους</span> 
     </span>
    </p>
   </div>
   <div class='ocr_carea' id='block_1_85' title="bbox 2108 4189 3698 4264">
    <p class='ocr_par' dir='ltr' id='par_1_85' title="bbox 2108 4189 3698 4264">
     <span class='ocr_line' id='line_1_85' title="bbox 2108 4189 3698 4264; baseline -0.004 -16"><span class='ocrx_word' id='word_1_627' title='bbox 2108 4197 2165 4248; x_wconf 78' lang='grc' dir='ltr'>δὲ</span> <span class='ocrx_word' id='word_1_628' title='bbox 2183 4194 2316 4248; x_wconf 85' lang='grc' dir='ltr'>Θεοῦ</span> <span class='ocrx_word' id='word_1_629' title='bbox 2342 4195 2441 4258; x_wconf 78' lang='grc' dir='ltr'><strong>τὰς</strong></span> <span class='ocrx_word' id='word_1_630' title='bbox 2460 4193 2672 4263; x_wconf 82' lang='grc' dir='ltr'>ἀγαθὰς</span> <span class='ocrx_word' id='word_1_631' title='bbox 2699 4191 3091 4264; x_wconf 76' lang='grc' dir='ltr'>προσειποῦσα.</span> <span class='ocrx_word' id='word_1_632' title='bbox 3115 4191 3334 4253; x_wconf 88' lang='grc' dir='ltr'>Ταύτας</span> <span class='ocrx_word' id='word_1_633' title='bbox 3357 4189 3415 4242; x_wconf 82' lang='grc' dir='ltr'>δὲ</span> <span class='ocrx_word' id='word_1_634' title='bbox 3434 4189 3537 4252; x_wconf 79' lang='grc' dir='ltr'><strong>τὰς</strong></span> <span class='ocrx_word' id='word_1_635' title='bbox 3559 4191 3698 4256; x_wconf 84' lang='grc' dir='ltr'>ἀγα-</span> 
     </span>
    </p>
   </div>
   <div class='ocr_carea' id='block_1_86' title="bbox 2110 4281 3701 4360">
    <p class='ocr_par' dir='ltr' id='par_1_86' title="bbox 2110 4281 3701 4360">
     <span class='ocr_line' id='line_1_86' title="bbox 2110 4281 3701 4360; baseline -0.006 -18"><span class='ocrx_word' id='word_1_636' title='bbox 2110 4289 2208 4352; x_wconf 87' lang='grc' dir='ltr'><strong>θὰς</strong></span> <span class='ocrx_word' id='word_1_637' title='bbox 2262 4289 2520 4360; x_wconf 82' lang='grc' dir='ltr'>δυνάμεις</span> <span class='ocrx_word' id='word_1_638' title='bbox 2577 4287 2671 4341; x_wconf 83' lang='grc' dir='ltr'>καὶ</span> <span class='ocrx_word' id='word_1_639' title='bbox 2725 4284 3014 4355; x_wconf 83' lang='grc' dir='ltr'>πνεύματα</span> <span class='ocrx_word' id='word_1_640' title='bbox 3057 4284 3194 4348; x_wconf 84' lang='grc' dir='ltr'>θεῖα,</span> <span class='ocrx_word' id='word_1_641' title='bbox 3222 4283 3315 4336; x_wconf 75' lang='grc' dir='ltr'>καὶ</span> <span class='ocrx_word' id='word_1_642' title='bbox 3346 4281 3701 4353; x_wconf 70' lang='grc' dir='ltr'>λειτουργοὺς</span> 
     </span>
    </p>
   </div>
   <div class='ocr_carea' id='block_1_87' title="bbox 429 4363 2011 4455">
    <p class='ocr_par' dir='ltr' id='par_1_87' title="bbox 429 4363 2005 4442">
     <span class='ocr_line' id='line_1_87' title="bbox 429 4363 2005 4442; baseline 0.011 -29"><span class='ocrx_word' id='word_1_643' title='bbox 429 4368 553 4415; x_wconf 89' lang='lat' dir='ltr'><strong>rent</strong></span> <span class='ocrx_word' id='word_1_644' title='bbox 593 4377 778 4416; x_wconf 83' lang='lat' dir='ltr'><strong>coram</strong></span> <span class='ocrx_word' id='word_1_645' title='bbox 809 4363 940 4428; x_wconf 91' lang='lat' dir='ltr'><strong>Deo,</strong></span> <span class='ocrx_word' id='word_1_646' title='bbox 993 4367 1170 4423; x_wconf 82' lang='lat' dir='ltr'><strong>adfuit</strong></span> <span class='ocrx_word' id='word_1_647' title='bbox 1216 4369 1380 4424; x_wconf 89' lang='lat' dir='ltr'><strong>etiam</strong></span> <span class='ocrx_word' id='word_1_648' title='bbox 1417 4371 1558 4426; x_wconf 86' lang='lat' dir='ltr'><strong>inter</strong></span> <span class='ocrx_word' id='word_1_649' title='bbox 1597 4388 1692 4428; x_wconf 87' lang='lat' dir='ltr'><strong>eos</strong></span> <span class='ocrx_word' id='word_1_650' title='bbox 1733 4375 2005 4442; x_wconf 89' lang='lat' dir='ltr'><strong>diabolus,</strong></span> 
     </span>
    </p>
   </div>
   <div class='ocr_carea' id='block_1_88' title="bbox 2123 4363 3698 4455">
    <p class='ocr_par' dir='ltr' id='par_1_88' title="bbox 2123 4374 3698 4455">
     <span class='ocr_line' id='line_1_88' title="bbox 2123 4374 3698 4455; baseline -0.007 -19"><span class='ocrx_word' id='word_1_651' title='bbox 2123 4382 2246 4436; x_wconf 70' lang='grc' dir='ltr'>Θεοῦ</span> <span class='ocrx_word' id='word_1_652' title='bbox 2281 4380 2678 4455; x_wconf 84' lang='grc' dir='ltr'>προσαγορεύει</span> <span class='ocrx_word' id='word_1_653' title='bbox 2739 4381 2796 4433; x_wconf 81' lang='grc' dir='ltr'>ὲν</span> <span class='ocrx_word' id='word_1_654' title='bbox 2829 4374 2911 4442; x_wconf 80' lang='grc' dir='ltr'>οἷς</span> <span class='ocrx_word' id='word_1_655' title='bbox 2943 4394 3106 4449; x_wconf 85' lang='grc' dir='ltr'>φησιν</span> <span class='ocrx_word' id='word_1_656' title='bbox 3127 4396 3140 4408; x_wconf 74' lang='grc' dir='ltr'><strong><em>ο</em></strong></span> <span class='ocrx_word' id='word_1_657' title='bbox 3173 4397 3192 4428; x_wconf 72' lang='grc' dir='ltr'><strong>ι</strong></span> <span class='ocrx_word' id='word_1_658' title='bbox 3243 4378 3302 4430; x_wconf 87' lang='grc' dir='ltr'><strong>Ὀ</strong></span> <span class='ocrx_word' id='word_1_659' title='bbox 3349 4375 3520 4429; x_wconf 83' lang='grc' dir='ltr'>ποιῶν</span> <span class='ocrx_word' id='word_1_660' title='bbox 3570 4375 3698 4436; x_wconf 76' lang='grc' dir='ltr'>τοὺς</span> 
     </span>
    </p>
   </div>
   <div class='ocr_carea' id='block_1_89' title="bbox 428 4451 1998 4530">
    <p class='ocr_par' dir='ltr' id='par_1_89' title="bbox 428 4451 1998 4530">
     <span class='ocr_line' id='line_1_89' title="bbox 428 4451 1998 4530; baseline 0.008 -24"><span class='ocrx_word' id='word_1_661' title='bbox 428 4467 554 4506; x_wconf 93' lang='lat' dir='ltr'><strong>cum</strong></span> <span class='ocrx_word' id='word_1_662' title='bbox 585 4451 928 4511; x_wconf 87' lang='lat' dir='ltr'><strong>circuivisset</strong></span> <span class='ocrx_word' id='word_1_663' title='bbox 955 4465 1154 4513; x_wconf 89' lang='lat' dir='ltr'><strong>terram</strong></span> <span class='ocrx_word' id='word_1_664' title='bbox 1173 4498 1188 4523; x_wconf 85' lang='lat'><strong>,</strong></span> <span class='ocrx_word' id='word_1_665' title='bbox 1217 4467 1271 4515; x_wconf 88' lang='lat' dir='ltr'><strong>et</strong></span> <span class='ocrx_word' id='word_1_666' title='bbox 1298 4463 1729 4530; x_wconf 88' lang='lat' dir='ltr'><strong>perambulasset</strong></span> <span class='ocrx_word' id='word_1_667' title='bbox 1749 4480 1868 4520; x_wconf 91' lang='lat' dir='ltr'><strong>eam</strong></span> <span class='ocrx_word' id='word_1_668' title='bbox 1901 4467 1998 4521; x_wconf 74' lang='lat' dir='ltr'><strong>“.i</strong></span> 
     </span>
    </p>
   </div>
   <div class='ocr_carea' id='block_1_90' title="bbox 427 4542 2003 4623">
    <p class='ocr_par' dir='ltr' id='par_1_90' title="bbox 427 4542 2003 4623">
     <span class='ocr_line' id='line_1_90' title="bbox 427 4542 2003 4623; baseline 0.01 -25"><span class='ocrx_word' id='word_1_669' title='bbox 427 4542 549 4610; x_wconf 88' lang='lat' dir='ltr'><strong>Quo</strong></span> <span class='ocrx_word' id='word_1_670' title='bbox 577 4545 696 4601; x_wconf 87' lang='lat' dir='ltr'><strong>loco</strong></span> <span class='ocrx_word' id='word_1_671' title='bbox 717 4585 737 4610; x_wconf 89' lang='lat'><strong>,</strong></span> <span class='ocrx_word' id='word_1_672' title='bbox 768 4548 969 4604; x_wconf 89' lang='lat' dir='ltr'><strong>diaboli</strong></span> <span class='ocrx_word' id='word_1_673' title='bbox 1013 4551 1234 4606; x_wconf 93' lang='lat' dir='ltr'><strong>nomine</strong></span> <span class='ocrx_word' id='word_1_674' title='bbox 1281 4552 1483 4609; x_wconf 83' lang='lat' dir='ltr'><strong>infesta</strong></span> <span class='ocrx_word' id='word_1_675' title='bbox 1525 4555 1617 4610; x_wconf 90' lang='lat' dir='ltr'><strong>illa</strong></span> <span class='ocrx_word' id='word_1_676' title='bbox 1644 4565 1872 4623; x_wconf 88' lang='lat' dir='ltr'><strong>natura,</strong></span> <span class='ocrx_word' id='word_1_677' title='bbox 1909 4557 2003 4613; x_wconf 89' lang='lat' dir='ltr'><strong>Dei</strong></span> 
     </span>
    </p>
   </div>
   <div class='ocr_carea' id='block_1_91' title="bbox 424 4639 2002 4718">
    <p class='ocr_par' dir='ltr' id='par_1_91' title="bbox 424 4639 2002 4718">
     <span class='ocr_line' id='line_1_91' title="bbox 424 4639 2002 4718; baseline 0.011 -30"><span class='ocrx_word' id='word_1_678' title='bbox 424 4651 558 4691; x_wconf 89' lang='lat' dir='ltr'><strong>vero</strong></span> <span class='ocrx_word' id='word_1_679' title='bbox 586 4639 928 4709; x_wconf 83' lang='lat' dir='ltr'><strong>angelorum,</strong></span> <span class='ocrx_word' id='word_1_680' title='bbox 973 4641 1228 4699; x_wconf 65' lang='lat' dir='ltr'><strong>benefica:</strong></span> <span class='ocrx_word' id='word_1_681' title='bbox 1276 4645 1396 4700; x_wconf 68' lang='lat' dir='ltr'><strong>aliae</strong></span> <span class='ocrx_word' id='word_1_682' title='bbox 1422 4647 1793 4718; x_wconf 85' lang='lat' dir='ltr'><strong>designantur.</strong></span> <span class='ocrx_word' id='word_1_683' title='bbox 1855 4649 2002 4716; x_wconf 84' lang='lat' dir='ltr'><strong>Quas</strong></span> 
     </span>
    </p>
   </div>
   <div class='ocr_carea' id='block_1_92' title="bbox 425 4729 1999 4808">
    <p class='ocr_par' dir='ltr' id='par_1_92' title="bbox 425 4729 1999 4808">
     <span class='ocr_line' id='line_1_92' title="bbox 425 4729 1999 4808; baseline 0.012 -27"><span class='ocrx_word' id='word_1_684' title='bbox 425 4729 644 4798; x_wconf 91' lang='lat' dir='ltr'><strong>quidem</strong></span> <span class='ocrx_word' id='word_1_685' title='bbox 687 4733 941 4790; x_wconf 88' lang='lat' dir='ltr'><strong>meliores</strong></span> <span class='ocrx_word' id='word_1_686' title='bbox 984 4744 1243 4804; x_wconf 90' lang='lat' dir='ltr'><strong>naturas,</strong></span> <span class='ocrx_word' id='word_1_687' title='bbox 1292 4739 1519 4808; x_wconf 89' lang='lat' dir='ltr'><strong>spiritus</strong></span> <span class='ocrx_word' id='word_1_688' title='bbox 1563 4743 1726 4798; x_wconf 89' lang='lat' dir='ltr'><strong>etiam</strong></span> <span class='ocrx_word' id='word_1_689' title='bbox 1765 4744 1999 4800; x_wconf 87' lang='lat' dir='ltr'><strong>divinos.</strong></span> 
     </span>
    </p>
   </div>
   <div class='ocr_carea' id='block_1_93' title="bbox 427 4820 1997 4904">
    <p class='ocr_par' dir='ltr' id='par_1_93' title="bbox 427 4820 1997 4904">
     <span class='ocr_line' id='line_1_93' title="bbox 427 4820 1997 4904; baseline 0.011 -29"><span class='ocrx_word' id='word_1_690' title='bbox 427 4820 630 4893; x_wconf 85' lang='lat' dir='ltr'><strong>Deique</strong></span> <span class='ocrx_word' id='word_1_691' title='bbox 655 4824 1010 4883; x_wconf 83' lang='lat' dir='ltr'><strong>administros</strong></span> <span class='ocrx_word' id='word_1_692' title='bbox 1039 4830 1466 4899; x_wconf 81' lang='lat' dir='ltr'><strong>appellant,dum</strong></span> <span class='ocrx_word' id='word_1_693' title='bbox 1492 4835 1668 4902; x_wconf 88' lang='lat' dir='ltr'><strong>aiunt,</strong></span> <span class='ocrx_word' id='word_1_694' title='bbox 1697 4837 1768 4886; x_wconf 65' lang='grc' dir='ltr'><strong>«δι</strong></span> <span class='ocrx_word' id='word_1_695' title='bbox 1790 4836 1892 4904; x_wconf 86' lang='lat' dir='ltr'><strong>Qui</strong></span> <span class='ocrx_word' id='word_1_696' title='bbox 1921 4839 1997 4892; x_wconf 83' lang='lat' dir='ltr'><strong>fa-</strong></span> 
     </span>
    </p>
   </div>
   <div class='ocr_carea' id='block_1_94' title="bbox 2110 4463 3698 4542">
    <p class='ocr_par' dir='ltr' id='par_1_94' title="bbox 2110 4463 3698 4542">
     <span class='ocr_line' id='line_1_94' title="bbox 2110 4463 3698 4542; baseline -0.006 -15"><span class='ocrx_word' id='word_1_697' title='bbox 2110 4473 2373 4542; x_wconf 85' lang='grc' dir='ltr'>ἄγγελους</span> <span class='ocrx_word' id='word_1_698' title='bbox 2404 4471 2568 4525; x_wconf 79' lang='grc' dir='ltr'>αὐτοῦ</span> <span class='ocrx_word' id='word_1_699' title='bbox 2595 4469 2902 4540; x_wconf 86' lang='grc' dir='ltr'>πνεύματα,</span> <span class='ocrx_word' id='word_1_700' title='bbox 2929 4469 3022 4522; x_wconf 81' lang='grc' dir='ltr'>καὶ</span> <span class='ocrx_word' id='word_1_701' title='bbox 3058 4469 3186 4530; x_wconf 85' lang='grc' dir='ltr'>τοὺς</span> <span class='ocrx_word' id='word_1_702' title='bbox 3212 4467 3566 4537; x_wconf 72' lang='grc' dir='ltr'>λειτουργοὺς</span> <span class='ocrx_word' id='word_1_703' title='bbox 3602 4463 3698 4519; x_wconf 83' lang='grc' dir='ltr'><strong>αὐ-</strong></span> 
     </span>
    </p>
   </div>
   <div class='ocr_carea' id='block_1_95' title="bbox 2110 4557 3697 4638">
    <p class='ocr_par' dir='ltr' id='par_1_95' title="bbox 2110 4557 3697 4638">
     <span class='ocr_line' id='line_1_95' title="bbox 2110 4557 3697 4638; baseline -0.007 -19"><span class='ocrx_word' id='word_1_704' title='bbox 2110 4564 2204 4619; x_wconf 87' lang='grc' dir='ltr'><strong>τοῦ</strong></span> <span class='ocrx_word' id='word_1_705' title='bbox 2255 4566 2427 4638; x_wconf 84' lang='grc' dir='ltr'>πυρὸς</span> <span class='ocrx_word' id='word_1_706' title='bbox 2469 4563 2664 4634; x_wconf 79' lang='grc' dir='ltr'>φλόγα.</span> <span class='ocrx_word' id='word_1_707' title='bbox 2702 4581 2720 4613; x_wconf 73' lang='lat'><strong>)</strong></span> <span class='ocrx_word' id='word_1_708' title='bbox 2766 4561 2929 4614; x_wconf 83' lang='grc' dir='ltr'>Ἀλλὰ</span> <span class='ocrx_word' id='word_1_709' title='bbox 2961 4561 3054 4614; x_wconf 73' lang='grc' dir='ltr'>καὶ</span> <span class='ocrx_word' id='word_1_710' title='bbox 3103 4559 3201 4630; x_wconf 83' lang='grc' dir='ltr'>τὴν</span> <span class='ocrx_word' id='word_1_711' title='bbox 3257 4559 3537 4628; x_wconf 81' lang='grc' dir='ltr'>διαμάχην</span> <span class='ocrx_word' id='word_1_712' title='bbox 3592 4557 3697 4609; x_wconf 80' lang='grc' dir='ltr'><strong>τῶν</strong></span> 
     </span>
    </p>
   </div>
   <div class='ocr_carea' id='block_1_96' title="bbox 2108 4648 3696 4726">
    <p class='ocr_par' dir='ltr' id='par_1_96' title="bbox 2108 4648 3696 4726">
     <span class='ocr_line' id='line_1_96' title="bbox 2108 4648 3696 4726; baseline -0.007 -17"><span class='ocrx_word' id='word_1_713' title='bbox 2108 4657 2366 4710; x_wconf 78' lang='grc' dir='ltr'>ἐναντίων</span> <span class='ocrx_word' id='word_1_714' title='bbox 2399 4649 2501 4708; x_wconf 83' lang='grc' dir='ltr'>ὧδε</span> <span class='ocrx_word' id='word_1_715' title='bbox 2537 4651 2866 4726; x_wconf 82' lang='grc' dir='ltr'>παρίστησιν</span> <span class='ocrx_word' id='word_1_716' title='bbox 2897 4654 2925 4704; x_wconf 89' lang='grc' dir='ltr'><strong>ὁ</strong></span> <span class='ocrx_word' id='word_1_717' title='bbox 2947 4653 3125 4724; x_wconf 80' lang='grc' dir='ltr'>φήσας</span> <span class='ocrx_word' id='word_1_718' title='bbox 3144 4668 3157 4681; x_wconf 86' lang='grc'><strong>·</strong></span> <span class='ocrx_word' id='word_1_719' title='bbox 3196 4670 3214 4701; x_wconf 83' lang='grc' dir='ltr'><strong>ι</strong></span> <span class='ocrx_word' id='word_1_720' title='bbox 3246 4650 3361 4703; x_wconf 81' lang='grc' dir='ltr'>Οὐκ</span> <span class='ocrx_word' id='word_1_721' title='bbox 3388 4648 3538 4702; x_wconf 76' lang='grc' dir='ltr'>ἔστιν</span> <span class='ocrx_word' id='word_1_722' title='bbox 3565 4649 3696 4718; x_wconf 78' lang='grc' dir='ltr'>ἡμῖν</span> 
     </span>
    </p>
   </div>
   <div class='ocr_carea' id='block_1_97' title="bbox 2109 4741 3693 4820">
    <p class='ocr_par' dir='ltr' id='par_1_97' title="bbox 2109 4741 3693 4820">
     <span class='ocr_line' id='line_1_97' title="bbox 2109 4741 3693 4820; baseline -0.008 -17"><span class='ocrx_word' id='word_1_723' title='bbox 2109 4752 2143 4819; x_wconf 84' lang='grc' dir='ltr'>ἡ</span> <span class='ocrx_word' id='word_1_724' title='bbox 2177 4749 2319 4819; x_wconf 84' lang='grc' dir='ltr'>πάλη</span> <span class='ocrx_word' id='word_1_725' title='bbox 2355 4748 2492 4820; x_wconf 83' lang='grc' dir='ltr'>πρὸς</span> <span class='ocrx_word' id='word_1_726' title='bbox 2516 4743 2655 4818; x_wconf 76' lang='grc' dir='ltr'>αἷμα</span> <span class='ocrx_word' id='word_1_727' title='bbox 2686 4745 2780 4799; x_wconf 77' lang='grc' dir='ltr'>καὶ</span> <span class='ocrx_word' id='word_1_728' title='bbox 2825 4745 3025 4816; x_wconf 89' lang='grc' dir='ltr'>σάρκα,</span> <span class='ocrx_word' id='word_1_729' title='bbox 3063 4743 3201 4796; x_wconf 85' lang='grc' dir='ltr'><strong>ἀλλά</strong></span> <span class='ocrx_word' id='word_1_730' title='bbox 3252 4742 3390 4814; x_wconf 82' lang='grc' dir='ltr'>πρὸς</span> <span class='ocrx_word' id='word_1_731' title='bbox 3415 4741 3516 4804; x_wconf 81' lang='grc' dir='ltr'><strong>τὰς</strong></span> <span class='ocrx_word' id='word_1_732' title='bbox 3543 4741 3693 4805; x_wconf 78' lang='grc' dir='ltr'>ἐξου-</span> 
     </span>
    </p>
   </div>
   <div class='ocr_carea' id='block_1_98' title="bbox 2103 4831 3692 4912">
    <p class='ocr_par' dir='ltr' id='par_1_98' title="bbox 2103 4831 3692 4912">
     <span class='ocr_line' id='line_1_98' title="bbox 2103 4831 3692 4912; baseline -0.006 -20"><span class='ocrx_word' id='word_1_733' title='bbox 2103 4841 2245 4904; x_wconf 82' lang='grc' dir='ltr'>σίας,</span> <span class='ocrx_word' id='word_1_734' title='bbox 2307 4840 2444 4912; x_wconf 83' lang='grc' dir='ltr'>πρὸς</span> <span class='ocrx_word' id='word_1_735' title='bbox 2489 4841 2616 4902; x_wconf 80' lang='grc' dir='ltr'>τοὺς</span> <span class='ocrx_word' id='word_1_736' title='bbox 2670 4838 3122 4909; x_wconf 84' lang='grc' dir='ltr'>κοσμοκράτορας</span> <span class='ocrx_word' id='word_1_737' title='bbox 3171 4833 3258 4887; x_wconf 77' lang='grc' dir='ltr'><strong>τοῦ</strong></span> <span class='ocrx_word' id='word_1_738' title='bbox 3313 4833 3545 4896; x_wconf 84' lang='grc' dir='ltr'>σκότους</span> <span class='ocrx_word' id='word_1_739' title='bbox 3600 4831 3692 4884; x_wconf 78' lang='grc' dir='ltr'><strong>τοῦ</strong></span> 
     </span>
    </p>
   </div>
   <div class='ocr_carea' id='block_1_99' title="bbox 420 4916 2011 5002">
    <p class='ocr_par' dir='ltr' id='par_1_99' title="bbox 420 4916 1992 4987">
     <span class='ocr_line' id='line_1_99' title="bbox 420 4916 1992 4987; baseline 0.006 -14"><span class='ocrx_word' id='word_1_740' title='bbox 420 4916 504 4976; x_wconf 86' lang='lat' dir='ltr'><strong>eis</strong></span> <span class='ocrx_word' id='word_1_741' title='bbox 528 4917 749 4986; x_wconf 81' lang='lat' dir='ltr'><strong>angelos</strong></span> <span class='ocrx_word' id='word_1_742' title='bbox 771 4927 895 4972; x_wconf 89' lang='lat' dir='ltr'><strong>tuos</strong></span> <span class='ocrx_word' id='word_1_743' title='bbox 917 4918 1162 4987; x_wconf 85' lang='lat' dir='ltr'><strong>spiritus,</strong></span> <span class='ocrx_word' id='word_1_744' title='bbox 1189 4928 1244 4974; x_wconf 89' lang='lat' dir='ltr'><strong>et</strong></span> <span class='ocrx_word' id='word_1_745' title='bbox 1270 4922 1550 4981; x_wconf 89' lang='lat' dir='ltr'><strong>ministros</strong></span> <span class='ocrx_word' id='word_1_746' title='bbox 1577 4937 1698 4982; x_wconf 88' lang='lat' dir='ltr'><strong>tuos</strong></span> <span class='ocrx_word' id='word_1_747' title='bbox 1719 4926 1992 4983; x_wconf 82' lang='lat' dir='ltr'><strong>ﬂammam</strong></span> 
     </span>
    </p>
   </div>
   <div class='ocr_carea' id='block_1_100' title="bbox 2123 4916 3693 5002">
    <p class='ocr_par' dir='ltr' id='par_1_100' title="bbox 2123 4926 3693 5002">
     <span class='ocr_line' id='line_1_100' title="bbox 2123 4926 3693 5002; baseline -0.004 -20"><span class='ocrx_word' id='word_1_748' title='bbox 2123 4930 2297 4994; x_wconf 88' lang='grc' dir='ltr'>ιίῶνος</span> <span class='ocrx_word' id='word_1_749' title='bbox 2321 4931 2434 5002; x_wconf 70' lang='lat'><strong>(72)</strong></span> <span class='ocrx_word' id='word_1_750' title='bbox 2461 4930 2672 4995; x_wconf 85' lang='grc' dir='ltr'>τούτου,</span> <span class='ocrx_word' id='word_1_751' title='bbox 2706 4930 2840 5002; x_wconf 81' lang='grc' dir='ltr'>πρὸς</span> <span class='ocrx_word' id='word_1_752' title='bbox 2887 4930 2955 4982; x_wconf 80' lang='grc' dir='ltr'><strong>τά</strong></span> <span class='ocrx_word' id='word_1_753' title='bbox 2998 4926 3341 4997; x_wconf 74' lang='grc' dir='ltr'>πνευματικά</span> <span class='ocrx_word' id='word_1_754' title='bbox 3383 4927 3484 4996; x_wconf 71' lang='grc' dir='ltr'>τῆς</span> <span class='ocrx_word' id='word_1_755' title='bbox 3532 4941 3693 4993; x_wconf 77' lang='grc' dir='ltr'>πονη-</span> 
     </span>
    </p>
   </div>
   <div class='ocr_carea' id='block_1_101' title="bbox 495 5006 1440 5081">
    <p class='ocr_par' dir='ltr' id='par_1_101' title="bbox 495 5006 1440 5081">
     <span class='ocr_line' id='line_1_101' title="bbox 495 5006 1440 5081; baseline 0.006 -19"><span class='ocrx_word' id='word_1_756' title='bbox 495 5008 544 5040; x_wconf 74' lang='lat'>“</span> <span class='ocrx_word' id='word_1_757' title='bbox 580 5006 706 5063; x_wconf 80' lang='lat' dir='ltr'><strong>Job.</strong></span> <span class='ocrx_word' id='word_1_758' title='bbox 747 5009 889 5074; x_wconf 75' lang='grc'><strong>11,1.</strong></span> <span class='ocrx_word' id='word_1_759' title='bbox 966 5009 1008 5042; x_wconf 76' lang='lat'>“</span> <span class='ocrx_word' id='word_1_760' title='bbox 1051 5009 1194 5066; x_wconf 87' lang='lat' dir='ltr'><strong>Psal.</strong></span> <span class='ocrx_word' id='word_1_761' title='bbox 1224 5027 1344 5081; x_wconf 83' lang='lat' dir='ltr'><strong>cm,</strong></span> <span class='ocrx_word' id='word_1_762' title='bbox 1383 5014 1440 5069; x_wconf 76' lang='grc'>4.</span> 
     </span>
    </p>
   </div>
   <div class='ocr_carea' id='block_1_102' title="bbox 494 5101 1026 5171">
    <p class='ocr_par' dir='ltr' id='par_1_102' title="bbox 494 5101 1026 5171">
     <span class='ocr_line' id='line_1_102' title="bbox 494 5101 1026 5171; baseline 0 -15"><span class='ocrx_word' id='word_1_763' title='bbox 494 5113 523 5144; x_wconf 77' lang='grc' dir='ltr'>ι</span> <span class='ocrx_word' id='word_1_764' title='bbox 563 5102 697 5171; x_wconf 78' lang='lat' dir='ltr'><strong>forte</strong></span> <span class='ocrx_word' id='word_1_765' title='bbox 733 5101 1026 5156; x_wconf 83' lang='grc' dir='ltr'>ὲπείσοδον.</span> 
     </span>
    </p>
   </div>
   <div class='ocr_carea' id='block_1_103' title="bbox 425 5196 2003 5322">
    <p class='ocr_par' dir='ltr' id='par_1_103' title="bbox 425 5196 2003 5322">
     <span class='ocr_line' id='line_1_103' title="bbox 425 5196 2003 5322; baseline -0.007 -66"><span class='ocrx_word' id='word_1_766' title='bbox 425 5197 612 5322; x_wconf 42' lang='lat' dir='ltr'><strong>F&#39;(fiS)</strong></span> <span class='ocrx_word' id='word_1_767' title='bbox 648 5196 865 5266; x_wconf 78' lang='grc' dir='ltr'>Ψυχὴν</span> <span class='ocrx_word' id='word_1_768' title='bbox 888 5197 1260 5253; x_wconf 78' lang='grc' dir='ltr'>διοικοῦσαν.</span> <span class='ocrx_word' id='word_1_769' title='bbox 1288 5198 1464 5264; x_wconf 83' lang='lat' dir='ltr'><strong>Plato,</strong></span> <span class='ocrx_word' id='word_1_770' title='bbox 1496 5197 1622 5270; x_wconf 79' lang='lat' dir='ltr'><strong>Leg.</strong></span> <span class='ocrx_word' id='word_1_771' title='bbox 1654 5217 1710 5266; x_wconf 74' lang='grc' dir='ltr'>χ,</span> <span class='ocrx_word' id='word_1_772' title='bbox 1745 5217 1869 5273; x_wconf 70' lang='lat' dir='ltr'><strong>pag,</strong></span> <span class='ocrx_word' id='word_1_773' title='bbox 1899 5201 2003 5258; x_wconf 79' lang='lat'><strong>669</strong></span> 
     </span>
     <span class='ocr_line' id='line_1_104' title="bbox 473 5285 621 5322; baseline -0.007 0"><span class='ocrx_word' id='word_1_774' title='bbox 473 5285 621 5322; x_wconf 85' lang='lat' dir='ltr'><strong>icIni.</strong></span> 
     </span>
    </p>
   </div>
   <div class='ocr_carea' id='block_1_104' title="bbox 473 5285 621 5323">
    <p class='ocr_par' dir='ltr' id='par_1_104' title="bbox 473 5285 621 5323">
     <span class='ocr_line' id='line_1_105' title="bbox 473 5285 621 5323; baseline -0.007 -1"><span class='ocrx_word' id='word_1_775' title='bbox 473 5285 621 5323; x_wconf 82' lang='lat' dir='ltr'><strong>lCllIl.</strong></span> 
     </span>
    </p>
   </div>
   <div class='ocr_carea' id='block_1_105' title="bbox 498 5337 1419 5410">
    <p class='ocr_par' dir='ltr' id='par_1_105' title="bbox 498 5337 1419 5410">
     <span class='ocr_line' id='line_1_106' title="bbox 498 5337 1419 5410; baseline 0.003 -19"><span class='ocrx_word' id='word_1_776' title='bbox 498 5337 611 5410; x_wconf 64' lang='grc' dir='ltr'>(ϐθ)</span> <span class='ocrx_word' id='word_1_777' title='bbox 651 5337 756 5404; x_wconf 84' lang='lat' dir='ltr'><strong>PL,</strong></span> <span class='ocrx_word' id='word_1_778' title='bbox 784 5339 843 5410; x_wconf 80' lang='grc' dir='ltr'><strong>ὲν</strong></span> <span class='ocrx_word' id='word_1_779' title='bbox 875 5338 1046 5410; x_wconf 76' lang='grc' dir='ltr'>ἅπασι</span> <span class='ocrx_word' id='word_1_780' title='bbox 1073 5343 1189 5410; x_wconf 87' lang='grc' dir='ltr'>τοῖς</span> <span class='ocrx_word' id='word_1_781' title='bbox 1221 5339 1419 5410; x_wconf 77' lang='grc' dir='ltr'>πάντη.</span> 
     </span>
    </p>
   </div>
   <div class='ocr_carea' id='block_1_106' title="bbox 501 5407 1726 5481">
    <p class='ocr_par' dir='ltr' id='par_1_106' title="bbox 501 5407 1726 5481">
     <span class='ocr_line' id='line_1_107' title="bbox 501 5407 1726 5481; baseline 0.003 -21"><span class='ocrx_word' id='word_1_782' title='bbox 501 5407 618 5481; x_wconf 63' lang='grc' dir='ltr'>(ξιο)</span> <span class='ocrx_word' id='word_1_783' title='bbox 650 5409 883 5477; x_wconf 75' lang='grc' dir='ltr'>Ἐπειδὴ</span> <span class='ocrx_word' id='word_1_784' title='bbox 913 5407 1044 5481; x_wconf 72' lang='grc' dir='ltr'>γάρ,</span> <span class='ocrx_word' id='word_1_785' title='bbox 1076 5409 1210 5465; x_wconf 80' lang='lat' dir='ltr'><strong>Ibid.</strong></span> <span class='ocrx_word' id='word_1_786' title='bbox 1240 5407 1413 5481; x_wconf 57' lang='lat' dir='ltr'><strong>Platj,</strong></span> <span class='ocrx_word' id='word_1_787' title='bbox 1448 5424 1570 5481; x_wconf 84' lang='lat' dir='ltr'><strong>pag.</strong></span> <span class='ocrx_word' id='word_1_788' title='bbox 1602 5409 1726 5465; x_wconf 78' lang='lat'><strong>675.</strong></span> 
     </span>
    </p>
   </div>
   <div class='ocr_carea' id='block_1_107' title="bbox 498 5478 2001 5554">
    <p class='ocr_par' dir='ltr' id='par_1_107' title="bbox 498 5478 2001 5554">
     <span class='ocr_line' id='line_1_108' title="bbox 498 5478 2001 5554; baseline 0.005 -24"><span class='ocrx_word' id='word_1_789' title='bbox 498 5478 936 5554; x_wconf 71' lang='lat' dir='ltr'><strong>(7l)_II.1_etdrwr</strong></span> <span class='ocrx_word' id='word_1_790' title='bbox 964 5479 1033 5534; x_wconf 78' lang='grc' dir='ltr'>δὲ</span> <span class='ocrx_word' id='word_1_791' title='bbox 1056 5482 1176 5534; x_wconf 75' lang='grc' dir='ltr'>τῶν</span> <span class='ocrx_word' id='word_1_792' title='bbox 1199 5479 1306 5548; x_wconf 82' lang='grc' dir='ltr'>μή.</span> <span class='ocrx_word' id='word_1_793' title='bbox 1343 5478 1562 5554; x_wconf 68' lang='grc' dir='ltr'><strong>Ρὶεῆηυέ</strong></span> <span class='ocrx_word' id='word_1_794' title='bbox 1590 5483 1743 5554; x_wconf 77' lang='lat' dir='ltr'><strong>vertit</strong></span> <span class='ocrx_word' id='word_1_795' title='bbox 1763 5521 1778 5546; x_wconf 88' lang='lat'><strong>,</strong></span> <span class='ocrx_word' id='word_1_796' title='bbox 1810 5491 1860 5536; x_wconf 74' lang='lat' dir='ltr'><strong>et</strong></span> <span class='ocrx_word' id='word_1_797' title='bbox 1884 5484 2001 5554; x_wconf 81' lang='lat' dir='ltr'><strong>qui-</strong></span> 
     </span>
    </p>
   </div>
   <div class='ocr_carea' id='block_1_108' title="bbox 428 5547 2003 5619">
    <p class='ocr_par' dir='ltr' id='par_1_108' title="bbox 428 5547 2003 5619">
     <span class='ocr_line' id='line_1_109' title="bbox 428 5547 2003 5619; baseline 0.005 -19"><span class='ocrx_word' id='word_1_798' title='bbox 428 5549 543 5600; x_wconf 71' lang='lat' dir='ltr'><strong>dem</strong></span> <span class='ocrx_word' id='word_1_799' title='bbox 579 5547 810 5616; x_wconf 83' lang='lat' dir='ltr'><strong>plurium</strong></span> <span class='ocrx_word' id='word_1_800' title='bbox 842 5567 860 5604; x_wconf 94' lang='lat'><em>:</em></span> <span class='ocrx_word' id='word_1_801' title='bbox 888 5566 1047 5619; x_wconf 90' lang='lat' dir='ltr'><strong>quem</strong></span> <span class='ocrx_word' id='word_1_802' title='bbox 1095 5547 1318 5605; x_wconf 77' lang='lat' dir='ltr'><strong>scnSum</strong></span> <span class='ocrx_word' id='word_1_803' title='bbox 1368 5552 1588 5619; x_wconf 84' lang='lat' dir='ltr'><strong>vulgata</strong></span> <span class='ocrx_word' id='word_1_804' title='bbox 1649 5551 1814 5607; x_wconf 81' lang='lat' dir='ltr'><strong>lectio</strong></span> <span class='ocrx_word' id='word_1_805' title='bbox 1860 5547 2003 5608; x_wconf 70' lang='lat' dir='ltr'><strong>ferre</strong></span> 
     </span>
    </p>
   </div>
   <div class='ocr_carea' id='block_1_109' title="bbox 431 5621 1999 5691">
    <p class='ocr_par' dir='ltr' id='par_1_109' title="bbox 431 5621 1999 5691">
     <span class='ocr_line' id='line_1_110' title="bbox 431 5621 1999 5691; baseline 0.006 -23"><span class='ocrx_word' id='word_1_806' title='bbox 431 5633 538 5670; x_wconf 91' lang='lat' dir='ltr'><strong>non</strong></span> <span class='ocrx_word' id='word_1_807' title='bbox 585 5627 786 5691; x_wconf 80' lang='lat' dir='ltr'><strong>potest,</strong></span> <span class='ocrx_word' id='word_1_808' title='bbox 837 5621 942 5672; x_wconf 78' lang='lat' dir='ltr'><strong>nisi</strong></span> <span class='ocrx_word' id='word_1_809' title='bbox 981 5621 1252 5682; x_wconf 81' lang='lat' dir='ltr'><strong>dicamus,</strong></span> <span class='ocrx_word' id='word_1_810' title='bbox 1289 5629 1411 5688; x_wconf 90' lang='lat' dir='ltr'><strong>post</strong></span> <span class='ocrx_word' id='word_1_811' title='bbox 1439 5621 1532 5691; x_wconf 88' lang='grc' dir='ltr'>μή,</span> <span class='ocrx_word' id='word_1_812' title='bbox 1563 5622 1999 5691; x_wconf 82' lang='lat' dir='ltr'><strong>subaudiendum</strong></span> 
     </span>
    </p>
   </div>
   <div class='ocr_carea' id='block_1_110' title="bbox 429 5685 2001 5753">
    <p class='ocr_par' dir='ltr' id='par_1_110' title="bbox 429 5685 2001 5753">
     <span class='ocr_line' id='line_1_111' title="bbox 429 5685 2001 5753; baseline 0.007 -17"><span class='ocrx_word' id='word_1_813' title='bbox 429 5701 549 5753; x_wconf 77' lang='lat' dir='ltr'><strong>esse</strong></span> <span class='ocrx_word' id='word_1_814' title='bbox 581 5687 861 5747; x_wconf 75' lang='grc' dir='ltr'>ἐναντίων.</span> <span class='ocrx_word' id='word_1_815' title='bbox 893 5698 951 5743; x_wconf 92' lang='lat' dir='ltr'><strong>ut</strong></span> <span class='ocrx_word' id='word_1_816' title='bbox 983 5705 1178 5744; x_wconf 87' lang='lat' dir='ltr'><strong>sensus</strong></span> <span class='ocrx_word' id='word_1_817' title='bbox 1223 5685 1314 5753; x_wconf 62' lang='lat' dir='ltr'><strong>sit,</strong></span> <span class='ocrx_word' id='word_1_818' title='bbox 1346 5685 1561 5742; x_wconf 75' lang='grc' dir='ltr'>ἐναντία</span> <span class='ocrx_word' id='word_1_819' title='bbox 1607 5691 1824 5746; x_wconf 85' lang='grc' dir='ltr'>πλείονα</span> <span class='ocrx_word' id='word_1_820' title='bbox 1863 5685 2001 5748; x_wconf 76' lang='grc' dir='ltr'>εἶναι</span> 
     </span>
    </p>
   </div>
   <div class='ocr_carea' id='block_1_111' title="bbox 430 5752 1998 5832">
    <p class='ocr_par' dir='ltr' id='par_1_111' title="bbox 430 5752 1998 5832">
     <span class='ocr_line' id='line_1_112' title="bbox 430 5752 1998 5832; baseline 0.006 -24"><span class='ocrx_word' id='word_1_821' title='bbox 430 5752 544 5816; x_wconf 74' lang='grc' dir='ltr'>τῶν,</span> <span class='ocrx_word' id='word_1_822' title='bbox 568 5754 642 5826; x_wconf 78' lang='grc' dir='ltr'>μὴ</span> <span class='ocrx_word' id='word_1_823' title='bbox 672 5757 955 5823; x_wconf 74' lang='grc' dir='ltr'>ἐναντίων,</span> <span class='ocrx_word' id='word_1_824' title='bbox 993 5759 1092 5815; x_wconf 87' lang='lat' dir='ltr'><strong>lioc</strong></span> <span class='ocrx_word' id='word_1_825' title='bbox 1138 5769 1253 5829; x_wconf 75' lang='lat' dir='ltr'><strong>est,</strong></span> <span class='ocrx_word' id='word_1_826' title='bbox 1281 5759 1428 5814; x_wconf 80' lang='grc' dir='ltr'>κακά</span> <span class='ocrx_word' id='word_1_827' title='bbox 1467 5759 1686 5816; x_wconf 81' lang='grc' dir='ltr'>πλείονα</span> <span class='ocrx_word' id='word_1_828' title='bbox 1729 5765 1834 5820; x_wconf 79' lang='grc' dir='ltr'><strong>τῶν</strong></span> <span class='ocrx_word' id='word_1_829' title='bbox 1865 5765 1998 5832; x_wconf 77' lang='grc' dir='ltr'>ἀγα-</span> 
     </span>
    </p>
   </div>
   <div class='ocr_carea' id='block_1_112' title="bbox 2111 5203 3684 5283">
    <p class='ocr_par' dir='ltr' id='par_1_112' title="bbox 2111 5203 3684 5283">
     <span class='ocr_line' id='line_1_113' title="bbox 2111 5203 3684 5283; baseline -0.001 -27"><span class='ocrx_word' id='word_1_830' title='bbox 2111 5203 2241 5283; x_wconf 64' lang='grc' dir='ltr'>Θῶν.</span> <span class='ocrx_word' id='word_1_831' title='bbox 2278 5203 2380 5260; x_wconf 90' lang='lat' dir='ltr'><strong>Sed</strong></span> <span class='ocrx_word' id='word_1_832' title='bbox 2412 5205 2527 5283; x_wconf 70' lang='lat' dir='ltr'><strong>haec</strong></span> <span class='ocrx_word' id='word_1_833' title='bbox 2557 5222 2712 5261; x_wconf 87' lang='lat' dir='ltr'><strong>mera</strong></span> <span class='ocrx_word' id='word_1_834' title='bbox 2740 5207 2956 5283; x_wconf 75' lang='lat' dir='ltr'><strong>videtur</strong></span> <span class='ocrx_word' id='word_1_835' title='bbox 2981 5206 3332 5283; x_wconf 57' lang='lat' dir='ltr'><strong>axupoxoyla.</strong></span> <span class='ocrx_word' id='word_1_836' title='bbox 3365 5204 3684 5283; x_wconf 71' lang='lat' dir='ltr'><strong>cogitabam</strong></span> 
     </span>
    </p>
   </div>
   <div class='ocr_carea' id='block_1_113' title="bbox 2107 5274 3685 5346">
    <p class='ocr_par' dir='ltr' id='par_1_113' title="bbox 2107 5274 3685 5346">
     <span class='ocr_line' id='line_1_114' title="bbox 2107 5274 3685 5346; baseline 0 -20"><span class='ocrx_word' id='word_1_837' title='bbox 2107 5274 2272 5328; x_wconf 88' lang='grc' dir='ltr'>τινῶν</span> <span class='ocrx_word' id='word_1_838' title='bbox 2316 5291 2416 5345; x_wconf 90' lang='lat' dir='ltr'><strong>pro</strong></span> <span class='ocrx_word' id='word_1_839' title='bbox 2448 5277 2576 5341; x_wconf 86' lang='grc' dir='ltr'>τῶν,</span> <span class='ocrx_word' id='word_1_840' title='bbox 2607 5279 2837 5334; x_wconf 91' lang='lat' dir='ltr'><strong>rescribi</strong></span> <span class='ocrx_word' id='word_1_841' title='bbox 2882 5274 3384 5346; x_wconf 56' lang='lat' dir='ltr'><strong>posse;&#39;nt‘ve|lct</strong></span> <span class='ocrx_word' id='word_1_842' title='bbox 3432 5276 3603 5335; x_wconf 84' lang='lat' dir='ltr'><strong>Plato,</strong></span> <span class='ocrx_word' id='word_1_843' title='bbox 3633 5275 3685 5325; x_wconf 91' lang='lat' dir='ltr'><strong>in</strong></span> 
     </span>
    </p>
   </div>
   <div class='ocr_carea' id='block_1_114' title="bbox 2110 5347 3690 5421">
    <p class='ocr_par' dir='ltr' id='par_1_114' title="bbox 2110 5347 3690 5421">
     <span class='ocr_line' id='line_1_115' title="bbox 2110 5347 3690 5421; baseline -0.003 -22"><span class='ocrx_word' id='word_1_844' title='bbox 2110 5347 2249 5421; x_wconf 74' lang='lat' dir='ltr'><strong>cmlo</strong></span> <span class='ocrx_word' id='word_1_845' title='bbox 2291 5347 2401 5400; x_wconf 89' lang='lat' dir='ltr'><strong>duo</strong></span> <span class='ocrx_word' id='word_1_846' title='bbox 2442 5356 2662 5421; x_wconf 10' lang='lat' dir='ltr'><strong>tantum!</strong></span> <span class='ocrx_word' id='word_1_847' title='bbox 2702 5363 2823 5421; x_wconf 81' lang='lat' dir='ltr'><strong>esse</strong></span> <span class='ocrx_word' id='word_1_848' title='bbox 2855 5364 3036 5421; x_wconf 74' lang='lat' dir='ltr'><strong>rerum</strong></span> <span class='ocrx_word' id='word_1_849' title='bbox 3081 5362 3302 5418; x_wconf 84' lang='lat' dir='ltr'><strong>genera,</strong></span> <span class='ocrx_word' id='word_1_850' title='bbox 3337 5347 3602 5399; x_wconf 84' lang='lat' dir='ltr'><strong>bonarum</strong></span> <span class='ocrx_word' id='word_1_851' title='bbox 3637 5353 3690 5421; x_wconf 81' lang='lat' dir='ltr'><strong>et</strong></span> 
     </span>
    </p>
   </div>
   <div class='ocr_carea' id='block_1_115' title="bbox 2109 5417 3688 5493">
    <p class='ocr_par' dir='ltr' id='par_1_115' title="bbox 2109 5417 3688 5493">
     <span class='ocr_line' id='line_1_116' title="bbox 2109 5417 3688 5493; baseline -0.001 -27"><span class='ocrx_word' id='word_1_852' title='bbox 2109 5417 2402 5479; x_wconf 83' lang='lat' dir='ltr'><strong>malarum,</strong></span> <span class='ocrx_word' id='word_1_853' title='bbox 2440 5432 2548 5471; x_wconf 91' lang='lat' dir='ltr'><strong>non</strong></span> <span class='ocrx_word' id='word_1_854' title='bbox 2595 5417 2740 5493; x_wconf 80' lang='lat' dir='ltr'><strong>aliud</strong></span> <span class='ocrx_word' id='word_1_855' title='bbox 2797 5417 3099 5493; x_wconf 78' lang='lat' dir='ltr'><strong>quidquam</strong></span> <span class='ocrx_word' id='word_1_856' title='bbox 3133 5433 3202 5470; x_wconf 80' lang='lat' dir='ltr'><strong>cx</strong></span> <span class='ocrx_word' id='word_1_857' title='bbox 3227 5426 3491 5493; x_wconf 68' lang='lat' dir='ltr'><strong>utroque</strong></span> <span class='ocrx_word' id='word_1_858' title='bbox 3531 5417 3688 5493; x_wconf 74' lang='lat' dir='ltr'><strong>quasi</strong></span> 
     </span>
    </p>
   </div>
   <div class='ocr_carea' id='block_1_116' title="bbox 2110 5486 3684 5558">
    <p class='ocr_par' dir='ltr' id='par_1_116' title="bbox 2110 5486 3684 5558">
     <span class='ocr_line' id='line_1_117' title="bbox 2110 5486 3684 5558; baseline -0.001 -21"><span class='ocrx_word' id='word_1_859' title='bbox 2110 5493 2490 5558; x_wconf 87' lang='lat' dir='ltr'><strong>temperatum,</strong></span> <span class='ocrx_word' id='word_1_860' title='bbox 2526 5489 2670 5557; x_wconf 92' lang='lat' dir='ltr'><strong>quod</strong></span> <span class='ocrx_word' id='word_1_861' title='bbox 2701 5486 3124 5558; x_wconf 29' lang='lat' dir='ltr'><strong>pugnam’illam</strong></span> <span class='ocrx_word' id='word_1_862' title='bbox 3157 5488 3239 5541; x_wconf 81' lang='lat' dir='ltr'><strong>vel</strong></span> <span class='ocrx_word' id='word_1_863' title='bbox 3273 5486 3467 5540; x_wconf 86' lang='lat' dir='ltr'><strong>tollere</strong></span> <span class='ocrx_word' id='word_1_864' title='bbox 3493 5487 3684 5556; x_wconf 68' lang='lat' dir='ltr'><strong>puSsit,</strong></span> 
     </span>
    </p>
   </div>
   <div class='ocr_carea' id='block_1_117' title="bbox 2105 5557 2410 5610">
    <p class='ocr_par' dir='ltr' id='par_1_117' title="bbox 2105 5557 2410 5610">
     <span class='ocr_line' id='line_1_118' title="bbox 2105 5557 2410 5610; baseline 0.003 -2"><span class='ocrx_word' id='word_1_865' title='bbox 2105 5557 2188 5608; x_wconf 85' lang='lat' dir='ltr'><strong>vel</strong></span> <span class='ocrx_word' id='word_1_866' title='bbox 2225 5557 2410 5610; x_wconf 75' lang='lat' dir='ltr'><strong>lenire.</strong></span> 
     </span>
    </p>
   </div>
   <div class='ocr_carea' id='block_1_118' title="bbox 2181 5624 3682 5695">
    <p class='ocr_par' dir='ltr' id='par_1_118' title="bbox 2181 5624 3682 5695">
     <span class='ocr_line' id='line_1_119' title="bbox 2181 5624 3682 5695; baseline -0.01 -6"><span class='ocrx_word' id='word_1_867' title='bbox 2181 5625 2295 5694; x_wconf 70' lang='grc'><strong>(72)</strong></span> <span class='ocrx_word' id='word_1_868' title='bbox 2336 5627 2448 5680; x_wconf 88' lang='grc' dir='ltr'>Τοῦ</span> <span class='ocrx_word' id='word_1_869' title='bbox 2496 5627 2732 5695; x_wconf 78' lang='grc' dir='ltr'>αἰῶνος.</span> <span class='ocrx_word' id='word_1_870' title='bbox 2799 5627 2922 5682; x_wconf 63' lang='lat' dir='ltr'><strong>Haec</strong></span> <span class='ocrx_word' id='word_1_871' title='bbox 2977 5644 3080 5682; x_wconf 75' lang='lat' dir='ltr'><strong>vox</strong></span> <span class='ocrx_word' id='word_1_872' title='bbox 3140 5627 3194 5681; x_wconf 89' lang='lat' dir='ltr'><strong>in</strong></span> <span class='ocrx_word' id='word_1_873' title='bbox 3247 5624 3468 5694; x_wconf 82' lang='lat' dir='ltr'><strong>Vulgat.</strong></span> <span class='ocrx_word' id='word_1_874' title='bbox 3521 5627 3682 5680; x_wconf 85' lang='lat' dir='ltr'><strong>etiam</strong></span> 
     </span>
    </p>
   </div>
   <div class='ocr_carea' id='block_1_119' title="bbox 2108 5695 3683 5770">
    <p class='ocr_par' dir='ltr' id='par_1_119' title="bbox 2108 5695 3683 5770">
     <span class='ocr_line' id='line_1_120' title="bbox 2108 5695 3683 5770; baseline -0.001 -23"><span class='ocrx_word' id='word_1_875' title='bbox 2108 5695 2324 5770; x_wconf 47' lang='lat' dir='ltr'><strong>Graecis</strong></span> <span class='ocrx_word' id='word_1_876' title='bbox 2365 5698 2597 5768; x_wconf 83' lang='lat' dir='ltr'><strong>legitur,</strong></span> <span class='ocrx_word' id='word_1_877' title='bbox 2649 5715 2813 5770; x_wconf 85' lang='lat' dir='ltr'><strong>quam</strong></span> <span class='ocrx_word' id='word_1_878' title='bbox 2877 5697 3066 5753; x_wconf 84' lang='lat' dir='ltr'><strong>Latina</strong></span> <span class='ocrx_word' id='word_1_879' title='bbox 3137 5698 3521 5766; x_wconf 81' lang='lat' dir='ltr'><strong>interpretatio</strong></span> <span class='ocrx_word' id='word_1_880' title='bbox 3577 5712 3683 5748; x_wconf 77' lang='lat' dir='ltr'><strong>neu</strong></span> 
     </span>
    </p>
   </div>
   <div class='ocr_carea' id='block_1_120' title="bbox 2105 5767 2372 5832">
    <p class='ocr_par' dir='ltr' id='par_1_120' title="bbox 2105 5767 2372 5832">
     <span class='ocr_line' id='line_1_121' title="bbox 2105 5767 2372 5832; baseline 0.019 -15"><span class='ocrx_word' id='word_1_881' title='bbox 2105 5767 2372 5832; x_wconf 73' lang='lat' dir='ltr'><strong>agnoscit.</strong></span> 
     </span>
    </p>
   </div>
  </div>
