3826 6232
205 303 317 362 917
378 355 386 359 -
1382 302 1700 361 PREPAR.
1745 305 1766 360 Ι

1888 305 1992 362 NG.
2034 305 2161 360 LIB.
2204 304 2294 360 XI.
3359 303 3480 428 9ἰὸ1

208 425 334 496 ρίας
374 425 433 478 ἑν
469 429 581 492 τοῖς
618 427 980 499 ιπουρανίοις.
1023 444 1042 479 ι
1094 428 1390 497 Ἀντικρυς
1435 428 1480 480 δ’
1525 427 1700 481 έοικεν
1755 432 1766 480 t‘

1888 429 2046 498 ignis.
2084 449 2104 480 ι
2153 425 2296 494 Quin
2348 425 2510 480 etiam
2566 425 2840 480 hostilium
2871 430 3188 478 naturarum
3227 425 3479 491 pugnam‘

209 515 438 569 Πλάτων
462 517 527 570 τὸ
562 519 804 583 Μωσέως
858 518 1038 588 λόγιον
1067 519 1454 592 μεταφράζειν,
1479 520 1542 573 τὸ
1577 520 1766 592 ιρῆιιαν¹

1889 521 2178 591 expressit,
2213 519 2309 589 qui
2333 518 2490 582 dixit,
2528 537 2548 569 ι
2580 515 2698 572 Non
2727 525 2810 572 est
2839 515 2996 571 nobis
3025 513 3336 570 colluctatio
3365 514 3465 568 ad-

215 623 235 654 (
249 606 379 658 Ὅτε
399 605 701 681 διεμέριζεν
720 611 750 662 ό
764 609 1025 679 ’Υψιστος
1053 610 1293 684 temo;
1315 612 1619 685 διέσπειρεν
1637 615 1766 668 υἱοὺς

1889 624 2083 664 versus
2110 606 2430 678 sanguinem
2473 614 2528 660 et
2556 621 2802 670 carnem,
2832 606 2926 660 sed
2967 605 3229 659 adversus
3257 603 3465 673 princi-

217 695 414 767 Ἀδὰμ,
450 697 677 770 ἔστησεν
720 702 843 773 ὅρια
879 700 1048 757 ὲθνῶν
1099 704 1240 758 κατὰ
1280 705 1512 776 ἀριθμὸν
1537 706 1766 774 ἁγγέλωπ

1888 716 1985 771 pes
2015 709 2070 755 et
2091 706 2406 770 potestates,
2438 697 2705 752 adversus
2727 696 2916 751 mundi
2951 705 3186 750 rectores
3211 694 3465 750 tenebra-

204 788 344 841 Θεοῦ
373 789 509 859 (75),
557 809 576 843 ι
606 792 676 845 δι’
707 785 784 847 ὧν
815 796 1070 866 κτήματα
1103 795 1242 848 θεῶν
1281 798 1376 851 καὶ
1412 798 1682 870 δαιμόνων
1723 798 1766 851 τί

1890 807 2011 848 rum
2050 791 2217 861 hujus
2268 788 2490 853 saeculi,
2538 797 2730 844 contra
2776 786 3080 858 spiritualia
3123 786 3378 856 nequitia:
3411 786 3464 838 in

206 884 319 938 πᾶν
354 883 510 953 γένος
535 885 836 959 ἀνθρώπων
868 885 1005 942 εἶναι
1024 888 1283 962 ὡρίσατο.

1888 883 2204 941 cmlestibus
2225 882 2320 935 δν.
2359 900 2378 934 ι
2423 879 2716 936 Enimvero
2733 879 2860 934 illud
2877 878 3040 935 etiam
3073 876 3240 932 Mosis
3269 891 3465 932 oracu-

203 978 320 1033 lum
351 977 510 1047 plane
553 979 936 1051 interpretatus
963 981 1171 1037 videtur
1191 981 1367 1051 Plato,
1396 985 1542 1054 quod
1574 986 1646 1040 sic
1719 983 1886 1039 habet
1921 999 1934 1035 :
1975 998 1993 1030 ι
2025 977 2256 1044 Quando
2280 976 2555 1032 dividebat
2585 973 2901 1031 Altissimus
2968 981 3177 1043 gentes,
3245 972 3468 1042 quando

203 1075 497 1143 separabat
523 1074 662 1129 filios
689 1076 898 1141 Adam,
926 1078 1211 1134 constituit
1247 1079 1510 1134 terminos
1548 1082 1873 1152 populorum
1928 1076 2086 1146 juxta
2137 1086 2435 1128 numerum.
2468 1071 2791 1140 angelorum
2859 1068 2955 1125 Dei
2989 1067 3034 1098 δ’
3063 1108 3078 1131 ,
3111 1085 3130 1118 ι
3170 1081 3296 1121 cum
3329 1066 3452 1120 uni-

202 1182 426 1222 versum
449 1167 734 1225 hominm
763 1186 955 1240 genus,
980 1172 1207 1228 deorum
1240 1190 1306 1230 ac
1333 1174 1640 1231 daemonum
1667 1173 2073 1247 possessionem
2105 1185 2227 1226 esse
2250 1167 2622 1240 pronuntiavit

712 1264 1106 1322 ΚΕΦΑΛΑΙΟΝ
1135 1267 1262 1323 KZ'.

200 1351 346 1418 Περὶ
373 1351 582 1422 ψυχῆς
605 1354 961 1423 ἀθανασίας,
1018 1359 1296 1427 Ἑϐραίων
1316 1361 1415 1414 καὶ
1439 1361 1778 1429 Πλάτωνος.

275 1531 386 1583 Kal
414 1531 472 1583 ὲν
501 1550 613 1598 τοις
642 1535 772 1608 περὶ
799 1536 976 1609 ψυχῆς
991 1538 1294 1604 ἀθανασίας
1314 1542 1464 1596 οὐδὲν
1480 1545 1726 1608 Μωσέως
1756 1547 1784 1599 ό

201 1622 430 1679 Πλάτων
456 1626 715 1700 διέστηκε
739 1634 804 1702 τῇ
825 1631 969 1704 δόξῃ.
1006 1633 1063 1686 '0
1084 1634 1182 1704 μέν
1197 1651 1261 1704 γε
1278 1637 1496 1709 πρῶτος
1518 1637 1786 1692 ἀθάνατον

198 1716 390 1770 οὐσίαν
410 1714 658 1791 εἶναιτὴν
672 1723 728 1775 ὲν
744 1721 1016 1794 ἀνθρώπῳ
1031 1724 1208 1797 ψυχὴν
1224 1727 1670 1799 ὡρίσατο,εἰκόνα
1687 1732 1786 1802 φή-

201 1824 303 1872 σας
316 1809 583 1881 ὑπάρχειν
601 1813 771 1886 αὐτὴν
791 1815 949 1881 Θεοῦ,
974 1817 1174 1888 μᾶλλον
1203 1819 1258 1872 δὲ
1288 1823 1409 1874 κατ’
1438 1823 1620 1876 εἰκόνα
1649 1823 1782 1877 Θεοῦ

196 1901 548 1972 γεγενῆσθαι.
597 1921 617 1955 σ
657 1901 787 1959 Elite
815 1906 946 1979 γὰρ,
966 1909 1153 1978 φησὶν,
1189 1913 1216 1964 ὁ
1253 1912 1418 1977 Θεός·
1456 1915 1784 1985 Ποιήσωμεν

195 1989 486 2062 ἄνθρωπον
499 1995 813 2050 κατἐἰκόνα
825 1999 918 2052 καὶ
933 2000 1189 2071 ὁμοίωσιν
1208 2005 1240 2075 ὴ
1250 2005 1376 2075 μετέ
1384 2023 1500 2077 ραν.
1519 2008 1629 2061 Kal
1644 2007 1787 2060 ἐποί-

197 2097 336 2150 ησεν
364 2083 540 2148 όΘεός
565 2086 656 2139 τὸν
686 2087 992 2160 ἄνθρωπον·
1025 2094 1145 2145 κατ’
1163 2094 1347 2147 εἰκόνα
1365 2095 1500 2148 Θεοῦ
1519 2097 1777 2167 ἐποίησεν

195 2174 383 2228 αὐτόν.
415 2195 434 2228 ι
469 2178 579 2231 Kal
599 2178 727 2251 ἑξῆς
754 2182 844 2235 τὸν
868 2181 1122 2237 σύνθετον
1151 2184 1228 2254 τῷ
1255 2185 1398 2256 λόγῳ
1417 2187 1671 2260 διαιρῶν,
1703 2189 1782 2254 εῐς

195 2284 256 2320 τε
279 2267 340 2320 τὸ
361 2270 682 2339 φαινόμενον
715 2272 872 2344 σῶμα
901 2275 995 2327 καὶ
1024 2277 1104 2338 εἰς
1130 2276 1222 2329 τὸν
1244 2277 1385 2331 κατὰ
1419 2278 1597 2350 ψυχὴν
1627 2281 1780 2334 νοού-

198 2373 400 2426 μενον,
430 2358 674 2428 ἐπιλέγει
694 2379 708 2392 ·
748 2381 766 2414 ι
804 2363 916 2417 Kal
945 2363 1137 2421 ἔλαϐεν
1167 2367 1195 2419 ὁ
1223 2366 1357 2432 Θεὸς
1385 2368 1517 2439 χοῦν
1546 2371 1655 2424 ἀπὸ
1681 2375 1781 2442 τῆς

195 2449 323 2519 γῆς,
354 2451 450 2503 καὶ
478 2450 712 2506 ἔπλασεν
753 2457 782 2508 ό
818 2455 951 2521 Θεὸς
978 2457 1070 2512 τὸν
1098 2459 1386 2532 ἄνθρωπον
1406 2503 1420 2527 ,
1469 2465 1564 2516 καὶ
1592 2463 1782 2534 ἐνεφύ-

196 2557 368 2610 σησεν
407 2545 487 2607 εἰς
543 2545 604 2598 τὸ
649 2547 940 2619 πρόσωπον
995 2551 1161 2605 αὑτοῦ
1223 2554 1393 2626 πνοὴν
1451 2554 1632 2626 ζωῆς,
1685 2557 1780 2610 καὶ

194 2628 417 2696 ἐγένετο
464 2634 492 2686 ό
560 2633 844 2707 ἄνθρωπος
894 2641 976 2703 εἰς
1027 2640 1206 2714 ψυχὴν
1270 2643 1469 2708 ζῶσαν.
1529 2663 1548 2696 ι
1620 2645 1780 2700 Ἀλλὰ

194 2724 294 2777 καὶ
320 2725 546 2796 ἀρχικόν
575 2745 739 2799 φησιν
769 2732 932 2788 αὐτὸν
959 2735 1054 2787 καὶ
1078 2734 1353 2805 βασιλικὸν
1387 2737 1640 2806 γενέσθαι
1668 2739 1778 2792 τῶν

192 2816 290 2867 ἐπὶ
317 2819 422 2888 γῆς
450 2819 686 2877 πάντων.
717 2824 880 2894 Λέγει
908 2827 953 2880 δ’
983 2823 1107 2881 οὖν’
1145 2847 1163 2880 ι
1193 2830 1302 2883 Kal
1321 2831 1638 2902 ἀρχέτωσαν
1668 2831 1776 2886 τῶν

2440 1257 2671 1316 CAPUT
2707 1257 2919 1313 XXVII.

1886 1356 1965 1412 De
1995 1356 2188 1410 animle
2216 1353 2637 1474 immertaliladte,
2658 1367 2723 1433 ea:
2751 1350 3096 1406 Hebraeorum
3122 1347 3469 1417 Platonisque

2586 1432 2806 1474 octrma.

2586 1432 2806 1475 οειηιια.

1963 1540 2083 1596 Jam
2109 1555 2240 1596 vero
2272 1539 2338 1594 de
2380 1536 2791 1593 immortalitate
2839 1535 3037 1590 animas
3076 1533 3291 1604 gemina
3330 1546 3472 1602 quo-

1815 1600 1860 1655 B
1887 1649 1994 1704 que
2021 1631 2192 1688 Mosis
2219 1631 2324 1686 fuit
2349 1629 2703 1698 Platonisque
2722 1627 3015 1683 sententia.
3049 1600 3113 1681 Et
3136 1626 3226 1681 ille
3244 1600 3464 1695 quidem

1887 1725 2253 1782 immortalem
2309 1737 2432 1778 esse
2482 1721 2540 1776 in
2589 1720 2809 1775 homine
2859 1719 3027 1774 animi
3076 1715 3466 1779 substantiam,

1886 1818 2034 1888 prior
2067 1823 2181 1870 tum
2215 1813 2444 1878 statuit,
2471 1827 2598 1869 cum
2621 1826 2742 1867 eam
2774 1810 2869 1872 Dei
2894 1809 3184 1880 imaginem
3209 1848 3224 1876 ,
3255 1807 3340 1862 vel
3368 1822 3473 1878 po-

1888 1910 1996 1964 tius
2053 1907 2296 1962 divinam
2349 1904 2417 1960 ad
2482 1904 2773 1975 imaginem
2828 1903 3028 1956 factam
3085 1917 3207 1956 esse
3257 1900 3465 1956 docuit.

1890 2020 1909 2054 t
1957 2000 2106 2055 Dixit
2158 2001 2307 2054 enim
2342 1996 2508 2065 Deus,
2567 1998 2766 2067 inquit,
2831 1995 3123 2051 Faciamus
3187 1994 3466 2049 hominem

1884 2093 1952 2148 ad
1974 2090 2266 2162 imaginem
2290 2097 2346 2146 et
2365 2089 2778 2145 similitudinem
2805 2097 3073 2142 nostram.
3096 2081 3164 2139 Et
3179 2083 3307 2140 fecit
3322 2081 3468 2138 Deus

1883 2185 2158 2241 hominem
2198 2202 2210 2237 :
2245 2182 2312 2238 ad
2334 2182 2626 2252 imaginem
2649 2178 2745 2234 Dei
2779 2180 2910 2235 fecit
2943 2179 3096 2234 illum
3124 2176 3468 2232 “°.iDeinde

1883 2276 2268 2346 compositum,
2305 2273 2361 2328 in
2385 2288 2588 2343 corpus
2609 2279 2714 2328 hoc
2738 2270 3067 2342 aspectabile
3086 2309 3102 2336 ,
3139 2278 3195 2324 et
3221 2284 3346 2323 eum
3371 2266 3470 2337 qui

1881 2372 2066 2425 animo
2097 2380 2254 2425 tenus
2283 2368 2604 2439 intelligitur
2631 2369 2883 2422 oratione
2897 2365 3257 2434 distinguens,
3275 2361 3425 2416 addit
3450 2379 3465 2416 :

1885 2481 1905 2516 ι
1938 2461 2005 2516 Ει
2031 2463 2244 2533 accepit
2290 2460 2435 2518 Deus
2482 2462 2764 2532 pulverem
2806 2473 2873 2514 ex
2908 2466 3076 2524 terra,
3125 2465 3180 2511 et
3210 2454 3470 2510 formavit

1880 2553 2025 2609 Deus
2043 2553 2345 2618 hominem,
2364 2561 2421 2608 et
2456 2553 2747 2623 inspiravit
2767 2551 2825 2604 in
2851 2548 3048 2605 faciem
3071 2547 3190 2616 ejus
3220 2547 3467 2616 spiracu-

1877 2645 1991 2698 lum
2017 2643 2160 2709 vitm,
2179 2651 2233 2698 et
2257 2641 2434 2699 factus
2449 2650 2532 2696 est
2555 2642 2718 2695 homo
2734 2639 2791 2694 in
2807 2638 3048 2693 animam
3063 2635 3333 2689 viventem
3357 2631 3424 2685 “.
3440 2650 3458 2682 ι

1879 2733 2035 2804 551
2073 2734 2336 2789 Eumdem
2359 2740 2623 2804 praeterea
2655 2731 2902 2788 omnium
2932 2743 3056 2798 qua:
3089 2727 3144 2782 in
3173 2735 3317 2781 terra
3338 2733 3469 2781 sunt

1876 2827 2180 2897 principem
2215 2841 2281 2882 ac
2306 2841 2489 2897 regem
2515 2832 2762 2881 creatum
2787 2821 2960 2877 fuisse
2991 2820 3180 2885 tradit,
3208 2818 3339 2873 dum
3364 2817 3464 2883 ait,

195 2905 398 3008 ἰχθύων
426 2913 525 2984 τῆς
552 2912 846 2988 θαλάσσης,
877 2919 972 2971 καὶ
1014 2918 1125 2972 τῶν
1171 2921 1432 2974 πετεινῶν
1471 2922 1564 2976 τοῦ
1608 2925 1766 2996 οὐρα-

1888 2940 1902 2974 ι
1939 2919 2006 2975 Ει
2044 2921 2271 2992 prazsint
2297 2920 2542 2992 piscibus
2575 2919 2766 2982 maris,
2801 2926 2855 2972 et
2896 2913 3209 2970 volatilibus
3234 2909 3382 2980 creti,
3412 2919 3469 2966 et

191 2999 310 3067 νοῦ,
343 3003 564 3058 καὶτῶν
595 3007 806 3078 κτηνῶν
836 3011 1017 3082 πάσης
1045 3014 1146 3083 τῆς
1163 3015 1286 3085 γῆς.
1320 3016 1431 3068 Kal
1461 3016 1717 3088 ἐποίησεν
1745 3019 1774 3071 ό

192 3097 329 3162 Θεὸς
354 3099 448 3153 τὸν
476 3099 791 3172 ἄνθρωπον·
827 3105 949 3156 κατ’
979 3105 1162 3158 εἰκόνα
1199 3105 1337 3160 Θεοῦ
1381 3109 1635 3180 εποίησεν
1680 3111 1776 3164 αὐ-

189 3190 306 3242 τόν.
346 3209 366 3241 ι
418 3188 542 3254 Πῶς
567 3191 612 3244 δ’
653 3192 718 3246 ἂν
760 3194 935 3258 ἄλλως
976 3195 1140 3250 εἰκὼν
1187 3198 1452 3254 ὲπινοοϊτο
1501 3201 1634 3255 Θεοῦ
1682 3205 1776 3258 καὶ

187 3281 446 3352 ὁμοίωμα
473 3283 506 3355 ἦ
539 3284 678 3338 κατὰ
706 3284 805 3350 τὰς
824 3287 881 3339 ὲν
901 3285 979 3358 τῷ
998 3286 1116 3358 Θεῷ
1129 3288 1411 3360 δυνάμεις,
1430 3293 1523 3345 καὶ
1549 3293 1648 3365 τὴν
1675 3297 1775 3366 τῆς

189 3373 398 3444 ἀρετῆς
425 3375 753 3447 όμοιότητα;
799 3379 989 3432 Μωσεί
1028 3379 1084 3432 δὲ
1113 3382 1208 3433 καὶ
1247 3383 1304 3434 ὲν
1333 3382 1545 3448 τούτοις
1585 3385 1776 3458 ὥσπερ

194 3464 682 3537 μεμαθητευμένος
735 3470 764 3522 ό
819 3468 1068 3536 Πλάτων,
1126 3474 1292 3528 τοιάδ’
1336 3476 1393 3528 ἐν
1448 3475 1528 3546 τῷ
1589 3475 1776 3530 Ἁλκι-

190 3555 364 3625 ϐιάδῃ
395 3558 507 3628 (74)
538 3560 702 3630 φησίν
722 3578 736 3590 ·
777 3580 796 3612 t
839 3563 1074 3634 Ἔχομεν
1094 3561 1186 3619 οὖν
1214 3567 1388 3621 εἰπεῖν
1416 3567 1444 3620 ὃ
1470 3585 1524 3620 τι
1556 3571 1652 3639 τῆς
1673 3569 1778 3639 titu-

187 3650 296 3720 χῆς
323 3651 441 3704 ἐστι
471 3649 741 3723 θειότερον
769 3652 800 3724 ἢ
831 3653 1007 3719 τοῦτο,
1041 3656 1169 3729 περὶ
1210 3658 1238 3710 δ
1266 3659 1326 3711 τὸ
1355 3658 1554 3713 εἰδέναι
1598 3678 1652 3714 τε
1684 3661 1776 3714 xal

189 3745 410 3814 φρονεῖν
439 3745 622 3811 tactv;
654 3747 768 3800 Οὐκ
797 3746 1012 3818 ἔχομεν.
1046 3749 1137 3821 Τῷ
1166 3749 1297 3821 θείῳ
1335 3750 1444 3823 ἄρα
1483 3750 1642 3806 τοῦτο
1672 3753 1777 3807 ἔοι-

187 3851 286 3888 κεν
314 3834 484 3906 αὐτῆς
505 3851 520 3866 ’
565 3836 658 3890 καί
679 3899 682 3904 _
703 3853 791 3901 τις
838 3839 917 3901 εἰς
959 3837 1116 3892 τοῦτο
1156 3839 1369 3910 βλέπων
1391 3882 1406 3907 ,
1455 3843 1550 3896 καὶ
1580 3844 1686 3897 πᾶν
1715 3845 1776 3898 τὸ

187 3927 334 3981 θεῖον
361 3927 544 3996 γνοὺς,
575 3927 708 3982 Θεόν
735 3946 795 3982 τε
825 3932 920 3984 καὶ
942 3933 1223 4004 φρόνησιν,
1266 3933 1409 3987 οὕτω
1439 3936 1535 3988 καὶ
1585 3936 1775 3991 ἑαυτὸν

184 4020 253 4075 ἂν
280 4021 436 4093 γνοίη
470 4021 722 4092 μάλιστα.
753 4024 1005 4077 Φαίνεται
1036 4023 1146 4094 (75)
1177 4026 1286 4098 γὰρ
1319 4023 1413 4081 οὖν
1433 4067 1447 4092 ,
1480 4027 1558 4081 ὅθ’
1587 4027 1776 4100 ὥσπερ

184 4114 472 4186 κάτοπτρά
499 4116 614 4168 ἐστι
638 4115 951 4186 σαφέστατα
978 4127 1006 4156 ι
1035 4115 1128 4169 τοῦ
1159 4119 1216 4172 ἐν
1245 4117 1323 4188 τῷ
1379 4119 1644 4192 ὀφθαλμῷ
1687 4122 1775 4174 ὲν-

181 4207 412 4280 όπτρου,
445 4207 541 4260 xa‘t
569 4205 949 4280 καθαρώτερα,
981 4209 1076 4262 καὶ
1104 4207 1460 4281 λαμπρότερα
1478 4229 1493 4242 ·
1513 4211 1656 4265 οὔτω
1685 4213 1778 4266 καὶ

1877 3012 2068 3068 bestiis
2100 3012 2369 3068 universae
2398 3019 2576 3066 terrae.
2619 3008 2685 3065 Et
2715 3007 2846 3063 fecit
2870 3006 3012 3062 Deus
3041 3004 3321 3060 hominem
3352 3021 3367 3058 :
3396 3003 3468 3058 ad

1875 3103 2169 3174 imaginem
2202 3103 2299 3160 Dei
2333 3102 2461 3160 fecit
2490 3102 2643 3157 illum
2674 3101 2745 3156 “.
2787 3119 2806 3153 ι
2829 3097 3116 3166 Quomodo
3149 3104 3334 3152 autem
3359 3095 3465 3150 ali-

1877 3207 1959 3254 ter
1990 3197 2086 3252 Dei
2127 3196 2310 3268 imago
2354 3211 2419 3252 ac
2459 3195 2762 3251 similitudo
2807 3193 3175 3264 intelligatur,
3201 3206 3368 3262 quam
3396 3205 3469 3247 ex

1875 3291 2190 3345 divinarum
2239 3288 2562 3345 facultatum
2593 3286 2920 3351 imitatione,
2955 3285 3285 3355 virtutisque
3312 3282 3469 3340 simi-

1873 3381 2142 3437 litudine?
2174 3379 2296 3447 Quo
2329 3380 2494 3436 etiam
2521 3379 2576 3432 in
2606 3392 2804 3448 genere
2829 3374 3022 3442 Plato,
3069 3375 3294 3446 perinde
3327 3383 3386 3428 ut
3419 3373 3467 3427 si

1875 3473 2042 3530 Mosis
2097 3473 2406 3543 discipulus
2455 3470 2684 3534 fuisset,
2735 3470 2852 3525 haec
2897 3470 2950 3523 in
2983 3467 3258 3522 Alcibiade
3288 3467 3467 3536 philo-

1874 3565 2139 3635 sophatur
2157 3583 2172 3620 :
2191 3563 2476 3620 «Potestne
2491 3579 2521 3618 a
2539 3563 2699 3618 nobis
2721 3561 2957 3617 divinius
2973 3559 3177 3630 aliquid
3199 3561 3253 3612 in
3279 3557 3466 3612 animo

1875 3658 2072 3722 statui,
2125 3672 2291 3727 quam
2335 3657 2419 3721 id,
2455 3657 2507 3711 in
2538 3670 2649 3726 quo
2691 3653 3044 3724 intelligentia
3091 3649 3467 3721 sapientiaque

1874 3751 2166 3805 versatur?
2195 3747 2314 3804 Non
2339 3757 2537 3820 potest.
2571 3747 2664 3802 illa
2693 3746 2862 3818 igitur
2891 3745 3062 3800 animi
3095 3743 3348 3809 facultas,
3383 3741 3468 3796 di-

1874 3843 2016 3898 vina:
2043 3841 2240 3898 similis
2281 3842 2472 3911 utique
2520 3838 2688 3894 fuerit
2718 3856 2731 3892 :
2767 3855 2832 3895 ac
2860 3834 3091 3908 proinde
3123 3835 3217 3906 qui
3248 3835 3303 3888 in
3343 3848 3465 3888 eam

1875 3934 2197 4002 intuebitur,
2233 3950 2298 3990 ae
2328 3933 2494 3989 simul
2522 3931 2784 4004 quidquid
2816 3930 2986 3987 divini
3019 3938 3125 3996 est,
3160 3927 3355 3990 Deum,
3379 3924 3467 3980 in-

1877 4041 2067 4097 quam,
2103 4035 2158 4081 et
2184 4026 2507 4096 sapientiam
2539 4023 2836 4094 intelliget;
2887 4023 2934 4078 is
2955 4022 3177 4078 demum
3201 4035 3262 4076 se
3285 4020 3466 4089 ipsum

1876 4135 1985 4176 una
2014 4118 2524 4190 perfectissimeque
2569 4122 2884 4187 cognoscet.
2953 4113 3244 4169 Enimvero
3271 4111 3475 4181 liquet,

1877 4212 2095 4283 opinor,
2115 4211 2281 4276 illud;
2309 4208 2772 4281 quemadmodum
2797 4207 3017 4276 specula
3039 4204 3289 4275 quadam
3312 4211 3464 4264 sunt,

181 4302 208 4352 ti
243 4299 381 4361 Θεὸς
415 4298 510 4352 τοῦ
558 4302 616 4352 ὲν
644 4302 711 4371 τῇ
743 4300 989 4374 ἡμετέρᾳ⁸
1016 4301 1162 4372 ψυχῇ
1198 4300 1476 4370 βελτίστου
1523 4302 1766 4375 καθαρώ-

1888 4319 2001 4375 quae
2029 4302 2173 4359 oeuli
2207 4302 2382 4358 nostri
2411 4301 2671 4373 pupillam
2697 4298 3119 4371 perspicuitate,
3173 4297 3354 4352 nitore
3400 4309 3466 4350 ac

181 4392 343 4464 τερόν
371 4409 431 4445 τε
461 4393 554 4444 καὶ
580 4391 957 4465 λαμπρότερον
1005 4394 1260 4464 τυγχάνει
1314 4394 1394 4451 ὅν.
1449 4395 1634 4449 Ἕοικέ
1688 4413 1774 4465 γε,

179 4477 226 4536 ῶ
256 4482 567 4555 Σώκρατες.
615 4484 711 4547 Εἰς
760 4483 851 4536 τὸν
907 4485 1040 4538 Θεὸν
1087 4485 1196 4557 ἄρα
1227 4485 1542 4556 βλέποντες,
1575 4487 1772 4559 ἐκείνῳ

180 4566 462 4647 καλλίστῷ
483 4575 727 4647 ἐνόπτρῳ
754 4573 993 4648 χρῴμεθ’
1022 4577 1108 4646 ἂν,
1141 4579 1237 4632 καὶ
1265 4576 1375 4631 τῶν
1396 4578 1772 4648 ίάνθρωπίνων

178 4670 262 4732 εἰς
287 4667 391 4740 τὴν
417 4667 595 4738 ψυχῆς
622 4668 825 4739 ἀρετήν
844 4687 856 4698 ·
885 4671 980 4723 καὶ
1002 4670 1176 4736 οὕτως
1207 4672 1272 4726 ἂν
1292 4673 1527 4745 μάλιστα
1555 4670 1774 4744 ὁρῷμεν

177 4762 274 4816 καὶ
301 4758 658 4831 γινώσκοιμεν
711 4761 857 4832 ἡμᾶς
904 4763 1118 4829 αὐτούς.
1153 4765 1281 4819 Ναί.
1317 4785 1336 4817 ι
1370 4765 1553 4821 Ταῦτα
1589 4766 1686 4837 μὲν
1716 4766 1777 4820 ἐν

1882 4394 2171 4466 splendore
2203 4403 2462 4464 superent
2494 4411 2509 4447 :
2546 4393 2621 4447 ita
2651 4391 2822 4447 Deum
2859 4391 2952 4446 illo
2982 4392 3134 4460 ipso,
3185 4389 3330 4460 quod
3360 4403 3464 4443 no,-

1881 4499 1996 4546 stro
2022 4489 2077 4544 in
2105 4488 2293 4544 animo
2324 4486 2784 4558 perfectissimum
2813 4495 2916 4550 est,
2942 4484 3219 4554 puriorem
3251 4492 3306 4537 et
3336 4482 3463 4535 illu-

1879 4582 2132 4637 striorem
2182 4595 2325 4636 esse.
2389 4577 2457 4633 Et
2511 4578 2708 4633 merito
2737 4578 2789 4632 id
2819 4577 3063 4647 quidem,
3107 4590 3142 4630 ο
3185 4575 3462 4630 Socrates.

1879 4670 2016 4728 Cum
2068 4672 2235 4743 igitur
2285 4671 2342 4725 in
2369 4668 2538 4724 Deum
2585 4668 2763 4738 ipsum
2799 4666 3134 4720 intuebimur
3171 4674 3286 4719 tum
3340 4664 3467 4732 pul~

1881 4765 2154 4822 cherrimo
2203 4778 2334 4819 sane
2387 4776 2567 4818 rerum
2619 4762 2782 4816 etiam
2820 4761 3182 4814 humanarum
3215 4755 3460 4826 speculo,

245 4876 320 4910 δι’
356 4873 554 4946 Ephes.
592 4893 674 4938 v1,
714 4878 804 4933 12.
875 4879 920 4911 ⁸²
959 4879 1113 4936 Deut.
1159 4898 1330 4946 xxxn,
1369 4881 1421 4936 8.
1497 4884 1562 4915 δ”
1597 4882 1732 4938 Gen.

1888 4883 1935 4916 "
1970 4884 2104 4942 ibid.
2177 4882 2223 4914 “
2248 4881 2382 4938 ibid.

225 4983 256 5013 ει
284 4987 408 5037 ms.,
451 4972 776 5043 σαφέστερα.

247 5065 362 5148 (75)
403 5067 690 5148 Ἀγτέλων
719 5069 900 5148 Θεοῦ..
931 5067 1008 5148 ita
1043 5070 1393 5148 Septuaginta
1433 5089 1446 5125 :
1483 5087 1754 5148 cum‘cre-

172 5139 279 5193 teri
319 5152 512 5214 omnes
533 5139 858 5214 interpretes
887 5139 1127 5196 habeant
1151 5141 1284 5195 υἱῶν
1322 5141 1571 5214 Ἰσραήλ,
1608 5143 1753 5211 ﬁlio-

175 5155 279 5193 teri
319 5155 512 5191 omnes
533 5155 646 5192 inte
718 5155 834 5195 rete:

175 5224 298 5262 rum
328 5205 546 5262 Israel:
582 5155 834 5264 υιἮεὺν.

243 5277 508 5359 ςΠρ-Ἐν
530 5277 612 5359 Ξῷ
650 5281 984 5359 Ἀλκιβιάδῃ.
1018 5279 1260 5359 Priorem
1299 5282 1577 5359 intelligit.
1609 5282 1754 5359 Gon-

174 5347 295 5403 sule
329 5347 425 5427 lib.
457 5363 491 5401 ι
519 5347 596 5427 De
631 5351 856 5427 repubL,
901 5347 1022 5422 pag.
1075 5352 1213 5416 5l6,
1259 5353 1351 5408 ubi
1382 5353 1448 5409 de
1479 5347 1599 5410 cad.
1647 5356 1753 5410 im-

173 5419 512 5472 mortalitate
537 5419 774 5474 disserit.

226 5487 362 5570 .(75)
394 5488 702 5570 matre?th
723 5491 842 5570 Hic,
891 5491 1032 5570 apud
1079 5490 1376 5570 Platonem
1396 5495 1634 5570 maxima
1668 5497 1720 5551 di

173 5557 398 5638 stinetio
424 5557 1176 5638 est.-7lllud_enim_ipalve~:at
1205 5564 1472 5638 Alcibiadi
1513 5582 1712 5636 respon

172 5628 656 5708 dentiutribuitur.
715 5631 847 5708 inde
895 5628 1153 5708 socrates
1197 5634 1301 5688 alia
1352 5628 1623 5708 perrogat,
1679 5638 1746 5691 ab

173 5696 501 5752 Ensehianis
545 5698 936 5756 diversissima.
977 5702 1188 5758 Nostris
1218 5696 1396 5758 tamen
1429 5696 1741 5762 haerendum

172 5783 393 5834 censeo,
425 5784 547 5839 quae
591 5786 714 5826 cum
749 5772 1012 5842 proximis
1053 5783 1106 5830 et
1137 5775 1505 5846 superioribus
1544 5779 1744 5847 Optime

1863 5076 2206 5143 conveniant.
2229 5073 2516 5128 Praecessit
2535 5073 2678 5127 enim
2693 5072 2833 5143 apud
2851 5070 3132 5127 Platonem
3153 5069 3462 5143 :A‘E‘vvsvdnr-

1863 5163 1966 5209 κσς
2007 5142 2122 5210 οὖν,
2169 5147 2252 5199 ὅτι
2296 5144 2389 5198 τοῦ
2441 5139 2809 5216 ἐμϐλέποντος
2843 5145 2923 5216 εἰς
2962 5143 3053 5197 τὸν
3091 5139 3371 5216 ὀφθαλμόν
3397 5139 3461 5196 τὺ

1864 5217 2177 5302 πρόσωπον,
2205 5210 2548 5302 ’ἐμφαίνεται
2601 5216 2666 5302 ἐνι
2697 5216 2763 5285 τῇ
2813 5213 2906 5302 τοῦ
2939 5210 3278 5302 καταντικρῦ
3313 5210 3456 5302 δέξει,

1863 5279 2056 5358 ὥσπερ
2088 5279 2399 5366 κατόπτρῳ·
2431 5285 2460 5338 ὃ
2486 5285 2552 5356 δὴ
2581 5285 2674 5338 καὶ
2699 5279 2944 5356 κορυφὴν
2979 5279 3273 5354 καλοῦμεν,
3304 5279 3459 5335 εἰδω-

1862 5356 1952 5410 λον
1983 5355 2043 5409 ὃν
2075 5373 2168 5409 του
2202 5357 2588 5426 ἐμϐλέποντος.
2623 5353 2926 5426 (Qu_o_loco
2970 5355 3170 5426 rvitiose
3211 5352 3458 5426 κορνφῄν

1858 5442 1962 5500 pro
1991 5428 2182 5500 κόρην,
2209 5421 2418 5500 «iditum
2454 5421 2738 5500 arbitram)
2766 5423 2830 5500 Et
2855 5425 3024 5500 paulo.
3046 5433 3166 5500 995!
3189 5442 3202 5478 =
3223 5421 3458 5500 ἶυφθειλῖ

1902 5491 1964 5564 ὃς
2005 5491 2157 5567 ἄρα’,
2187 5500 2236 5551 εἰ
2269 5496 2443 5567 μέλειΔ
2472 5496 2601 5549 ἰδεῖν
2649 5491 2870 5567 ὲαὺτὸν,
2896 5497 2976 5558 εἰς
3003 5491 3456 5567 όῴθαλμρνάὺτῷ

1893 5564 2142 5646 λεπτέον,
2176 5564 2394 5646 καιροῦ
2421 5565 2666 5646 ὄμματος
2697 5567 2777 5646 εἰς
2810 5566 3018 5646 ἐκεῖνον
3062 5564 3152 5646 τὸν
3181 5564 3364 5646 τόπον,
3395 5565 3457 5645 εν

2213 5621 2489 5720 ὀφθαλμοῦ
2501 5621 2674 5720 ξρετῇ
2703 5621 3082 5720 ἐγγιγνομένη,
3107 5645 3233 5702 etc.,
3258 5635 3313 5691 in
3339 5621 3457 5706 qui-

1856 5706 1961 5769 bus
1988 5706 2422 5783 comparationis
2448 5706 2610 5778 hujus
2638 5706 2916 5769 ἀπόδοσις.
