3826 6232
411 270 514 329 9Ξ9
1082 274 1354 333 EUSEBII
1394 273 1875 334 CJESARIENSIS
1914 277 2063 335 OPP.
2098 278 2281 335 PARS
2311 278 2375 334 ll.
2398 294 2487 320 ‘—
2525 278 3028 338 APOLOGETICA.
3572 287 3680 342 9‘20

409 384 479 440 ad
514 384 622 440 vim
654 385 820 440 animi
849 387 1280 456 perspiciendam
1312 398 1553 458 utemur,
1585 399 1748 462 atque
1776 402 1850 449 ita
1887 408 1947 449 nc

2050 393 2170 465 ιτῷ
2203 392 2553 464 Ἀλκιϐιάδῃ.
2602 395 2691 449 Ἐν
2717 396 2777 449 δὲ
2802 395 2883 467 τῷ
2910 394 3053 464 Περὶ
3088 394 3297 465 ψυχῆς
3342 396 3680 470 πλατύτερεν

407 478 559 550 ipsos
604 476 882 549 pervidere
931 480 1166 535 maxime
1219 495 1284 537 ac
1330 498 1492 539 nosse
1534 485 1850 553 poterimus.
1912 485 1947 540 ll

2091 483 2385 557 ἑρμηνεύει
2408 484 2480 540 τά
2505 488 2644 540 κατά
2672 487 2898 550 τοὺτους
2925 487 3125 551 τόπους
3153 499 3181 528 ι
3210 488 3239 540 ὁ
3268 487 3432 552 αὐτὸς
3452 531 3467 554 ,
3497 487 3675 558 λέγων

408 583 656 639 prorsus.
683 588 703 621 ι
731 569 856 627 Haec
889 571 942 625 in
967 572 1263 629 Alcibiade.
1292 574 1363 629 At
1388 576 1442 629 in
1473 576 1692 647 dialogo
1711 575 1789 631 De
1806 577 1947 631 enim

2086 576 2280 641 οὕτως.
2317 596 2337 628 ι
2364 576 2558 649 Θῶμεν
2585 573 2677 633 οὖν
2701 577 2814 648 (76)
2846 577 3043 647 βούλει,
3100 577 3227 651 ἔφη,
3273 577 3368 633 δύο
3418 579 3535 653 εἴδη
3564 581 3675 636 τῶν

404 662 586 716 locum
616 662 761 718 hunc
792 663 1015 720 uberius
1048 663 1337 736 fusiusque
1376 674 1641 733 tractans,
1688 669 1771 724 sic
1805 668 1947 739 loqui

2085 668 2278 731 ὅντων,
2307 668 2369 721 τὸ
2401 668 2500 740 μὲν
2528 670 2745 741 ὁρατὸν,
2773 669 2834 723 τὸ
2853 669 2910 724 δὲ
2931 669 3138 735 ἀειδὲς;
3159 669 3376 742 Θῶμεν,
3400 670 3527 744 ἔφη.
3560 674 3673 728 Καὶ

405 760 532 807 tur:
571 771 591 803 ι
630 751 900 815 Placetne.
933 754 1112 826 inquit
1136 756 1410 822 Socrates,
1431 759 1544 815 duo
1566 776 1752 816 rerum
1785 776 1947 832 gener

2084 761 2146 815 τὸ
2178 760 2283 831 μὲν
2320 760 2496 826 ἀειδὲς
2538 761 2625 815 ἀεὶ
2673 761 2813 815 κατά
2841 761 2911 815 τά
2938 761 3079 815 αύτά
3100 760 3256 832 ἕχον,
3287 762 3351 816 τὸ
3390 762 3449 816 δὲ
3475 766 3670 834 ὁρατὸν

401 850 746 909 statuamus,
802 849 1131 917 aspectabile
1176 865 1344 905 unum
1366 891 1382 915 ,
1433 852 1660 906 alterum
1689 868 1799 909 non
1826 867 1985 924 aspe-

400 931 637 988 ctabile?
660 932 864 1003 Placet,
896 937 1093 1007 inquit.
1120 937 1187 994 Et
1219 940 1323 995 hoc
1343 941 1563 1011 quidem
1602 956 1710 997 non
1734 951 1983 1013 aspecta-

396 1028 537 1096 bile,
591 1031 778 1087 eodem
828 1048 1043 1104 semper
1090 1037 1252 1092 modo
1299 1053 1358 1094 se
1382 1039 1616 1103 habere;
1652 1039 1981 1109 aspectabile
2034 1101 2038 1104 γ

396 1132 580 1177 autem
615 1122 768 1184 illud,
824 1127 1152 1196 nunquam?
1198 1126 1265 1182 Et
1288 1128 1390 1184 hoc
1414 1144 1632 1200 quoque
1666 1132 1865 1200 placet,
1896 1131 1979 1186 in-

394 1225 535 1289 quit.
569 1225 682 1297 Age
707 1228 844 1298 jam,
877 1229 1055 1301 inquit
1078 1232 1169 1285 ille
1189 1272 1204 1296 ,
1237 1248 1303 1286 an
1330 1233 1535 1304 aliquid
1562 1234 1616 1289 in
1653 1235 1813 1290 nobis
1839 1250 1978 1305 prae-

392 1322 478 1370 ter
505 1332 705 1389 corpus
726 1321 1081 1392 animumque
1110 1325 1388 1393 reperias?
1416 1325 1561 1381 Nihil
1592 1341 1741 1391 vero,
1768 1328 1973 1399 inquit.

393 1405 514 1464 Utri
542 1424 673 1482 ergo
717 1413 901 1483 generi
939 1429 1137 1484 corpus
1166 1426 1416 1473 nostrum
1449 1420 1624 1474 simile
1661 1421 1838 1491 magis
1878 1436 1973 1476 co-

391 1512 725 1574 gnatumque
757 1504 1101 1563 dixerimus?
1160 1506 1375 1565 Nemini
1424 1526 1573 1577 vero,
1622 1512 1819 1582 inquit,
1864 1513 1969 1567 du-

353 1638 357 1646 .
388 1594 563 1660 bium,
593 1598 726 1667 quin
752 1599 1085 1669 aspectabili.
1141 1600 1278 1669 Quid
1307 1604 1523 1659 animus
1560 1606 1777 1661 autem?
1826 1604 1968 1661 Num

387 1687 716 1756 aspectabile
763 1690 893 1760 quid
936 1700 1041 1759 est,
1090 1707 1160 1747 an
1204 1694 1383 1762 potius
1435 1710 1544 1749 non
1594 1698 1969 1767 aspectabile?

2087 852 2355 924 μηδέποτε
2384 852 2527 907 κατά
2552 854 2756 918 ταυτας
2787 853 2899 908 Καὶ
2927 852 3123 919 ταῦτα,
3153 854 3280 926 ἔφη,
3300 854 3504 927 θῶμεν.
3529 857 3670 929 Φέρε

2080 944 2164 1015 δὴ,
2221 941 2258 1017 ἦ
2296 945 2343 999 δ’
2371 945 2451 1010 ὃς,
2512 944 2642 999 ἀλλο
2688 945 2753 1018 δή
2800 962 2855 998 τι
2899 945 3009 1019 (77)
3038 946 3198 1019 ἡμῶν
3247 945 3429 1000 αὐτῶν
3474 947 3537 1001 τδ
3567 950 3673 1019 μὲν

2082 1034 2243 1106 σῶμά
2273 1035 2384 1109 (78)
2414 1038 2553 1102 εστι,
2589 1036 2650 1091 τὸ
2672 1037 2729 1091 δὲ
2757 1038 2940 1110 ψυχή;
2985 1038 3153 1094 Οὐδὲν
3200 1038 3362 1106 ἄλλο,
3394 1039 3523 1111 ἔφη.
3562 1042 3668 1095 Πο-

2075 1127 2220 1198 τέρῳ
2247 1123 2340 1183 οὖν
2395 1128 2723 1202 ὁμοιὼτερον
2750 1129 2830 1201 τῷ
2860 1129 2989 1183 εἴδει
3036 1133 3241 1203 φαῖμεν
3287 1130 3355 1185 ἂν
3400 1129 3542 1185 εἶναι
3569 1133 3666 1186 καὶ

2078 1219 2499 1292 συγγενέστερον
2528 1220 2589 1273 τὸ
2608 1220 2802 1292 σῶμα;
2824 1221 3017 1288 Παντὶ,
3039 1222 3168 1293 ἔφη,
3198 1222 3357 1276 τοῦτό
3383 1240 3448 1291 γε
3477 1223 3661 1295 δῆλον,

2075 1312 2158 1365 ὅτι
2184 1311 2262 1383 τῷ
2289 1311 2488 1385 ὁρατῷ.
2523 1313 2588 1366 Τί
2607 1312 2665 1367 δὲ
2692 1316 2725 1386 ἡ
2744 1314 2934 1389 ψυχῆς
2964 1315 3162 1389 ὁρατὸν
3181 1355 3197 1381 ,
3240 1316 3275 1387 ἢ
3306 1317 3517 1383 eum;
3548 1318 3663 1389 Οὐχ

2074 1401 2178 1455 ὑπὸ
2222 1380 2526 1475 ἀνθρώπων
2581 1420 2666 1473 γε,
2695 1380 3081 1478 ὣῖώῖρατὲς,
3140 1380 3274 1478 ἔφη..
3337 1380 3509 1460 Ἀλλά
3550 1380 3663 1479 μὴν

2071 1495 2232 1564 ἡμεῖς
2259 1510 2323 1563 γε
2349 1494 2419 1549 τά
2447 1494 2617 1567 ὁρατά
2644 1497 2740 1550 καί
2765 1497 2834 1551 τά
2860 1498 2941 1571 μὴ
2969 1501 3043 1571 τῇ
3070 1498 3179 1554 τῶν
3220 1498 3526 1570 ἀνθρώπων
3557 1499 3673 1570 φύ-,

2073 1602 2154 1640 σει
2183 1586 2465 1659 ἐλέγομεν,
2495 1588 2529 1661 ἥ
2560 1588 2696 1662 ἄλλῃ
2715 1591 2821 1644 τινὶ
2848 1590 2949 1645 οίει
2969 1592 3077 1664 ;Τῇ
3106 1591 3218 1646 τῶν
3245 1591 3660 1664 ἀνθρὼπων.Τί

2069 1674 2161 1733 οὗν
2190 1680 2318 1752 περὶ
2356 1678 2534 1752 ψυχῆς
2583 1681 2843 1753 ἐλέγομεν
2870 1683 3065 1754 ὁρατὸν
3083 1723 3097 1749 ,
3127 1683 3161 1756 ἢ
3209 1685 3440 1755 ἀόρατον
3477 1680 3661 1750 εἷναι;

384 1775 505 1833 Non
536 1779 852 1839 hominibus
904 1792 1050 1840 certe
1091 1787 1333 1857 quidem,
1383 1802 1419 1843 o
1467 1787 1743 1847 Socrates.
1794 1792 1947 1864 Atqui

2066 1770 2406 1841 Ούχὸρατόν.
2434 1771 2632 1837 Ἀειδὲς
2660 1773 2800 1845 ἄρα;
2834 1773 2963 1830 Ναί.
3006 1774 3349 1846 Ὀμοιότερον
3369 1773 3479 1846 ἄρα
3506 1773 3661 1846 ψυχὴ

385 1884 488 1926 nos
517 1886 651 1929 sane
676 1888 802 1929 cum
827 1876 1156 1946 aspectabile
1194 1886 1290 1932 aut
1313 1894 1422 1934 non
1458 1881 1785 1950 aspectabile
1812 1884 1958 1939 dice—

382 1975 593 2029 remus,
626 1965 879 2022 humanae
905 1977 1114 2023 naturae
1143 1981 1395 2040 respectu
1421 1980 1713 2044 utrumque
1737 1974 1960 2043 diceba-

382 2069 511 2111 mus
544 2077 558 2111 :
587 2056 669 2113 Tu
701 2073 828 2115 vero
853 2061 1087 2118 aliamne
1120 2063 1359 2133 aliquam
1406 2067 1731 2137 c0gitabas?
1785 2067 1957 2140 Equi-

380 2146 505 2203 dem
556 2146 852 2206 humanam
901 2167 1120 2225 quoque
1173 2156 1363 2212 solam.
1434 2156 1626 2213 Utrum
1680 2159 1845 2231 igitur
1890 2161 1958 2218 de

380 2239 567 2297 animo
606 2239 942 2310 dicebamus,
990 2247 1163 2303 videri
1209 2263 1335 2305 eum
1381 2265 1561 2321 posse,
1609 2266 1679 2307 an
1729 2254 1960 2309 contra?

377 2328 499 2387 Non
521 2347 705 2403 posse,
741 2336 937 2408 inquit.
982 2339 1120 2397 Esse
1148 2340 1313 2413 igitur
1338 2344 1543 2415 aliquid
1569 2357 1679 2400 non
1705 2355 1955 2415 aspecta-

377 2420 534 2480 bile?
572 2422 728 2482 Esse.
763 2419 996 2487 Animus
1037 2448 1170 2505 ergo
1198 2435 1275 2491 rei
1300 2449 1410 2491 non
1437 2436 1755 2507 aspectabili
1792 2437 1951 2493 simi—

374 2514 486 2571 lior
512 2525 616 2586 est,
670 2536 833 2592 quam
866 2538 1100 2597 corpus;
1147 2528 1253 2585 hoc
1282 2544 1412 2585 vero
1443 2530 1760 2601 aspectabili
1793 2531 1948 2586 simi-

373 2603 518 2663 lius?
538 2606 772 2669 Necesse
800 2614 853 2672 id
877 2632 1128 2688 prorsus,
1154 2635 1188 2676 ο
1215 2619 1489 2678 Socrates.
1528 2621 1690 2694 552
1722 2621 1863 2678 Num
1892 2623 1948 2679 id

370 2708 634 2786 praeterea
676 2704 1022 2776 dicebamus,
1070 2712 1315 2769 animum
1369 2717 1585 2785 quoties
1632 2715 1703 2771 ad
1743 2716 1951 2786 aliquid

370 2777 810 2864 investigandum
841 2800 1089 2869 corporis
1115 2816 1336 2873 operam
1367 2777 1950 2876 interponit,sive-hoe

367 2882 488 2939 visu
514 2883 630 2954 ﬁat,
680 2888 796 2945 sive
838 2891 1053 2959 auditu,
1097 2895 1211 2951 sive
1260 2897 1366 2952 alio
1405 2912 1733 2969 quocunque
1780 2914 1947 2956 sensu

370 2969 536 3046 (quod
562 2976 709 3033 enim
736 2994 897 3037 sensu
925 2985 1253 3054 percipitur,
1286 2989 1535 3057 corporis
1561 3003 1725 3059 opera
1759 2993 1947 3062 utique

366 3067 708 3141 percipitur),
740 3071 902 3128 toties
930 3072 1176 3144 ejusdem
1204 3079 1455 3148 corporis
1482 3079 1567 3145 vi,
1599 3080 1668 3135 ad
1692 3095 1779 3148 ea,
1821 3097 1945 3152 qua:

2070 1861 2321 1931 σώματός
2336 1865 2453 1917 ὲστι
2468 1862 2545 1935 τῷ
2557 1863 2619 1916 ἀε
2627 1863 2743 1925 ιδεῖ,
2756 1864 2817 1918 τὸ
2834 1864 2889 1918 δὲ
2903 1864 2983 1937 τῷ
2998 1865 3179 1937 ὁρατῷ
3198 1881 3212 1931 ;
3233 1866 3393 1919 Πᾶσα
3410 1867 3659 1936 ἀνάγκη,

2066 1947 2112 2006 ὦ
2143 1952 2450 2027 Σώκρατες.
2473 1955 2685 2009 Οὐκοῦν
2706 1957 2801 2010 καὶ
2828 1956 2947 2010 τόδε
2977 1957 3260 2028 ἐλέγομεν,
3291 1958 3375 2012 ὅτι
3403 1959 3438 2029 η
3478 1957 3655 2028 ψυχὴν

2066 2044 2194 2099 ὅταν
2225 2046 2321 2117 μὲν
2351 2045 2428 2117 τῷ
2458 2044 2672 2117 σώματι
2701 2048 3042 2119 προσχρῆται
3064 2050 3145 2112 είς
3164 2049 3226 2103 τὸ
3250 2052 3472 2103 σκοπεῖν
3501 2067 3577 2111 τι,
3612 2048 3650 2119 ἢ

2064 2136 2154 2190 διά
2180 2136 2274 2191 τοῦ
2305 2139 2468 2210 ὁρᾷν,
2501 2138 2533 2208 ἢ
2562 2138 2649 2193 διά
2694 2137 2789 2193 τοῦ
2819 2140 3038 2194 ἀκούειν
3062 2180 3077 2205 ,
3108 2140 3142 2212 ἢ
3170 2142 3239 2195 δι’
3281 2141 3451 2213 ἄλλης
3501 2140 3652 2205 τινὸς

2064 2227 2392 2301 αἰσθήσεως·
2416 2229 2610 2301 (τοῦτο
2637 2231 2746 2303 γάρ
2774 2233 2890 2285 ἐστι
2917 2232 2979 2286 τὸ
3003 2233 3094 2288 διά
3119 2234 3214 2288 τοῦ
3259 2235 3513 2308 σώματος
3537 2275 3553 2302 ,
3581 2233 3659 2288 τὰ

2061 2320 2128 2374 δι’
2150 2320 2454 2394 αἰσθήσεως
2484 2325 2705 2377 σκοπεῖν
2731 2340 2785 2376 τι
2888 2324 3010 2378 τότε
3042 2326 3141 2397 μὲν
3168 2325 3384 2380 ἕλκεται
3414 2327 3522 2380 ὑπὸ
3549 2326 3653 2381 τοῦ

2063 2408 2311 2480 σώματος
2327 2412 2407 2475 είς
2434 2411 2505 2464 τά
2521 2412 2790 2484 μηδέποτε
2810 2413 2951 2469 κατὰ
2964 2416 3135 2469 ταυτά
3150 2415 3344 2487 ἔχοντα
3361 2434 3374 2447 ·
3394 2419 3490 2472 καὶ
3505 2419 3648 2492 αὐτὴ

2060 2498 2347 2566 πλανᾶται,
2381 2502 2476 2555 καὶ
2503 2504 2851 2575 ταράττεται,
2881 2507 2977 2561 καὶ
2999 2506 3231 2580 ίλιγγιᾷ,
3262 2508 3453 2583 ὥσπερ
3477 2511 3651 2582 μεθύ-

2058 2606 2212 2652 ουσα,
2235 2592 2331 2646 ἅτε
2346 2591 2602 2649 τοιούτων
2618 2596 2998 2669 ὲφαπτομένη;
3021 2598 3169 2652 Πάνυ
3192 2617 3279 2669 γε.
3311 2602 3477 2655 Ὅταν
3505 2601 3562 2655 δέ
3577 2617 3649 2672 γε

2056 2679 2194 2753 αὑτὴ
2225 2682 2346 2734 καθ’
2376 2681 2573 2754 ἑαυτὴν
2606 2686 2782 2755 σκοπῇ
2810 2725 2826 2750 ,
2857 2687 3038 2740 ἐκεῖσε
3082 2689 3317 2760 οἴχεται,
3341 2693 3421 2755 είς
3449 2692 3510 2745 τὸ
3537 2710 3645 2747 κα-

2056 2771 2222 2844 θαρόν
2250 2791 2314 2827 τε
2343 2775 2438 2828 καὶ
2466 2776 2555 2829 ἀεὶ
2583 2774 2642 2829 ὃν
2664 2777 2760 2831 καὶ
2787 2777 3083 2848 ἀθάνατον,
3095 2785 3191 2837 καὶ
3216 2783 3479 2850 ὡσαύτως
3495 2784 3648 2857 ἕχον,

2053 2867 2148 2920 καὶ
2175 2866 2251 2930 ὡς
2281 2865 2546 2941 ξυγγενὴς
2573 2864 2709 2924 οὖσα
2737 2872 2924 2939 αὐτοῦ,
2955 2875 3043 2929 ἀεὶ
3074 2878 3191 2947 μετ’
3221 2879 3432 2931 ἐκείνου
3460 2896 3523 2933 τε
3554 2881 3646 2949 γί-

2052 2975 2224 3027 νεται,
2254 2963 2383 3017 ὅταν
2415 2981 2521 3036 περ
2551 2966 2689 3038 αὐτὴ
2718 2967 2843 3023 καθ’
2874 2970 3072 3041 ἑαυτὴν
3101 2972 3326 3045 γένηται
3347 3015 3363 3040 ,
3404 2975 3503 3029 καὶ
3540 2976 3646 3048 ἐξῇ,

2055 3055 2193 3124 αὐτῇ
2214 3071 2228 3084 ·
2264 3056 2359 3109 καὶ
2383 3056 2659 3113 πέπαυται
2685 3076 2747 3113 τε
2774 3060 2869 3114 τοῦ
2900 3062 3130 3129 πλάνου,
3157 3067 3254 3121 καὶ
3282 3067 3413 3139 περὶ
3450 3071 3643 3125 ἐκεῖνα

366 3171 647 3228 nunquam
677 3161 869 3218 eodem
915 3142 975 3220 se
1019 3167 1183 3222 modo
1229 3142 1432 3225 habent
1457 3142 1720 3241 pertrahi,
1762 3142 1947 3230 errare

2053 3142 2142 3196 ἀεὶ
2170 3143 2313 3199 κατὰ
2339 3144 2408 3199 τά
2436 3145 2577 3200 αύτά
2606 3148 2701 3202 καὶ
2747 3148 3011 3216 ὡσαύτως
3054 3154 3168 3225 ἔχει
3189 3194 3205 3220 ,
3235 3155 3332 3210 ἀτε
3373 3158 3639 3214 τοιούτων

365 3261 554 3331 simul,
598 3269 931 3337 perturbari,
983 3281 1038 3327 et
1080 3273 1318 3344 quadam
1350 3277 1613 3349 vertigine
1659 3278 1742 3335 sic
1789 3282 1948 3352 quasi

363 3353 579 3413 ebrium
605 3360 980 3429 circumferri,
1023 3365 1170 3436 quod
1198 3381 1381 3423 rerum
1413 3369 1641 3426 istarum
1664 3372 1948 3429 tractatio-

365 3463 491 3507 nem
537 3452 823 3526 attigerit?
883 3455 1139 3514 Omnino.
1194 3459 1266 3515 At
1308 3461 1401 3516 ubi
1445 3477 1542 3533 per
1585 3479 1708 3519 sese
1740 3464 1945 3536 aliquid

364 3543 482 3615 ipse
502 3550 934 3630 contemplatur,
963 3560 1078 3607 tum
1109 3553 1239 3611 illuc
1271 3570 1403 3611 sane
1430 3548 1817 3627 proﬁciscitur,
1849 3560 1944 3616 ubi

362 3652 487 3695 sese
509 3640 578 3696 ad
612 3651 821 3698 natura:
850 3645 1177 3715 purissime,
1194 3663 1317 3719 quae
1343 3649 1694 3720 sempiterna,
1713 3652 1943 3708 immor-

361 3731 520 3799 talis,
569 3744 624 3789 et
667 3737 899 3792 rationis
942 3755 1154 3809 semper
1181 3740 1427 3811 ejusdem
1459 3751 1577 3811 est,
1626 3744 1940 3801 societatem

359 3825 608 3898 adjungit
644 3846 660 3881 :
688 3829 931 3900 adeoque
961 3839 1222 3903 tanquam
1248 3834 1353 3904 ipsi
1383 3845 1671 3907 cognatus,
1718 3852 1843 3892 cum
1876 3853 1941 3894 ea

356 3927 609 3975 versatur
651 3921 905 3989 assidue,
948 3925 1192 3994 quandiu
1239 3926 1463 3997 quidem
1507 3935 1564 3983 et
1611 3929 1755 3999 apud
1819 3945 1942 3986 sese

357 4016 463 4076 est,
512 4020 565 4065 et
592 4010 698 4081 ipsi
731 4013 858 4069 licet
885 4031 906 4069 ι
933 4015 1118 4086 itaque
1146 4017 1215 4072 ab
1239 4018 1391 4072 omni
1433 4033 1620 4075 errore
1650 4020 1938 4088 liberatur,

355 4108 412 4157 et
454 4101 600 4158 circa
632 4118 805 4174 genus
834 4105 967 4162 illud
994 4122 1177 4162 rerum
1205 4110 1396 4165 eodem
1444 4125 1505 4167 se
1528 4111 1692 4168 modo
1722 4127 1940 4184 semper

355 4193 545 4264 habet,
577 4197 724 4267 quod
772 4200 833 4253 in
878 4214 1066 4255 earum
1114 4216 1236 4257 sese
1286 4208 1676 4261 commercium
1705 4207 1934 4265 dederit.

354 4285 463 4354 Qui
505 4288 727 4359 quidem
775 4291 946 4347 animi
976 4309 1173 4351 sensus
1219 4296 1507 4364 prudentia
1562 4309 1932 4369 nuncupatur.

355 4379 523 4438 Recte
543 4397 769 4453 prorsus
800 4398 865 4439 ac
892 4399 1016 4440 vere
1041 4385 1304 4456 loqueris,
1330 4402 1364 4442 ο
1388 4387 1662 4446 Socrates.
1697 4389 1778 4447 Tu
1805 4407 1936 4464 ergo

350 4488 481 4529 cum
523 4474 930 4545 superioribus,
976 4484 1092 4532 tum
1118 4478 1185 4535 iis
1217 4488 1510 4550 praeterea,
1562 4498 1684 4553 quae
1709 4499 1740 4538 a
1773 4486 1934 4540 nobis
1962 4493 2011 4551 ι)

350 4567 653 4624 etiamnum
698 4569 1083 4642 disputantur,
1132 4575 1434 4645 adductus,
1478 4578 1588 4633 utri
1616 4579 1833 4635 tandem
1867 4595 1932 4638 ex

350 4672 445 4728 illo
474 4673 677 4744 duplici
727 4691 926 4747 genere
969 4677 1290 4733 similiorem
1333 4678 1599 4747 animum,
1649 4682 1934 4753 magisque

349 4773 643 4836 cognatum
670 4767 995 4822 arbitraris?
1045 4765 1216 4824 Nemo
1244 4769 1391 4824 enim
1423 4771 1637 4841 opinor,
1670 4788 1704 4828 ο
1737 4772 1934 4829 Socra-

350 4861 467 4918 tes,
500 4856 847 4912 tardissimus
871 4857 998 4913 licet
1028 4866 1191 4928 atque
1218 4861 1645 4932 pinguissimus,
1688 4880 1797 4919 non
1829 4865 1932 4920 hac

351 4954 441 5003 tua
468 4950 943 5017 argumentatione
976 4952 1265 5009 convictus
1287 4965 1565 5025 agnoscat,
1590 4956 1644 5010 in
1673 4959 1931 5015 omnibus

350 5038 599 5104 omnino,
646 5049 856 5096 natura:
885 5041 961 5096 illi
996 5043 1317 5099 similiorem
1361 5061 1483 5101 esse
1534 5049 1779 5104 animum
1805 5066 1930 5122 quae

347 5132 541 5188 eodem
588 5146 648 5189 se
696 5134 861 5188 modo
902 5149 1117 5205 semper
1148 5135 1378 5205 habeat,
1425 5154 1588 5210 quam
1617 5142 1668 5197 ei
1699 5158 1819 5213 quae
1843 5160 1929 5200 seu

347 5240 471 5281 cus.
503 5225 718 5296 Corpus
741 5242 875 5282 vero
893 5228 1068 5298 quid?
1100 5229 1273 5285 Alteri
1307 5233 1583 5289 videlicet.
1630 5233 1753 5290 Jam
1791 5236 1924 5294 mihi

346 5331 565 5386 quoque
593 5318 738 5372 istud
770 5321 983 5374 attende
1016 5339 1029 5375 :
1065 5321 1195 5376 dum
1226 5324 1392 5379 simul
1446 5327 1661 5382 animus
1692 5343 1926 5398 corpus-

346 5424 454 5480 que
484 5421 806 5478 versantur,
841 5411 970 5469 huic
1000 5415 1313 5472 servitutem
1341 5426 1396 5473 et
1424 5418 1751 5490 obsequium
1820 5423 1924 5477 im-

418 5577 443 5607 ι
478 5565 526 5619 F
527 5578 639 5622 orte
665 5567 856 5625 τοῦτον
887 5571 981 5627 τὸν
1011 5573 1196 5632 τόπον.

419 5657 943 5749 ςῖίῇοριὲέιεῖνεοξν.
986 5664 1277 5749 sequentia
1312 5672 1470 5749 leges
1517 5676 1574 5732 in
1627 5678 1917 5749 Phwdone,

346 5741 468 5795 pag.
495 5727 599 5784 585
630 5729 823 5797 Ficiui,
851 5727 1275 5797 Sen'ani'autem
1312 5727 1397 5798 79:

2048 3232 2422 3305 ἐφαπτομένη.
2453 3237 2564 3290 Καὶ
2603 3236 2763 3292 τοῦτο
2804 3241 2974 3314 αὐτῆς
3001 3240 3063 3295 τὸ
3091 3241 3322 3315 πάθημα
3371 3244 3643 3317 φρόνησις

2048 3321 2330 3410 κέκληται.
2395 3326 2751 3384 Παντάπασιν
2772 3371 2788 3397 ,
2842 3331 2947 3404 ἔφη
2972 3373 2989 3400 ,
3045 3332 3260 3401 καλῶς,
3305 3336 3403 3389 καὶ
3457 3336 3644 3410 ἀληθῆ

2046 3413 2251 3484 λέγεις,
2276 3409 2323 3469 ὧ
2352 3415 2659 3490 Σώκρατες.
2717 3421 2939 3495 Ποτέρῳ
2995 3421 3091 3478 οὖν
3133 3421 3200 3480 αὖ
3247 3443 3329 3480 σοι
3372 3428 3523 3483 δοκεῖ
3548 3409 3629 3500 τῷ

2045 3506 2175 3560 εῖδει
2204 3509 2300 3563 καὶ
2329 3508 2393 3562 ὲκ
2420 3509 2531 3563 τῶν
2561 3509 2796 3582 πρόσθεν
2827 3515 3154 3586 εἰρημένων,
3187 3517 3281 3571 καὶ
3310 3518 3375 3571 ὲκ
3394 3519 3506 3572 τῶν
3536 3519 3644 3578 νῦν

2044 3596 2374 3670 λεγομένων,
2404 3602 2441 3672 ἡ
2467 3599 2614 3674 ψυχὴ
2643 3604 2954 3677 ὁμοιότερον
2983 3601 3123 3661 εἶναι
3153 3607 3246 3661 καὶ
3276 3609 3634 3679 συγγενέστε-

2045 3707 2171 3775 ρον;
2228 3692 2344 3757 Πᾶς
2396 3689 2497 3758 ἂν,
2527 3693 2717 3767 ἔμοιγε
2742 3697 2908 3762 δοκεῖ,
2938 3693 2974 3770 ἦ
3002 3698 3046 3751 δ’
3095 3698 3187 3766 ὃς,
3229 3702 3584 3775 συγχωρήσαι
3609 3740 3635 3770 ,

2041 3774 2088 3833 ὦ
2117 3779 2422 3854 Σώκρατες,
2453 3784 2519 3836 ὲκ
2547 3786 2750 3857 ταύτης
2776 3787 2874 3858 τῆς
2905 3787 3128 3859 μεθόδου
3158 3789 3252 3844 καὶ
3288 3792 3318 3844 ὁ
3352 3790 3633 3862 δυσμαθέ-

2044 3889 2237 3939 στατος
2255 3914 2269 3939 ,
2300 3876 2384 3930 ὃτι
2412 3876 2518 3949 ὅλῳ
2548 3879 2643 3932 καὶ
2684 3881 2848 3933 παντὶ
2876 3882 3190 3955 ὁμοιότερὸν
3219 3885 3367 3938 ἐστιν
3416 3887 3450 3957 ή
3479 3884 3635 3959 ψυχὴ

2039 3961 2118 4034 τῷ
2137 3964 2224 4017 ἀεὶ
2251 3964 2513 4031 ὡσαύτως
2549 3966 2727 4039 ἔχοντι
2778 3970 3007 4042 μᾶλλον,
3069 3972 3099 4043 ἢ
3155 3971 3234 4043 τῷ
3290 3974 3390 4045 μή.
3448 3974 3515 4027 Τί
3567 3974 3637 4029 δὲ

2038 4055 2102 4108 τὸ
2158 4056 2353 4129 σῶμα;
2430 4059 2522 4132 Τῷ
2575 4061 2767 4134 ἑτέρῳ.
2835 4064 2979 4135 Ὅρα
3026 4065 3092 4138 δὴ
3137 4067 3234 4120 καὶ
3292 4067 3452 4138 τῇδε·
3502 4069 3631 4124 Ὅτι

2038 4148 2258 4204 ἐπειδὰν
2288 4151 2345 4204 ὲν
2374 4151 2452 4222 τῷ
2480 4152 2628 4224 αὐτῷ
2655 4147 2758 4208 ὦσι
2786 4154 2933 4228 ψυχὴ
2963 4155 3255 4230 καὶσῶμα,
3282 4158 3362 4230 τῷ
3393 4161 3493 4231 μὲν
3514 4160 3628 4216 δου-

2037 4238 2214 4296 λεύειν
2243 4245 2336 4296 καὶ
2361 4243 2676 4318 ἀρχεσθαιὴ
2699 4247 2860 4316 φύσις
2880 4249 3229 4320 προστάττει,
3250 4254 3320 4323 τῇ
3348 4251 3405 4306 δὲ
3433 4253 3633 4325 ἄρχειν

2036 4333 2133 4385 καὶ
2181 4333 2491 4400 δεσπόζειψ
2551 4337 2648 4411 καὶ
2702 4339 2843 4393 κατά
2873 4339 3047 4394 ταῦτα
3101 4338 3192 4408 αὖ,
3255 4344 3483 4417 πότερόν
3540 4363 3632 4400 σοι

2036 4423 2220 4495 ὅμοιον
2259 4425 2405 4481 δοκεῖ
2444 4427 2522 4500 τῷ
2569 4428 2698 4502 θείῳ
2730 4427 2894 4499 εἶναι,
2926 4432 3021 4487 καὶ⁸
3052 4434 3279 4506 πότερον
3307 4435 3386 4507 τῷ
3408 4437 3626 4509 θνητῷ;

2043 4516 2116 4569 Ἢ
2144 4518 2205 4571 οὐ
2234 4517 2381 4572 δοκεῖ
2426 4537 2507 4575 σοι
2542 4522 2605 4576 τὸ
2643 4522 2741 4594 μὲν
2771 4522 2914 4578 θεῖον
2951 4525 3139 4597 ἄρχειν
3167 4543 3228 4579 τε
3270 4527 3367 4581 καὶ
3410 4529 3621 4600 ἠγεμοο

2034 4606 2209 4664 νεύειν
2265 4612 2581 4681 πεφυκέναι,
2639 4614 2700 4669 τὸ
2745 4615 2802 4669 δὲ
2853 4616 3044 4689 θνητὸν
3094 4617 3359 4690 ἄρχεσθαί
3406 4637 3467 4673 τε
3524 4619 3622 4674 καὶ

2032 4699 2330 4769 δουλεύειν;
2390 4704 2642 4776 Ἔμοιγε.
2724 4707 2949 4780 Ποτέρῳ
3000 4704 3094 4763 οὖν
3146 4713 3180 4781 ὴ
3236 4708 3384 4781 ψυχὴ
3440 4710 3618 4776 Eous;

2032 4792 2264 4865 Δηλαδὴ,
2295 4788 2340 4848 ὦ
2370 4794 2680 4868 Σώκρατες,
2711 4800 2793 4853 ὅτι
2823 4802 2856 4872 ἡ
2891 4801 2990 4871 μὲν
3018 4801 3165 4873 ψυχὴ
3194 4800 3271 4873 τῷ
3292 4802 3446 4873 θείῳ,
3476 4802 3624 4856 τὸδὲ

2033 4882 2192 4954 σῶμα
2245 4882 2322 4955 τῷ
2351 4885 2549 4957 θνητῷ.
2604 4888 2804 4942 Σκόπει
2834 4889 2936 4960 δὴ,
2967 4891 3096 4962 ἔφη,
3139 4886 3184 4945 ὦ
3213 4891 3419 4963 Κέϐης,
3472 4895 3523 4946 εί
3548 4892 3615 4947 ἐκ

2031 4976 2249 5032 πάντων
2276 4974 2385 5032 τῶν
2413 4980 2720 5052 εἰρημένων
2738 4983 2866 5058 τάδε
2889 4985 3020 5054 ἡμῖν
3051 4983 3336 5056 ξυμϐαίνει
3355 5001 3369 5015 ·
3403 4984 3485 5057 τῷ
3514 4985 3614 5058 μὲν

2030 5065 2180 5138 θείῳ,
2211 5069 2307 5123 καὶ
2333 5069 2610 5144 ἀθανάτῳ,
2656 5074 2751 5128 καὶ
2776 5056 2976 5147 νοητῷ,
3035 5078 3132 5129 καὶ
3182 5056 3468 5148 μονοειδεζ
3518 5056 3615 5131 παὶ

2027 5160 2315 5235 ἁδιαλύτῳ,
2347 5164 2442 5218 καὶ
2471 5164 2559 5218 ἀεὶ
2581 5165 2863 5232 ὡσαύτως,
2886 5168 2979 5221 καὶ
3007 5167 3150 5222 κατά
3177 5168 3247 5222 τὰ
3274 5168 3417 5223 αὐτά
3437 5168 3614 5240 ἔχοντι

2027 5254 2207 5322 ἑαυτὸ,
2237 5258 2553 5328 ὁμοιότατον
2601 5255 2739 5314 εἶναι
2780 5261 2959 5333 ψυχήν
2979 5278 2991 5292 ·
3037 5262 3114 5333 τῷ
3137 5262 3194 5315 δὲ
3238 5263 3566 5335 ἀνθρωπίνῳ
3590 5303 3607 5328 ,

2025 5346 2120 5400 καὶ
2147 5347 2347 5420 θνητῷ,
2379 5350 2475 5403 καὶ
2502 5351 2734 5422 ἀνοήτῳ,
2760 5352 2853 5405 καὶ
2887 5352 3176 5418 πολυειδεῖ,
3223 5352 3321 5406 καὶ
3346 5351 3605 5422 διαλυτῴ.

2024 5439 2119 5492 καὶ
2152 5440 2419 5511 μηδέποτε
2449 5443 2591 5495 κατά
2611 5442 2685 5496 τὰ
2708 5444 2850 5500 αὐτὰ
2878 5444 3055 5515 ἔχοντι
3083 5445 3267 5511 ἑαυτὸ,
3287 5446 3604 5518 ὁμοιότατον

2240 5686 2420 5767 ᾏᾹλρ
2435 5685 2511 5753 δή
2534 5704 2612 5767 ςι.
2650 5687 3162 5767 Ρριιορεςιίευῐηδή
3183 5708 3289 5767 non
3322 5694 3599 5767 agnoscit.

2090 5755 2205 5819 (78)
2239 5754 2307 5809 Τὸ
2332 5758 2445 5824 μὲν
2475 5757 2667 5826 σῶμα.
2699 5754 2852 5819 Plato
2880 5761 2913 5831 ἢ
2946 5762 3005 5816 τὸ
3038 5754 3353 5833 μὲν’σὼμα.
