3826 6232
1721 213 1734 248 ὑ

156 301 258 357 εει

1365 297 1683 354 ΡΗιΕΡΑΙὶ.
1720 295 1971 354 EVANG.
2013 295 2138 350 LIB.
2186 296 2276 351 XI.

3339 287 3449 342 922

153 413 226 471 αῦ
253 413 394 470 εἶναι
422 415 484 469 τὸ
513 414 692 486 σῶμα.
715 414 953 484 Ἔχομέν
979 431 1032 467 τι
1049 413 1201 488 παρά
1215 413 1388 467 ταῦτα
1407 414 1535 469 ἀλλο
1549 413 1738 482 λέγειν

1857 412 2069 482 ρθιῖιιιη
2117 412 2196 467 illi
2235 419 2401 482 atque
2452 410 2818 473 dominatum,
2861 409 2932 465 ab
2973 409 3207 479 ipsamet
3249 414 3447 464 natura

151 503 202 565 ὦ
231 509 357 578 φίλε
383 508 588 578 Κέὸης,
603 507 679 571 ὡς
699 507 797 577 οὐχ
813 505 986 570 οὕτως
1003 506 1144 576 ἔχεις
1170 507 1283 560 Οὐκ
1303 506 1519 577 ἔχομεν.
1543 505 1609 560 Τί
1625 501 1750 571 οῦν;

153 600 366 656 τούτων
389 600 563 664 οὕτως
579 600 832 670 ἐχόντων,
858 595 948 670 ἆρ’
965 600 1025 652 οὐ
1061 599 1274 671 σώματι
1300 600 1398 669 μὲν
1413 601 1548 669 ταχὺ
1577 599 1756 653 διαλύ-

153 691 313 749 εσθαι
333 694 620 766 προσήκει,
641 692 785 763 ψυχῇ
807 693 862 746 δὲ
882 689 948 746 αὖ
971 694 1294 766 τοπαράπαν
1309 691 1579 764 ἀδιαλύτῳ
1591 690 1750 760 εἶναι,

154 784 191 855 ἢ
222 783 393 854 ἐγγύς
411 801 464 837 τι
484 784 674 838 τούτου
691 802 707 851 ;
727 783 854 848 Πῶς
882 785 993 858 γὰρ
1016 783 1077 838 οῦ
1099 801 1194 850 ;-
1215 785 1461 848 Συννοεῖς
1484 781 1599 847 οῦν,
1622 785 1748 855 ἔφη,

154 878 236 931 δτι
271 875 493 930 ἐπειδὰν
525 874 774 946 ἀποθάνῃ
805 876 834 927 6
865 873 1172 946 ἄνθρωπος,
1203 875 1264 928 τὸ
1301 876 1400 946 μὲν
1427 876 1622 946 ὁρατὸν
1648 877 1749 929 αὖ-

153 972 251 1025 τοῦ
279 971 342 1024 τὺ
370 969 529 1041 σῶμα
559 971 653 1023 καὶ
678 972 736 1022 ὲν
764 967 944 1041 ὁρατῷ
977 968 1250 1040 κείμενον,
1282 969 1310 1021 ὃ
1333 967 1396 1040 δὴ
1429 969 1622 1041 νεκρὸν
1651 987 1750 1023 κα-

153 1060 376 1132 λοῦμεν,
405 1055 450 1129 ᾧ
477 1060 743 1132 προσήκει
785 1057 1114 1124 διαλύεσθαι,
1163 1060 1260 1113 καὶ
1288 1059 1620 1124 διαπίπτειν,
1655 1059 1748 1113 καὶ

152 1153 519 1216 διαπνεῖσθαι,
553 1153 652 1205 οὐκ
683 1153 845 1214 εὐθὺς
884 1152 1088 1204 τούτων
1116 1151 1269 1204 οὐδὲν
1305 1151 1594 1214 πέπονθεν,
1631 1151 1746 1204 ἀλλ’

153 1245 418 1309 ἐπιεικῶς
457 1243 650 1315 συχνὸν
691 1243 941 1314 ἐπιμένει
986 1243 1203 1316 χρόνονο
1253 1243 1348 1296 ἐὰν
1395 1244 1495 1314 μέν
1528 1262 1612 1309 τις
1654 1245 1748 1298 καὶ

152 1338 628 1410 χαριέντωςέχων
659 1338 720 1392 τὸ
754 1337 911 1409 σῶμα
942 1337 1265 1412 τελευτήσῃ,
1294 1338 1388 1391 καὶ
1418 1339 1477 1390 ἐν
1509 1340 1575 1409 τῇ
1605 1339 1744 1410 αὐτῇ

150 1432 292 1504 ὥρᾳ,
346 1432 442 1485 καὶ
488 1433 627 1485 πάνυ
677 1430 838 1500 μάλα.
892 1431 1178 1501 Συμπεσὸν
1223 1429 1333 1502 γὰρ
1365 1431 1424 1484 τὺ
1459 1431 1618 1502 σῶμα
1651 1433 1746 1485 καὶ

149 1523 492 1596 ταριχευθὲν,
518 1521 707 1594 ῶσπερ
724 1525 774 1575 oi
798 1525 855 1576 ὲν
882 1523 1142 1593 Αἰγύπτῳ
1164 1521 1602 1595 ταριχευθέντες,
1629 1524 1743 1576 ἁλί-

150 1633 251 1686 γου
283 1617 406 1673 ὅλον
441 1616 589 1688 μένει
616 1617 898 1686 ἀμήχανον
929 1616 1050 1669 ὅσον
1080 1615 1287 1687 χρόνον.
1329 1616 1486 1668 Ἕνια
1514 1615 1570 1668 δὲ
1601 1616 1741 1688 μέρη

145 1709 242 1763 τοῦ
278 1706 550 1780 σώματος,
592 1709 685 1762 καὶ
712 1709 807 1762 ἐὰν
841 1712 1012 1780 σαπῇ,
1041 1709 1176 1761 ὀστᾶ
1200 1725 1259 1760 τε
1293 1708 1387 1762 καὶ
1420 1706 1609 1779 νεῦρα,
1645 1708 1741 1761 καὶ

1857 503 2177 558 mandatum
2224 517 2368 558 esse.
2414 501 2627 568 Quibus
2655 515 2688 557 e
2720 496 2934 554 duobus
2953 509 3134 554 utrum
3166 513 3328 568 porro
3359 501 3446 554 di-

1855 599 2016 664 vinae,
2049 607 2231 652 utrum
2255 597 2474 651 mortali
2506 605 2714 659 naturae
2743 592 2900 648 aliine
2930 593 3260 648 arbitraris?
3302 591 3444 648 Num

1855 691 1954 746 tibi
1989 699 2050 746 ut
2079 693 2349 761 imperare
2376 704 2443 744 ac
2475 687 2784 754 moderari,
2817 687 3086 749 divinum,
3120 685 3192 739 ita
3219 685 3448 758 obsequi

1853 799 1920 839 ac
1954 783 2184 849 servire,
2230 783 2461 843 mortale
2491 781 2591 836 tibi
2627 779 2888 850 quiddam
2914 779 3167 834 videtur?
3218 777 3448 836 Videtur

1852 891 2004 933 sane.
2066 873 2258 932 Utrius
2313 890 2444 946 ergo
2492 873 2689 929 similis
2729 873 2945 928 animus
2968 871 3092 927 est?
3151 869 3448 927 Enimvero
3550 916 3558 922 .

1850 969 2049 1024 divinae
2075 968 2320 1023 animum
2341 1008 2357 1034 ,
2406 981 2606 1037 corpus
2636 965 2852 1019 mortali
2883 965 3062 1020 simile
3099 980 3220 1021 esse
3251 964 3441 1035 liquet,

1850 1073 1884 1112 o
1913 1056 2185 1114 Socrates.
2227 1057 2360 1113 Vide
2389 1058 2573 1128 igitur,
2605 1056 2803 1126 inquit,
2845 1070 2879 1111 o
2911 1054 3104 1121 Cebes,
3130 1071 3262 1110 num
3295 1057 3349 1110 id
3375 1074 3440 1112 ex

1849 1151 2228 1221 superioribus
2273 1152 2534 1207 omnibus
2587 1164 3012 1225 consequatur:
3051 1155 3282 1222 divina,
3333 1157 3442 1213 im-

1848 1242 2102 1308 mortali,
2153 1242 2424 1312 spiritali,
2454 1243 2726 1314 simplici,
2779 1246 3182 1314 indissolubili,
3223 1264 3445 1318 unoque

1848 1351 2064 1406 semper
2088 1343 2142 1390 et
2172 1335 2362 1390 eodem
2397 1352 2456 1391 se
2486 1337 2649 1390 modo
2677 1337 2897 1393 habenti
2942 1347 3186 1408 naturae,
3226 1341 3444 1397 similli-

1847 1443 1996 1482 mum
2024 1443 2147 1484 esse
2173 1428 2416 1482 animum
2449 1445 2465 1484 :
2499 1444 2700 1500 corpus
2731 1440 2942 1496 contra,
2983 1432 3257 1496 humanae,
3291 1450 3442 1490 mor-

1848 1518 1963 1585 tali,
2011 1519 2212 1575 mentis
2253 1521 2483 1590 experti,
2515 1521 2826 1592 multiplici,
2861 1523 3125 1579 solutioni
3166 1525 3438 1586 obnoxiae.

1845 1627 1948 1668 nec
1975 1612 2240 1668 rationem
2272 1629 2486 1684 semper
2508 1615 2756 1670 eamdem
2801 1616 3122 1688 vultumque
3159 1618 3438 1682 retinenti,

1847 1704 2209 1761 simillimum.
2278 1704 2542 1762 Causaene
2612 1708 2848 1766 dicimus
2912 1710 3153 1782 aliquid,
3225 1710 3439 1767 charis-

142 1801 217 1856 τά
248 1800 479 1855 τοιαῦτα
518 1801 716 1866 πάντα,
753 1801 923 1870 ὅμως,
967 1799 1043 1864 ὠς
1077 1799 1206 1864 ἔπος
1252 1801 1446 1862 εἰπεῖν,
1495 1798 1738 1852 ἀθάνατά

1850 1795 1982 1851 sime
2012 1797 2221 1862 Cebes,
2271 1799 2570 1868 quominus
2598 1816 2728 1856 vera
2774 1801 2878 1858 ista
2909 1802 3238 1859 videantur?
3290 1802 3441 1860 Nihil

145 1897 319 1958 ἔστιν,
351 1893 384 1966 ἢ
415 1892 477 1946 οῦ
499 1911 514 1961 ;
538 1923 606 1933 -
633 1892 758 1946 Ναί.
807 1893 870 1945 Ἦ
909 1893 966 1946 δὲ
996 1891 1141 1963 ψυχὴ
1182 1893 1310 1962 ἀρα,
1348 1890 1431 1962 (τὸ
1455 1889 1650 1955 ἀειδὲς,
1681 1890 1741 1944 τὸ

143 1990 226 2051 εἰς
260 1987 502 2041 τοιοῦτον
541 1987 705 2040 τόπον
753 1986 940 2058 ἕτερον
981 1986 1282 2057 οἰχόμενον,
1328 1988 1596 2054 γενναῖον,
1647 1984 1740 2037 καὶ

142 2081 411 2153 καθαρὸν,
455 2082 550 2134 καὶ
591 2081 765 2153 ἀειδῆ,
803 2083 884 2144 είς
916 2079 1065 2150 ᾅδου,
1097 2079 1173 2144 ὡς
1199 2079 1436 2150 ἀληθῶς,
1463 2078 1617 2150 παρά
1648 2077 1740 2130 τὸν

144 2172 355 2242 ἀγαθὸν
389 2175 484 2228 καὶ
518 2174 779 2246 φρόνιμον
805 2171 958 2236 Θεὸν,
989 2167 1060 2239 οἷ,
1096 2173 1192 2225 ἐὰν
1217 2175 1245 2226 ό
1267 2172 1400 2236 Θεὸς
1427 2171 1605 2244 ἐθέλῃ,
1640 2171 1739 2224 αὐ-

143 2265 276 2319 τίκα
302 2267 399 2319 καὶ
433 2269 498 2337 τῇ
530 2269 638 2338 ἐμῇ
666 2265 811 2337 ψυχῇ
844 2265 1028 2334 ἰτέονο)
1054 2264 1192 2335 αῦτη
1227 2264 1285 2317 δὲ
1317 2264 1381 2336 δὴ
1412 2265 1545 2336 ἡμῖν
1572 2266 1605 2334 ἡ
1629 2280 1740 2316 τοι-

143 2359 317 2430 αῦτη,
366 2361 462 2413 καὶ
501 2359 644 2414 οῦτω
680 2361 975 2428 πεφυκυῖα,
1023 2356 1472 2428 ἀπαλλαττομένη
1505 2355 1602 2409 τοῦ
1637 2354 1742 2408 σώ-

147 2470 338 2526 ματος,
370 2452 533 2516 εὐθὺς
560 2451 981 2522 διαπεφύσηται,
1017 2451 1112 2505 καὶ
1140 2450 1441 2511 ἀπόλωλεν,
1473 2447 1550 2511 ῶς
1576 2463 1740 2517 φασιν

144 2548 194 2600 οἱ
257 2546 446 2600 πολλοὶ
504 2546 814 2616 ἀνθρωποις
866 2542 1072 2597 Πολλοῦ
1111 2560 1175 2612 γε
1233 2541 1328 2596 καὶ
1375 2541 1488 2603 δεῖ,
1531 2533 1576 2592 ὧ
1619 2539 1739 2608 φίλε

144 2635 330 2708 Κέϐης
358 2654 418 2690 τε
448 2638 542 2690 καὶ
573 2635 803 2708 Σιμμία.
851 2635 1013 2688 Ἀλλὰ
1044 2633 1225 2704 πολλῷ
1257 2633 1454 2705 μᾶλλον
1478 2626 1579 2687 ὦδε
1604 2631 1735 2702 ἔχει·

156 2728 282 2782 Ἐἀν
310 2729 409 2798 μὲν
435 2729 654 2802 καθαρά
683 2727 1097 2799 ἀπαλλάττηται
1127 2726 1220 2780 τοῦ
1253 2725 1524 2796 σώματος,
1573 2725 1738 2796 μηδὲν

143 2820 567 2890 συνεφέλκουσα,
597 2820 692 2874 ἆτε
722 2820 874 2874 οὐδὲν
904 2819 1237 2873 κοινωνοῦσα
1267 2817 1414 2888 αὐτῷ
1447 2819 1504 2870 ὲν
1526 2817 1605 2887 τῷ
1640 2816 1740 2887 βίῳ

141 2907 350 2963 ἑκοῦσα
381 2907 556 2974 εἶναι,
599 2910 738 2964 ἀλλά
791 2909 1068 2979 φεύγουσα
1113 2907 1274 2973 αὐτὸ,
1316 2908 1408 2960 καὶ
1458 2907 1741 2980 συνηθροι-

144 3001 318 3072 σμένη
345 3001 485 3073 αὐτὴ
523 3002 604 3065 είς
631 3001 850 3073 ἑαυτὴν,
873 3001 970 3055 ἆτε
1003 2999 1285 3072 μελετῶσα
1309 2998 1420 3070 (79)
1450 2999 1537 3052 ἀεὶ
1558 2997 1734 3050 τοῦτο’

145 3094 326 3165 (τοῦτο
349 3095 409 3148 δὲ
437 3095 589 3149 οὐδὲν
620 3095 749 3150 ἄλλο
777 3095 924 3148 ἐστὶν
953 3094 986 3166 ἢ
1019 3091 1196 3164 ὀρθῶς
1224 3090 1613 3161 φιλοσοφοῦσα,
1645 3091 1739 3144 καὶ

142 3187 221 3258 τῷ
252 3186 368 3241 δντι
391 3187 641 3241 τεθνάναι
675 3185 957 3258 μελετῶσα
987 3183 1203 3256 ῥᾳδίως·
1238 3183 1271 3255 ἢ
1296 3184 1356 3236 οὐ
1385 3182 1529 3235 τοῦτ’
1557 3181 1621 3235 ἂν
1649 3183 1732 3254 εἴη

146 3279 345 3351 μελέτη
378 3279 609 3333 θανάτου
634 3297 648 3345 ;
671 3309 740 3320 -
763 3276 1084 3331 Παντάπασί
1110 3274 1222 3346 γε’)
1248 3275 1444 3328 οὐκοῦν
1469 3274 1612 3327 οῦτω
1638 3273 1736 3344 μὲν

142 3373 364 3444 ἔχουσα,
408 3373 489 3434 είς
519 3371 580 3424 τὸ
608 3371 791 3441 ὅμοιον
831 3370 967 3440 αὐτῇ
1017 3367 1076 3421 τὸ
1107 3367 1286 3431 ἀειδὲς
1317 3366 1640 3435 ἀπέρχεται,
1676 3365 1746 3418 τὸ-

143 3465 286 3519 θεῖόν
311 3482 394 3531 τε,
427 3465 522 3519 καὶ
553 3463 840 3527 ἀθάνατον,
876 3462 972 3515 καὶ
1016 3461 1299 3532 φρόνιμονο
1340 3452 1398 3512 οἴ
1430 3457 1736 3530 ἀφικομένῃ

142 3560 382 3630 ὑπάρχει
427 3557 566 3629 αὐτῇ
611 3557 890 3626 εὐδαίμονι
934 3551 1093 3618 εἷναι,
1136 3553 1367 3622 πλάνης,
1403 3552 1499 3605 καὶ
1528 3552 1734 3616 ἀνοίας,

143 3653 235 3708 καὶ
276 3649 483 3720 φόϐων,
519 3649 612 3703 καὶ
655 3650 860 3722 ἀγρίων
893 3646 1134 3720 ἐρώτων,
1171 3646 1266 3700 καὶ
1293 3645 1402 3699 τῶν
1431 3645 1604 3698 ἄλλων
1635 3663 1736 3698 κα-

143 3745 256 3798 κῶν
288 3743 398 3796 τῶν
432 3741 786 3814 ἀνθρωπείων
810 3738 1227 3811 ἀπηλλαγμένῃ.
1256 3737 1466 3810 Ὠσπερ
1496 3735 1553 3788 δὲ
1585 3735 1738 3803 λέγε-

142 3855 230 3891 ται
277 3835 420 3889 κατά
451 3833 558 3887 τῶν
592 3834 984 3905 μεμυημένων,
1033 3832 1110 3894 ῶς
1163 3828 1378 3901 ἀληθῶς
1427 3828 1518 3881 τὸν
1550 3827 1737 3880 λοιπὸν

142 3927 335 4000 χρόνον
369 3924 507 3999 μετά
533 3924 669 3978 θεῶν
702 3924 982 3993 διάγουσα·
1024 3921 1167 3975 οὕτω
1197 3919 1408 3991 φῶμεν,
1442 3913 1488 3972 ῶ
1525 3917 1732 3987 Κέὀης,

141 4022 174 4094 ἢ
207 4020 420 4084 ἄλλως
453 4050 524 4059 -
548 4016 736 4081 Οῦτως
767 4017 832 4089 νὴ
860 4016 979 4079 Δία,
1015 4015 1119 4086 ἔφη
1152 4017 1180 4067 6
1203 4013 1406 4084 Κέϐης.
1443 4013 1539 4064 “Av
1567 4009 1624 4062 δέ
1649 4027 1735 4078 γε,

142 4107 319 4184 οἶμαι,
353 4128 418 4181 με
428 4108 698 4181 μιασμὲνη
721 4108 816 4161 καὶ
836 4106 1146 4178 ἀκάθαρτος
1165 4103 1259 4158 τοῦ
1290 4102 1542 4174 σώματος
1564 4101 1738 4154 ἀπαλ-

143 4203 426 4274 λάττηται,
462 4202 558 4256 ἆτε
598 4199 810 4272 σώματι
843 4201 932 4254 ἀεὶ
959 4199 1221 4267 ξυνοῦσα,
1257 4199 1352 4251 καὶ
1382 4196 1541 4250 τοῦτο
1573 4195 1738 4267 θερα-·

142 4295 410 4365 πύουσα,
447 4293 542 4348 καὶ
587 4291 791 4364 ἐρῶσα,
841 4292 935 4346 xa.i
972 4290 1344 4363 γοητευομένη
1398 4289 1491 4342 ὑπ’
1548 4287 1735 4350 αὑτοῦ,

1841 1888 2020 1958 plane.
2081 1887 2208 1946 Haec
2233 1906 2361 1960 ergo
2393 1907 2517 1946 cum
2553 1892 2625 1947 ita
2673 1893 2804 1961 sint,
2857 1896 3106 1967 nunquid
3151 1898 3438 1968 proprium

1841 1979 1896 2034 id
1941 1981 2192 2052 corporis
2241 1991 2346 2048 est,
2398 1981 2478 2037 uti
2524 1983 2676 2038 brevi
2718 1985 2986 2053 solvatur,
3018 1988 3188 2042 animi
3221 1998 3434 2054 contra,

1839 2075 1926 2131 vel
1971 2085 2032 2130 ut
2076 2092 2359 2147 nunquam
2395 2077 2613 2148 penitus
2659 2078 2883 2136 dissolvi
2916 2082 3123 2151 possit,
3158 2084 3242 2138 vel
3287 2086 3436 2140 aliud

1839 2166 2100 2238 quiddam
2154 2168 2319 2238 hujus
2366 2169 2699 2227 conditionis
2740 2171 2936 2228 aliine?
2985 2173 3146 2246 553
3199 2175 3433 2247 Quippe.

1838 2261 1959 2317 Jam
1989 2262 2244 2333 intelligis
2289 2262 2406 2334 ipse
2437 2279 2672 2328 mecum,
2704 2265 2901 2335 inquit,
2935 2268 3028 2322 ubi
3062 2269 3228 2324 homo
3260 2269 3434 2325 inter-

1839 2355 1986 2422 ierit,
2038 2371 2242 2426 corpus
2289 2356 2394 2412 hoc
2438 2357 2558 2426 ejus
2603 2359 2969 2429 aspectabile,
3005 2361 3152 2432 quod
3181 2362 3235 2417 in
3269 2379 3328 2418 re
3360 2364 3432 2419 si-

1839 2449 2044 2504 militer
2091 2449 2412 2519 aspectabili
2436 2449 2600 2519 jacet,
2637 2465 2759 2521 quae
2808 2466 2839 2506 a
2885 2451 3045 2509 nobis
3079 2454 3312 2514 cadaver
3335 2471 3436 2525 apo

1840 2541 2094 2612 pellatur,
2109 2540 2268 2611 cujus
2301 2541 2355 2596 id
2383 2543 2664 2612 proprium
2693 2551 2799 2609 est,
2823 2554 2884 2600 ut
2912 2545 3178 2612 solvatur,
3199 2547 3429 2612 dillluat,

1839 2641 2154 2698 evanescat,
2195 2632 2465 2704 ejusmodi
2523 2643 2706 2690 tamen
2738 2635 3002 2692 continuo
3036 2637 3224 2693 subire
3253 2639 3433 2706 nihil;

1841 2727 1936 2782 sed
1967 2726 2148 2796 potius
2179 2726 2315 2781 satis
2350 2725 2520 2781 multo
2570 2735 2816 2798 tempore
2867 2729 3172 2785 consistere
3220 2749 3233 2784 :
3271 2734 3437 2786 adeo-

1840 2833 1947 2888 que
1976 2818 2022 2873 si
2053 2818 2178 2887 quis
2205 2816 2450 2874 formoso
2491 2828 2546 2874 et
2590 2820 2820 2890 eleganti
2854 2835 3082 2890 corpore
3113 2821 3431 2888 decesserit,

1841 2908 1993 2964 illam
2027 2909 2200 2978 ipsam
2233 2909 2555 2981 dignitatem
2607 2926 2673 2966 ac
2717 2912 2954 2981 speciem
2983 2912 3276 2967 admodum
3303 2917 3436 2968 reti-

1842 3017 1991 3057 nere.
2035 3000 2101 3056 Et
2125 3016 2255 3055 vero
2286 3010 2636 3070 posteaquam
2665 3003 3002 3058 exsiccatum
3045 3002 3210 3059 fuerit
3238 3007 3432 3062 condi-

1766 3120 1808 3177 (ς
1844 3105 2069 3167 tumque
2111 3112 2334 3168 corpus,
2385 3106 2441 3151 ut
2471 3097 2564 3167 qui
2594 3097 2738 3167 apud
2775 3095 3063 3170 Egyptios
3096 3100 3309 3155 condiri
3339 3116 3434 3155 εο-

1839 3190 1971 3254 lent,
2004 3188 2204 3244 mirum
2233 3187 2477 3259 quandiu
2514 3197 2688 3244 totum
2738 3191 2852 3246 fere
2894 3191 3276 3262 integrumque
3317 3209 3435 3248 ma-

1838 3288 1984 3337 neat.
2042 3279 2185 3347 Quin
2233 3289 2287 3334 et
2328 3289 2512 3350 partes
2540 3283 2786 3352 corporis
2811 3282 3007 3354 aliquae
3027 3323 3044 3350 ,
3077 3287 3293 3340 tametsi
3318 3286 3435 3357 jam

1837 3373 2165 3439 extahuerit,
2199 3387 2326 3428 ossa
2375 3371 2660 3438 videlicet,
2701 3375 2874 3439 nervi,
2918 3391 2984 3431 ac
3031 3386 3243 3434 caetera;
3267 3380 3316 3433 id
3341 3395 3437 3448 ge-

1839 3481 1944 3519 nus
1975 3479 2190 3532 omnes,
2225 3464 2588 3527 immortales,
2644 3479 2786 3535 pene
2831 3467 3086 3530 dixerim,
3137 3481 3436 3540 supersunt

1838 3555 1970 3623 ipsae
1999 3563 2203 3621 tamen,
2237 3555 2458 3610 nonne?
2521 3553 2612 3609 Sic
2643 3563 2748 3611 est.
2814 3554 2886 3610 At
2907 3572 3059 3620 vero,
3096 3559 3315 3614 animus
3345 3558 3436 3614 ille

1838 3655 2026 3703 noster
2059 3647 2174 3718 (qui
2201 3647 2370 3702 videri
2399 3662 2506 3700 non
2538 3656 2733 3717 potest,
2773 3648 2868 3718 qui
2903 3648 2958 3703 in
2985 3650 3213 3705 alteram
3242 3667 3436 3720 quam-

1837 3739 1961 3793 dam
1994 3739 2344 3810 similemque
2372 3742 2556 3795 sedem
2589 3741 2982 3812 commigrans,
3016 3757 3247 3812 eamque
3273 3744 3434 3799 nobi-

1837 3829 1942 3885 lem
1974 3830 2220 3885 simulet
2248 3840 2481 3895 castam,
2511 3842 2676 3900 atque
2719 3832 2788 3886 ab
2834 3833 2986 3887 omni
3021 3845 3316 3904 conspectu
3348 3850 3436 3891 se-

1833 3921 2080 3992 junctam
2143 3923 2287 3992 apud
2339 3921 2580 3987 inferos,
2633 3925 2700 3978 ad
2746 3925 2952 3979 bonum
3004 3925 3239 3996 aliquem
3286 3927 3435 3982 haud

1837 4015 2003 4070 dubie
2049 4015 2466 4086 sapientemque
2500 4015 2672 4070 Deum
2719 4017 3116 4087 proﬁciscitur;
3158 4034 3269 4088 quo
3311 4020 3436 4089 qui-

1838 4108 1984 4174 dem,
2035 4107 2082 4163 si
2132 4106 2243 4162 Deo
2291 4107 2592 4177 placuerit,
2625 4109 2810 4165 animo
2836 4111 2926 4166 isti
2955 4126 3081 4166 meo
3119 4112 3434 4168 abeundum

1834 4199 2061 4270 jamjaln
2089 4199 2247 4269 erit);
2275 4199 2384 4261 ille.
2406 4201 2652 4270 inquam,
2675 4210 2862 4257 noster
2894 4202 3134 4267 animus,
3151 4204 3278 4259 talis
3302 4219 3432 4260 cum

1839 4291 1911 4348 sit
1953 4293 2022 4347 ab
2070 4302 2263 4348 natura
2291 4303 2466 4359 salus,
2513 4293 2677 4348 simul
2710 4305 2877 4365 atque
2903 4295 3166 4352 liberatus
3201 4277 3434 4368 corpore

144 4392 250 4451 ὑπό
283 4407 344 4444 τε
373 4389 480 4443 τῶν
517 4386 824 4458 ἐπιθυμιῶν
846 4387 941 4439 καὶ
974 4385 1196 4457 ἡδονῶν,
1231 4383 1374 4437 ὥστε
1414 4382 1580 4455 μηδὲν
1611 4380 1738 4435 ἀλλο

1850 4383 2025 4450 inerit,
2058 4393 2348 4440 evanescet
2386 4385 2552 4447 illico.
2611 4401 2676 4441 ac
2702 4385 2973 4452 funditus,
3022 4398 3083 4442 ut
3110 4388 3306 4460 vulgus
3333 4389 3434 4444 ho-

143 4484 319 4539 δςκεῖν
348 4477 489 4535 εἶναι
519 4481 716 4552 ἀληθὲς
744 4479 857 4534 ἀλλ’
891 4479 924 4550 ἢ
961 4479 1022 4532 τὸ
1057 4475 1441 4548 σωματοειδὲς,
1475 4469 1536 4528 οὗ
1565 4474 1628 4528 ἄν
1660 4489 1738 4535 τις

1850 4477 2056 4532 minum
2091 4477 2356 4546 loquitur,
2392 4477 2672 4532 interibit?
2726 4476 3065 4534 Permultum
3116 4481 3166 4536 id
3212 4481 3432 4551 quidem

143 4577 363 4646 ἅψαιτο,
406 4575 502 4629 καὶ
535 4574 653 4637 ἴδοι,
691 4575 785 4628 καὶ
817 4573 953 4635 πίοι,
1000 4572 1095 4625 καὶ
1125 4570 1312 4640 φάγοι,
1353 4568 1448 4622 καὶ
1491 4567 1628 4638 πρὸς
1670 4566 1738 4620 τὰ

1850 4568 2015 4629 abest.
2049 4567 2122 4622 mi
2148 4567 2344 4631 Cebes,
2380 4576 2548 4638 tuque
2572 4583 2604 4623 o
2631 4566 2884 4624 Simmia.
2933 4571 3050 4644 [mo
3073 4571 3230 4642 longe
3254 4570 3439 4640 profe-

145 4669 437 4744 ἀφροδίσια
460 4669 742 4739 χρήσαιτο·
773 4666 835 4720 τὸ
865 4665 922 4718 δὲ
954 4667 1065 4728 τοῖς
1095 4664 1307 4735 ὄμμασι
1335 4660 1622 4724 σκοτῶδες,
1645 4659 1738 4712 καὶ¹

1850 4670 1930 4717 clo
1958 4661 2142 4716 verius
2171 4660 2316 4730 quod
2346 4661 2612 4730 sequitur.
2660 4660 2716 4716 Si
2761 4677 2933 4732 purus
2962 4679 3031 4718 ex
3053 4679 3283 4734 corpore
3317 4664 3435 4720 dis-

145 4762 546 4832 ἀειδὲς,νοητδν
566 4762 623 4814 δὲ
645 4760 739 4814 καὶ
761 4758 1048 4830 φιλοσοφία
1066 4757 1302 4829 αἱρετὸν,
1339 4755 1498 4810 τοῦτο
1525 4753 1582 4806 δὲ
1607 4751 1744 4806 εἰθι-

148 4857 321 4928 σμένη
358 4857 535 4927 μισεῖν
556 4871 636 4916 τε,
663 4853 758 4906 καὶ
787 4851 1030 4922 τρέμειν,
1073 4851 1168 4904 καὶ
1203 4848 1443 4918 φεύγεινο
1502 4846 1646 4900 οῦτω
1677 4843 1740 4915 δὴ

147 4948 378 5017 ἔχουσαν
399 4945 501 5000 οἴει
519 4944 696 5015 ψυχὴν
717 4941 887 5012 αὐτὴν
917 4940 1040 4995 καθ’
1075 4939 1246 5010 αὐτὴν
1270 4939 1536 5011 εἰλικρινῆ
1568 4935 1743 4991 ἀπαλ-

147 5037 430 5103 λάξεσθαι;
458 5037 580 5090 Οὐδ’
613 5030 936 5097 ὁπωστιοῦν,
983 5031 1105 5103 ἔφη.
1135 5052 1152 5085 ι
1189 5031 1375 5086 Ταῦτα
1404 5034 1433 5085 6
1494 5029 1738 5083 Πλάτων.

146 5129 400 5194 Ἐξαπλοῖ
412 5128 471 5182 δὲ
489 5127 586 5199 τὴν
601 5128 838 5181 διάνοιαν
852 5127 880 5179 6
896 5124 1224 5197 Πορφύριος,
1239 5125 1297 5184 ἐιν
1318 5123 1397 5195 τῷ
1415 5121 1614 5196 πρώτῳ
1634 5119 1742 5174 τῶν

1842 4754 2092 4822 cesserit,
2135 4753 2383 4822 nihilque
2431 4769 2617 4808 secum
2668 4769 2732 4808 ex
2763 4770 2829 4809 eo
2858 4755 3106 4822 trahens,
3137 4755 3281 4824 quod
3311 4754 3438 4810 nul-

1849 4845 1960 4899 lum
1991 4860 2230 4914 unquam
2275 4845 2379 4900 hac
2403 4843 2458 4898 in
2484 4845 2596 4899 vita
2625 4861 2750 4900 cum
2775 4861 2842 4900 eo
2868 4846 3109 4917 prudens
3140 4847 3444 4918 volensque

1849 4941 2238 4998 commercium
2265 4941 2552 5007 habuerit,
2599 4941 2693 4997 sed
2720 4941 2902 5012 potius
2927 4924 3063 4996 illud
3091 4940 3340 5012 fugiens,
3378 4942 3437 4996 in

1851 5055 1910 5093 se
1939 5036 2117 5105 ipsum
2147 5034 2412 5090 collectus
2447 5034 2766 5105 perstiterit,
2813 5031 2963 5103 quod
3005 5033 3061 5087 in
3105 5048 3173 5088 eo
3205 5033 3440 5088 medita-

1850 5126 2018 5182 tionis
2041 5140 2238 5196 genere
2263 5134 2412 5180 totus
2443 5141 2658 5196 semper
2682 5133 2829 5180 esset
2861 5123 3028 5196 (quod
3051 5123 3182 5177 dum
3217 5123 3434 5193 agebat,

145 5224 282 5294 πρὸς
302 5219 505 5291 Βοηθδν
520 5219 662 5288 Περὶ
682 5217 893 5289 ψυχῆς
908 5217 1096 5270 τοῦτον
1127 5216 1356 5288 γράφων
1372 5215 1462 5269 τὸν
1489 5215 1710 5286 τρόπον.

1854 5217 1958 5271 hoc
1989 5230 2122 5270 sane
2153 5215 2347 5285 agebat
2374 5231 2566 5281 unum,
2612 5216 2690 5270 uti
2739 5222 2886 5270 recte
2935 5215 3436 5286 philosopharetur,

147 5333 208 5374 ac
235 5330 295 5369 re
322 5316 438 5384 ipsa
465 5312 620 5368 facile
647 5311 914 5367 moriendi
947 5310 1215 5365 rationem
1247 5325 1432 5365 secum
1474 5309 1592 5379 ipse
1654 5317 1928 5373 versaret,
1968 5308 2102 5378 quid
2127 5307 2313 5362 enim?
2359 5322 2427 5362 an
2460 5308 2575 5362 haec
2604 5307 2703 5361 tihi
2733 5306 2929 5369 mortis
2993 5307 3276 5382 meditatio
3327 5325 3435 5364 non

147 5408 397 5465 videtur?
442 5406 520 5463 lta
549 5407 729 5477 plane)
766 5425 779 5460 :
817 5405 1056 5471 animus,
1087 5403 1334 5473 inquam,
1360 5403 1464 5458 hoc
1491 5412 1634 5459 statu
1675 5403 1721 5458 si
1760 5402 2024 5464 discedet,
2069 5401 2137 5455 ad
2171 5401 2303 5455 illud
2354 5402 2618 5456 continuo
2667 5417 2790 5456 sese
2862 5400 3108 5471 recipiet,
3145 5400 3294 5473 quod
3352 5403 3438 5457 af-

148 5508 254 5562 ﬁne
284 5505 390 5561 sibi
414 5514 519 5567 est,
554 5503 898 5574 spectarique
930 5518 1038 5555 non
1063 5508 1263 5571 potest,
1295 5500 1542 5555 divinum
1605 5499 1865 5570 quiddam
1925 5498 2135 5567 utique,
2198 5497 2510 5551 immortale
2575 5496 2738 5550 simul
2787 5511 2853 5552 ac
2907 5496 3146 5566 sapiens,
3194 5511 3438 5568 quocum

147 5601 489 5674 pervenerit,
539 5611 656 5654 tum
705 5599 925 5655 demum
974 5596 1099 5653 felix
1147 5611 1270 5653 esse
1301 5596 1522 5668 incipit,
1581 5597 1650 5652 ab
1711 5610 1917 5663 errore,
1949 5594 2188 5658 inscitia,
2257 5593 2582 5657 terroribus,
2633 5592 2840 5650 insanis
2901 5591 3210 5653 amoribus.
3246 5605 3310 5648 ac
3343 5605 3437 5648 re.

219 5758 335 5830 (19)
385 5756 746 5824 Μελετῶσα,
784 5763 868 5812 etc
939 5751 1200 5812 t’eriodus
1257 5752 1538 5810 Platonico
1589 5767 1742 5808 more
1778 5751 2064 5820 producta,
2099 5762 2385 5819 suspensa,
2421 5747 2700 5818 impedita.
