3826 6232
435 267 544 323 99.5
1087 273 1359 331 EUSEBII
1400 277 1887 333 CIESARIENSIS
1924 277 2074 333 OPP.
2117 276 2300 334 PARS
2332 277 2397 332 Il.
2435 311 2505 320 —
2540 277 3044 336 APOLOGETICA.
3595 275 3699 328 θει

429 387 579 458 liqua
626 393 891 448 malorum
935 394 1300 451 humanorum
1351 400 1677 470 contagione
1724 400 2007 457 liberatus.
2048 399 2258 470 Atque,
2313 410 2372 454 ut
2411 399 2480 455 de
2511 400 2738 455 initiatis
2804 398 2912 454 dici
2975 398 3137 468 vulgo
3166 395 3336 459 solet,
3385 393 3439 446 in
3473 391 3701 447 deorum

429 485 692 542 societate
707 487 958 557 deinceps
976 497 1123 544 totus
1141 506 1264 546 vere
1289 508 1351 546 ac
1370 504 1662 564 perpetuus
1724 505 1826 550 est.
1899 495 2092 550 Utrum
2131 494 2226 548 tibi
2261 495 2399 557 hoc,
2447 494 2520 546 mi
2551 491 2760 556 Cebes,
2789 507 2961 563 genus
3005 489 3268 589 ornationis
3309 486 3605 589 probatur,
3633 501 3700 538 an

428 578 575 633 aliud
605 582 818 650 placet?
868 582 995 638 Mihi
1026 600 1156 640 vero
1213 587 1507 642 admodum
1569 591 1852 659 probatur,
1905 591 2084 661 inquit
2119 589 2292 644 Cebes
2313 627 2328 652 ,
2375 588 2449 642 ita
2478 602 2564 682 me
2589 585 2800 682 Jupiter
2841 594 3002 639 amet.
3040 582 3202 682 554Ι
3227 583 3296 682 at
3327 594 3490 682 vero:
3523 578 3698 682 idem.

425 671 653 740 opinor,
703 673 749 728 si
794 677 1198 733 contaminatus
1227 694 1294 734 ex
1325 695 1555 752 corpore
1583 683 2012 753 inquinatusque
2049 681 2324 752 migrabit,
2389 680 2535 750 quod
2601 679 2855 735 assiduus
2879 693 3002 732 eum
3029 691 3096 732 eo
3123 675 3304 740 fuerit,
3339 672 3488 744 quod
3522 671 3699 740 ipsum

425 765 657 820 coluerit
687 778 851 838 atque
881 773 1178 839 amaverit,
1215 775 1444 846 ejusque
1503 778 1669 834 simul
1730 779 2089 849 cupiditatum
2128 778 2577 846 voluptatumque
2644 777 2920 831 veneficiis
2973 789 3144 844 usque
3203 773 3339 829 adeo
3399 771 3701 828 faseiuatus

424 867 726 929 captusque
778 861 971 929 fuerit,
1027 865 1164 919 nihil
1221 876 1281 922 ut
1335 869 1483 923 aliud
1553 886 1738 925 rerum
1791 879 2028 940 putaret,
2103 885 2267 940 quam
2315 869 2462 939 quod
2524 879 2668 924 esset
2710 883 3069 941 corporeum.
3121 866 3266 936 (ιιιοά
3316 874 3466 920 lac“!
3511 865 3700 918 Visu'e

422 949 812 1019 perciperetur,
865 954 1011 1024 quod
1045 957 1393 1025 poculentum
1423 971 1517 1016 aut
1543 964 1883 1018 esculentum
1916 972 2079 1028 esset,
2145 973 2239 1018 aut
2294 965 2349 1016 in
2378 963 2542 1018 rebus
2568 963 2818 1018 venereis
2884 961 3065 1016 locum
3133 959 3356 1014 haberet
3385 975 3399 1012 :
3431 958 3700 1029 quidquid

420 1053 600 1099 autem
650 1047 729 1103 sic
773 1051 949 1104 oculis
981 1053 1276 1108 obscurum
1305 1063 1484 1121 esset,
1519 1059 1670 1112 utab
1695 1059 1766 1114 iis
1817 1075 1924 1114 non
1990 1059 2266 1114 videretur
2308 1058 2550 1128 quidem,
2602 1058 2696 1112 sed
2744 1065 2925 1111 mente
2964 1064 3147 1110 tamen
3215 1069 3279 1108 ac
3341 1053 3700 1124 philosophiae

417 1138 471 1190 vi
498 1149 805 1208 caperetur,
837 1142 888 1195 id
924 1151 1094 1197 totum
1158 1145 1360 1210 odisse,
1394 1147 1688 1204 formidare
1735 1165 1800 1205 ac
1850 1150 2041 1220 fugere
2079 1152 2280 1206 soleret
2315 1168 2327 1203 :
2365 1165 2434 1203 an
2465 1158 2524 1203 tu
2552 1163 2702 1212 eum,
2777 1147 2873 1218 qui
2901 1154 3245 1216 comparatus
3277 1145 3350 1198 ita
3376 1144 3468 1207 sit,
3500 1160 3696 1214 purum

418 1249 483 1288 ae
507 1235 982 1306 sincerum,atque
1007 1241 1075 1294 ab
1101 1242 1250 1296 omni
1283 1258 1380 1311 per
1410 1259 1532 1298 sese
1597 1246 1718 1301 labe
1775 1246 2081 1316 sejunctum
2120 1262 2188 1302 ex
2239 1260 2467 1315 corpore
2509 1245 2878 1301 discessurum
2927 1241 3246 1298 arbitraris?
3296 1239 3458 1299 Nullo
3510 1241 3696 1302 modo.

418 1329 598 1399 inquit
649 1331 758 1386 ille.
799 1352 818 1384 ›
887 1331 1164 1390 Hactenus
1207 1336 1382 1393 Plato.
1450 1336 1622 1408 Cujus
1677 1342 2002 1396 sententiam
2043 1342 2267 1398 uberius
2315 1357 2596 1411 exponens
2645 1349 2995 1411 traetansque
3038 1337 3408 1410 Porphyrius,
3486 1339 3544 1392 in
3604 1351 3698 1392 eo-

420 1436 545 1476 rum
579 1424 776 1492 primo,
833 1443 962 1496 quos
993 1429 1060 1481 ad
1090 1428 1348 1483 Boethum
1393 1433 1602 1498 scribit,
1634 1435 1706 1489 ita
1731 1435 1798 1491 de
1827 1437 2010 1492 animo
2047 1437 2310 1508 loquitur.

956 1521 1186 1578 CAPUT
1235 1524 1474 1580 XXVIII.

832 1610 907 1666 De
934 1615 1135 1679 eadem,
1167 1633 1232 1671 ea:
1263 1617 1582 1690 Porphyrio.

490 1719 515 1751 ο
547 1701 626 1756 Ad
657 1701 1120 1763 immortalitatem
1161 1711 1326 1765 animi
1355 1711 1774 1781 defendendam,
1805 1716 2002 1784 inquit,

415 1803 728 1864 promptum
765 1797 817 1851 id
864 1798 1194 1872 ﬁrmumque
1240 1815 1624 1875 argumentum
1680 1805 1892 1862 Platoni
1922 1810 2004 1863 vi-

413 1903 558 1952 sum,
591 1891 734 1958 quod
763 1907 827 1944 ex
857 1895 935 1947 rei
970 1894 1167 1950 similis
1205 1899 1412 1952 ratione
1442 1900 1752 1955 duceretur.
1790 1899 1923 1955 Nam
1955 1902 2002 1957 si

414 1989 623 2034 naturae
649 1982 867 2048 divinae,
917 2001 1038 2054 qua:
1067 1997 1121 2041 et
1151 1988 1478 2046 immortalis
1517 2001 1621 2055 est,
1675 2007 1776 2048 nec
1807 1993 2000 2058 videri,

413 2079 510 2124 aut
538 2072 816 2142 dissipari,
873 2077 1121 2148 solvique
1170 2089 1367 2148 potest,
1423 2083 1514 2136 sed
1546 2084 1598 2136 in
1632 2084 1748 2152 ipsa
1778 2084 2002 2155 integri-

415 2171 526 2215 tate
553 2163 712 2217 sitam
747 2165 909 2221 habet
938 2181 990 2222 et
1021 2171 1408 2226 consistentem
1444 2176 1761 2240 essentiam,
1824 2176 2000 2233 alIinis

416 2260 503 2307 est
571 2254 818 2323 animus;
867 2259 1055 2327 quidni
1105 2263 1226 2331 ejus
1273 2279 1491 2333 quoque
1550 2267 1762 2329 generis
1792 2267 1879 2321 ille
1905 2269 1996 2336 sit,

412 2345 556 2413 quod
587 2361 745 2402 suum
775 2349 909 2404 illud
938 2354 1215 2422 exemplar
1246 2354 1527 2409 imitetur?
1549 2355 1684 2411 Cum
1712 2359 1878 2426 enim,
1905 2360 1997 2415 ubi

412 2449 629 2489 summa
661 2438 772 2492 duo
801 2440 1047 2509 quaedam
1084 2443 1226 2497 inter
1253 2459 1373 2500 sese
1417 2448 1612 2515 opponi
1644 2459 1876 2517 constat,
1901 2466 1998 2506 eu-

407 2523 653 2593 jusmodi
680 2539 809 2584 sunt
852 2533 1064 2588 ratione
1086 2537 1397 2603 praeditum,
1435 2551 1489 2593 et
1522 2541 1752 2597 rationis
1779 2559 1992 2612 expers,

408 2613 478 2669 de
506 2619 667 2672 tertio
696 2619 880 2689 aliquo
908 2622 1212 2690 dubitatur,
1268 2628 1447 2683 utrius
1495 2631 1550 2682 in
1597 2631 1772 2686 classe
1803 2649 1992 2687 nume-

407 2721 582 2777 reque
628 2713 939 2778 ponendum
970 2714 1085 2771 sit:
1125 2723 1238 2770 tum
1279 2718 1326 2773 is
1370 2735 1589 2789 quoque
1614 2723 1830 2791 probari
1857 2725 1995 2779 solet

2605 1527 3003 1583 ΚΕΦΜΑῙΟΝ
3047 1527 3150 1580 ΚΗ
3169 1566 3184 1580 .

2450 1622 2790 1691 Πορφυρίου
2825 1620 2956 1688 περὶ
3001 1619 3109 1674 τοῦ
3144 1616 3350 1672 αὑτοῦ.

2183 1734 2200 1766 ι
2250 1715 2457 1769 Αὐτίκα
2487 1715 2645 1783 λόγον
2692 1712 2911 1784 ἰσχυρὸν
2957 1708 3094 1765 εἶναι
3137 1709 3396 1762 δοκοῦντα
3433 1707 3513 1778 τῷ
3555 1706 3694 1760 Πλὰ-

2105 1825 2234 1861 τωνι
2257 1810 2336 1872 εἰς
2360 1808 2701 1879 παράστασιν
2731 1807 2828 1874 τῆς
2854 1804 3031 1874 ψυχῆς
3060 1801 3380 1867 ἀθανασίας,
3398 1800 3490 1853 τὸν
3512 1801 3578 1854 ἐκ
3597 1799 3691 1852 τοῦ

2103 1899 2312 1969 ὁμοίου.
2363 1899 2426 1952 Εἰ
2471 1897 2579 1969 γὰρ
2629 1895 2792 1968 ὁμοία
2841 1894 2919 1967 τῷ
2958 1895 3108 1965 θείῳ,
3158 1894 3251 1947 καὶ
3289 1892 3564 1963 ἀθανάτῳ,
3598 1893 3693 1947 επὶ

2104 1991 2290 2055 ἀειδεῖ,
2319 1992 2412 2044 καὶ
2439 1989 2776 2060 ἀσκεδάστῳ,
2803 1989 2895 2041 καὶ
2917 1987 3205 2057 ἀδιαλύτῳ,
3227 1987 3322 2040 καὶ
3343 1985 3688 2056 οὐσιωμένσς,

2102 2083 2196 2135 καὶ
2241 2082 2534 2136 συνεστῶτι
2573 2084 2630 2135 ἐν
2681 2080 2978 2152 ἀφθαρσίᾳ·
3013 2079 3130 2143 πῶς
3172 2079 3234 2132 οὐ
3274 2077 3369 2131 τοῦ
3400 2079 3595 2146 γένους
3624 2079 3692 2131 ἄν

2101 2172 2188 2242 εῐη
2219 2172 2314 2226 τοῦ
2347 2172 2488 2226 κατά
2518 2172 2580 2224 τὸ
2611 2170 2990 2242 παράδειγμα;
3036 2171 3205 2222 Ὅταν
3238 2167 3348 2240 γὰρ
3388 2167 3484 2220 δύο
3528 2167 3699 2221 τινῶν

2099 2261 2283 2334 ἄκρων
2308 2261 2553 2334 ἐναργῶς
2577 2261 2855 2321 ἐναντίων,
2888 2253 2998 2312 οἶον
3019 2256 3239 2327 λογικοῦ
3267 2275 3324 2311 τε
3346 2258 3440 2311 καὶ
3465 2256 3686 2326 ἀλόγου,

2099 2355 2225 2410 ἀλλο
2245 2372 2296 2407 τι
2319 2353 2753 2425 ἀμφισϐητῆται,
2782 2353 2943 2417 ποίας
2967 2351 3085 2404 ἐστὶ
3113 2350 3353 2422 μερίδος,
3388 2345 3471 2413 εἷς
3497 2345 3568 2422 ἦν
3590 2353 3690 2404 καὶ

2097 2465 2253 2511 ουτος
2281 2449 2484 2518 τρόπος
2512 2446 2859 2512 ἀποδείξεως,
2888 2445 2977 2498 διὰ
3005 2443 3098 2497 τοῦ
3124 2442 3294 2508 δεῖξαι
3321 2444 3427 2496 τίνι
3458 2443 3568 2496 τῶν
3594 2445 3695 2496 ἀν-

2095 2539 2417 2611 τικειμένων
2444 2539 2645 2608 ὅμοιον.
2671 2537 2828 2592 Ούτω
2859 2539 2990 2608 γὰρ,
3015 2535 3216 2607 καίπερ
3242 2538 3301 2589 ἐν
3327 2535 3520 2607 ἀλογίᾳ
3546 2536 3698 2591 κατὰ·

2097 2629 2320 2704 πρώτην
2337 2629 2550 2702 ἡλικίαν
2570 2629 2664 2682 τοῦ
2685 2627 3026 2700 ἀνθρωπίνου
3042 2625 3231 2695 γένους
3247 2642 3489 2696 κατεσχη
3500 2625 3682 2695 μένου,

2097 2723 2305 2776 πολλῶν
2325 2739 2385 2776 τε
2407 2723 2534 2794 ἄχρι
2556 2723 2741 2793 γήρως
2758 2723 2815 2774 ἐν
2829 2722 2942 2783 τοῖς
2958 2721 3057 2790 τῆς
3077 2717 3300 2786 ἀλογίας
3321 2718 3685 2789 ἁμαρτήμασι

401 2799 811 2856 demonstrandi
847 2805 1040 2859 modus
1060 2846 1075 2871 ,
1117 2823 1229 2876 quo
1277 2809 1385 2862 utri
1413 2827 1442 2864 e
1469 2812 1688 2868 duobus
1719 2813 1896 2869 simile
1921 2818 1978 2870 sil

2098 2816 2517 2881 πλεοναζόντων,
2541 2816 2691 2886 ὅμως
2707 2813 2795 2866 διὰ
2815 2813 2876 2866 τὸ
2891 2810 2968 2882 τῷ
2989 2809 3244 2882 καθαρῶς
3260 2809 3465 2880 λογικῷ
3484 2809 3694 2867 πολλὰς

403 2891 730 2946 ostenditur.
803 2893 896 2949 Sic
925 2897 1102 2961 enim,
1135 2901 1351 2954 tametsi
1383 2901 1557 2970 prima
1593 2903 1832 2959 hominis
1856 2915 1978 2961 aetas

2098 2909 2413 2980 ὁμοιότητας
2427 2882 2634 2980 φέρει-ν,
2647 2905 2862 2974 λογικὸν
2877 2901 3015 2958 εἶναι
3030 2904 3090 2956 τὸ
3104 2903 3259 2971 γένος
3273 2901 3431 2956 τοῦτο
3447 2901 3540 2966 ἐξα
3547 2905 3683 2974 ρχῆς

401 2981 632 3037 rationis
658 2993 712 3037 et
741 2987 955 3041 consilii
989 2988 1198 3043 laboret
1233 2993 1439 3061 inopia,
1465 2993 1731 3063 multique
1757 3006 1986 3064 praeter-

399 3087 461 3124 ea
490 3074 558 3127 ad
615 3075 788 3143 ipsam
824 3093 999 3146 usque
1026 3090 1365 3138 senectutem
1418 3086 1471 3138 in
1505 3086 1756 3154 plurimis
1783 3088 1986 3158 impru-

399 3163 586 3217 dentia
634 3177 699 3218 ae
742 3169 1042 3224 temeritate
1077 3170 1370 3228 labantur:
1405 3177 1551 3244 quod
1586 3187 1768 3232 tamen
1805 3179 1984 3233 homi-

400 3270 533 3308 num
563 3271 734 3325 genus
776 3273 901 3315 cum
935 3277 996 3316 ea
1043 3273 1259 3332 natura,
1305 3273 1466 3335 cujus
1497 3269 1707 3340 integra
1740 3271 1985 3327 sincera-

397 3361 506 3416 que
556 3348 697 3402 ratio
737 3360 842 3415 est,
896 3355 1193 3410 multarum
1247 3359 1666 3416 similitudinum
1723 3364 1984 3420 societate

397 3439 754 3508 conjunctum
790 3446 892 3510 sit,
926 3445 1069 3502 idem
1106 3449 1221 3518 jam
1271 3451 1401 3507 inde
1448 3455 1517 3508 ab
1563 3455 1719 3510 initio
1754 3459 1982 3515 rationis

395 3544 623 3598 compos
657 3533 902 3588 habitum
939 3546 1043 3592 est.
1097 3537 1234 3594 Cum
1269 3541 1452 3612 itaque
1475 3543 1698 3602 divinus
1725 3547 1814 3603 ille
1848 3549 1980 3604 deo.

393 3635 516 3678 rum
553 3635 758 3691 ccetus,
798 3628 932 3683 nihil
967 3647 1206 3701 unquam
1229 3675 1243 3698 ,
1279 3646 1339 3688 ut
1373 3646 1614 3704 constat,
1671 3638 1979 3697 detrimenti

391 3728 587 3784 capere
635 3720 805 3787 possit
842 3739 854 3773 :
890 3730 1157 3778 terrestre
1187 3735 1376 3782 contra
1424 3745 1593 3799 genus
1642 3735 1978 3804 corruptioui

391 3806 691 3863 obnoxium
730 3826 852 3867 esse
893 3830 1055 3870 nemo
1094 3833 1203 3871 non
1236 3818 1416 3875 videat
1460 3841 1472 3876 :
1512 3822 1568 3877 in
1616 3823 1704 3878 illa
1736 3826 1980 3895 profecto

389 3897 751 3967 dubitatione,
788 3919 895 3971 qua
941 3910 1186 3962 nonnulli
1214 3911 1438 3978 haerent,
1495 3923 1677 3970 utrum
1708 3917 1774 3971 ad
1806 3934 1978 3989 genus

390 3991 638 4045 animum
688 3995 984 4066 adjungere
1015 3999 1267 4066 debeant,
1299 4003 1424 4072 jure
1461 4005 1617 4060 Plato
1646 4007 1978 4077 investigan-

389 4079 516 4133 dam
559 4095 627 4136 ex
678 4085 1041 4144 similitudine
1091 4093 1375 4149 veritatem
1433 4099 1662 4166 putavit.
1701 4099 1862 4171 555
1910 4101 1977 4156 Et

387 4172 652 4239 quoniam
704 4175 821 4244 ipse
863 4195 992 4262 cum
1018 4195 1081 4235 ea
1109 4191 1302 4238 natura
1348 4202 1470 4256 quae
1498 4189 1724 4245 dissolvi
1773 4202 1970 4262 potest,

386 4277 509 4330 quae
533 4273 719 4321 mente
761 4269 926 4324 simul
968 4257 1033 4326 ac
1057 4274 1166 4328 vita
1201 4287 1370 4342 caret,
1405 4296 1634 4350 quaeque
1668 4291 1816 4340 tactu
1847 4301 1974 4355 pro-

383 4357 567 4418 pterea
595 4356 917 4426 exterisque
946 4363 1200 4419 sensibus
1232 4369 1488 4437 usurpari
1536 4372 1697 4427 solita
1724 4412 1740 4438 ,
1791 4377 1974 4430 nasci-

383 4449 475 4494 tur
498 4445 702 4512 pariter
743 4457 798 4503 et
841 4454 1247 4523 exstinguitur,
1279 4459 1556 4518 allinitatis
1585 4464 1720 4519 nihil
1757 4465 1920 4522 habet
1955 4487 1969 4523 :

380 4545 507 4587 cum
545 4549 609 4590 ea
641 4553 772 4592 vero
801 4540 1097 4610 plurimum
1118 4587 1132 4613 ,
1185 4564 1304 4617 quae
1332 4549 1514 4606 divina
1546 4561 1600 4607 et
1644 4555 1971 4615 immortalis

380 4631 487 4690 est,
525 4642 647 4696 quae
677 4645 787 4684 non
817 4633 962 4696 visu,
997 4636 1090 4690 sed
1121 4647 1300 4693 mente
1334 4643 1648 4712 percipitur,
1699 4662 1821 4716 quae
1846 4650 1970 4706 vitae

378 4719 652 4790 particeps
699 4730 784 4776 est
834 4737 1174 4798 cognataque
1225 4732 1459 4796 veritati,
1511 4750 1576 4790 ae
1620 4739 1832 4794 czeteris
1883 4742 1967 4794 in-

379 4816 585 4863 structa
620 4811 865 4882 dotibus,
916 4833 1054 4886 quas
1088 4822 1141 4874 in
1170 4823 1357 4876 animo
1406 4825 1766 4898 philoSOphus
1795 4846 1966 4899 agno-

377 4901 484 4954 scit
518 4920 532 4956 :
562 4903 758 4958 adduci
785 4909 959 4976 potuit
990 4925 1293 4981 nunquam,
1324 4923 1386 4968 ut
1413 4917 1551 4974 alias
1579 4918 1675 4973 Dei
1708 4921 1964 4977 similitu-

375 4992 533 5047 dines
582 4995 636 5048 in
677 5011 752 5069 .eo
802 5000 1030 5068 reperiri
1061 5007 1417 5073 concederet,
1451 5011 1704 5066 essentia:
1727 5013 1961 5083 conjun~

376 5083 609 5140 ctionem
644 5097 699 5142 et
722 5089 1037 5148 aliinitatem
1086 5109 1341 5167 negaret,
1379 5103 1538 5172 cujus
1580 5106 1746 5160 unius
1794 5124 1960 5164 causa

376 5176 432 5230 iu
461 5187 781 5236 caeterorum
835 5197 1282 5246 ornamentorum
1328 5199 1768 5253 communionem
1801 5216 1960 5255 vow-

446 5331 558 5420 (80)
586 5335 694 5389 Kal
723 5339 928 5420 αὑτοῦ.
959 5339 1098 5408 Quid
1115 5343 1300 5420 _si__xctl.
1321 5347 1518 5414 ἀπτοῢ,
1546 5351 1630 5404 vel
1657 5352 1751 5405 καὶ
1773 5351 1961 5420 λυτοῦ,

374 5418 691 5480 qua3_vog:s
723 5410 884 5480 paulo
915 5423 1036 5480 post
1062 5414 1408 5472 adhibentur.

447 5471 940 5560 ςείλιζερὶᾳιρῶνί
989 5483 1140 5560 Alias
1164 5471 1493 5560 περιαιρεῖν,
1550 5491 1951 5559 circumcidere,

379 5551 475 5596 aut
506 5550 738 5634 omnim;
757 5550 945 5634 tollere
972 5563 1084 5620 est;
1123 5555 1211 5611 hic
1242 5550 1312 5612 'ut
1357 5550 1590 5625 videtur,
1638 5550 1954 5634 περιλαὸεῖν

374 5626 468 5665 seu
496 5614 839 5672 καταλαὸεῖν.

446 5682 556 5751 (82)
590 5685 691 5738 Ὃν
723 5691 1027 5759 πεποίηκε.
1057 5691 1298 5751 Dubitari
1327 5715 1432 5754 non
1461 5710 1660 5770 potest,
1689 5703 1820 5774 quin
1856 5705 1949 5762 de-

2088 3001 2404 3073 ἐπιστεύθη.
2435 3003 2625 3064 Ὀντος
2656 2995 2749 3052 οὖν
2782 2998 2927 3052 θείου
2962 2997 3325 3068 συστήματος,
3352 2996 3450 3049 καὶ
3470 2997 3687 3078 ἀκηρά-

2087 3114 2200 3161 του,
2219 3095 2316 3148 καὶ
2334 3093 2643 3166 ἀλυμάντου
2670 3089 2984 3164 προφανῶς,
3017 3089 3112 3143 τοῦ
3137 3089 3247 3143 τῶν
3267 3088 3426 3142 θεῶν·
3451 3089 3602 3152 ὄντος
3623 3088 3680 3142 δὲ

2087 3187 2249 3240 πάλιν
2284 3186 2532 3258 ἐναργῶς
2561 3184 2656 3238 τοῦ
2688 3183 2900 3255 χθονίου
2927 3183 3020 3236 καὶ
3039 3182 3202 3234 αὑτοῦ
3226 3181 3359 3253 (80),
3381 3181 3479 3233 καὶ
3496 3183 3554 3234 ἐν
3569 3181 3684 3234 δια-

2085 3279 2261 3350 φθορᾷ
2291 3277 2568 3349 κειμένου,
2605 3275 3127 3348 ἀμφισϐητουμένης
3155 3273 3212 3326 δὲ
3251 3273 3405 3346 παρά
3437 3290 3549 3326 τισι
3580 3273 3679 3343 τῆς

2083 3370 2281 3441 ψυχῆς,
2301 3369 2406 3422 τίνι
2423 3368 2798 3443 προκειμένων
2817 3366 2971 3438 μέρει
2993 3364 3475 3437 προσκεχώρηκεν·
3498 3368 3563 3418 ἐκ
3580 3365 3679 3433 τῆς

2083 3461 2398 3532 ὁμοιότητος
2431 3461 2581 3532 ᾠήθη
2623 3461 2651 3513 ὁ
2685 3458 2910 3512 Πλάτων
2941 3457 3051 3511 δεῖν
3081 3457 3381 3528 ἀνιχνεύειν
3412 3458 3515 3529 τὴν
3542 3458 3675 3528 ἀλή-

2083 3553 2252 3606 θειαν.
2272 3553 2381 3606 Καὶ
2403 3552 2589 3623 ἐπειδὴ
2608 3550 2686 3622 τῷ
2710 3551 2808 3622 μὲν
2830 3550 3008 3621 θνητῷ
3029 3567 3089 3602 τε
3111 3550 3205 3602 καὶ
3224 3549 3391 3620 λυτῷ,
3419 3552 3516 3603 καὶ⁵
3560 3552 3679 3604 ἀνο-

2081 3647 2216 3716 ήτῳ,
2241 3645 2336 3697 καὶ
2357 3644 2504 3714 ζωῆς
2525 3644 2776 3715 ἀμετόχῳ
2794 3644 2888 3695 καὶ
2909 3643 2997 3697 διὰ
3017 3641 3177 3695 τοῦτο
3197 3641 3355 3712 ἀπτῷ
3390 3661 3453 3696 τε
3475 3644 3570 3696 καὶ
3589 3645 3673 3696 al-

2083 3736 2285 3808 σθητῷ,
2311 3738 2404 3790 καὶ
2425 3737 2715 3808 γινομένῳ,
2739 3737 2834 3789 καὶ
2856 3735 3214 3806 ἀπολλυμένῳ
3231 3735 3486 3807 οὐδαμῶς
3503 3736 3666 3789 ἔοικε·

2079 3826 2155 3898 τῷ
2175 3827 2232 3880 δὲ
2255 3827 2404 3899 θείῳ,
2425 3829 2520 3881 καὶ
2535 3827 2807 3898 ἀθανάτῳ,
2837 3828 2932 3881 καὶ
2953 3827 3139 3892 ἀειδεῖ,
3173 3829 3268 3881 καὶ
3287 3826 3480 3900 νοερῷ,
3513 3829 3674 3894 ζῶντί

2079 3934 2137 3969 τε
2172 3919 2266 3970 καὶ
2297 3917 2556 3988 ἀληθείας
2589 3921 2860 3986 συγγενεῖ,
2904 3919 2999 3971 καὶ
3028 3919 3131 3972 ὅσα
3173 3920 3380 3982 ἐκεῖνος
3413 3921 3546 3991 περὶ
3574 3922 3672 3976 αύ-

2077 4013 2175 4081 τῆς
2195 4009 2596 4079 ἀναλογίζεται·
2620 4011 2794 4065 ἐδόκει
2825 4011 2898 4082 μὴ
2913 4011 3013 4075 τὰς
3036 4011 3134 4082 μὲν
3156 4010 3322 4076 ἄλλας
3346 4013 3672 4084 ὁμοιότητας

2076 4101 2169 4155 τοῦ
2193 4102 2326 4156 Θεοῦ
2356 4105 2554 4158 ἐνεῖναι
2587 4107 2910 4175 συγχωρεῖν,
2940 4103 3002 4156 τὸ
3020 4103 3075 4156 δὲ
3094 4103 3196 4174 τῆς
3214 4103 3404 4167 οὐσίας
3432 4106 3676 4176 ἐμφερὲς

2075 4197 2170 4249 ἀπ’
2205 4197 2376 4268 αὐτῆς
2424 4196 2627 4250 ἐθέλειν
2663 4196 2896 4262 ἀθετεῖν,
2943 4196 3010 4250 δι’
3057 4195 3086 4249 ὃ
3125 4197 3219 4250 καὶ
3261 4195 3472 4250 τούτων
3506 4198 3674 4268 αὐτὴν

2000 4249 2043 4306 C
2077 4291 2258 4359 τυχεῖν
2311 4249 2679 4360 σύμὸέϐηκεν.
2743 4249 2956 4360 Ὥσπερ
3003 4287 3114 4360 γὰρ
3157 4288 3227 4341 τά
3259 4288 3569 4360 ἐνεργείαις
3595 4249 3675 4360 τῶ

2074 4377 2194 4448 Θεῴ
2218 4379 2447 4450 ἀνόμοια
2469 4379 2631 4443 εὐθὺς
2657 4380 2750 4432 καὶ
2778 4383 2846 4451 τῇ
2878 4380 3132 4433 συστάσει
3160 4381 3260 4449 τῆς
3290 4381 3483 4444 οὐσίας
3511 4379 3671 4452 ἐξήλ-

2072 4468 2258 4536 λακτο,
2311 4468 2484 4533 οὕτως
2531 4470 2821 4524 ἀκόλουθον
2868 4467 3007 4525 εἶναι
3049 4471 3117 4525 τά
3159 4471 3269 4524 τῶν
3323 4472 3501 4526 αὐτῶν
3551 4491 3671 4537 πως

2072 4561 2360 4633 ἐνεργειῶν
2401 4562 2602 4633 μέτοχα
2631 4562 2850 4632 φθάνειν
2883 4565 2985 4636 τὴν
3017 4563 3312 4634 ὁμοιότητα
3344 4565 3447 4634 τῆς
3477 4565 3670 4629 οὐσίας

2071 4653 2402 4722 κεκτημένα.
2433 4652 2533 4706 Διά
2555 4652 2665 4725 γάρ
2684 4655 2784 4725 τὴν
2807 4655 2965 4708 ποιάν
2984 4655 3196 4718 οὐσίαν,
3215 4653 3378 4718 ποιὰς
3403 4651 3546 4709 εἶναι
3568 4657 3668 4710 καὶ

2068 4742 2167 4805 τὰς
2199 4743 2498 4812 ἐνεργείας,
2527 4743 2604 4808 ὡς
2643 4744 2710 4798 ἂν
2739 4745 2833 4797 ἀπ’
2863 4747 3036 4817 αὐτῆς
3075 4746 3327 4817 ῥεούσας,
3358 4748 3454 4801 καὶ
3487 4749 3664 4817 αὐτῆς

2067 4833 2232 4897 οὔσας
2261 4832 2635 4906 βλαστήματα.
2669 4837 2872 4890 Τούτου
2890 4838 3070 4892 τοίνυν
3085 4837 3178 4891 τοῦ
3205 4838 3364 4908 λόγου
3379 4839 3482 4910 τὴν
3497 4839 3662 4894 δύνα-

2069 4947 2160 5000 μιν
2190 4929 2488 5002 περιαιρῶν
2507 4929 2617 5001 (81)
2643 4932 2670 4984 ὁ
2686 4931 2908 5002 Βοηθὸς,
2928 4933 3230 4986 ἐπάκουσον
3259 4933 3424 4997 εὐθὺς
3440 4935 3500 4988 ἐν
3513 4935 3660 5006 ἀρχῇ

2064 5019 2157 5072 τοῦ
2188 5020 2346 5090 λόγου
2378 5022 2437 5074 ὃν
2466 5023 2736 5095 πεποίηκε
2765 5022 3142 5095 (82),γράφων
3171 5023 3364 5088 οὕτως·
3403 5043 3423 5076 ι
3459 5025 3524 5079 Εί
3557 5025 3660 5097 μὲν

2063 5112 2328 5178 ἀθάνατός
2350 5115 2499 5168 ἐστιν
2523 5117 2555 5186 ἡ
2586 5115 2752 5187 ψυχὴ,
2786 5117 2881 5169 καὶ
2902 5117 3102 5180 παντὸς
3135 5117 3358 5189 ὀλέθρου
3388 5119 3659 5189 κρείττων

2061 5222 2145 5269 τις
2173 5206 2353 5276 φύσις,
2381 5207 2610 5271 πολλοὺς
2643 5210 3012 5280 ἀναμείναντα
3049 5209 3155 5282 χρὴ
3181 5213 3274 5265 καὶ
3304 5212 3653 5284 περιηγησῶ

2060 5361 2330 5434 εἰᾱογνοιιιι·
2379 5365 2606 5434 aliquid.
2660 5365 2824 5421 Forte
2880 5366 3319 5422 subaudiendum
3366 5369 3446 5433 ὡς
3485 5369 3647 5423 αὑτὸν

2058 5433 2400 5509 ἁποᾷέχεται,
2424 5433 2508 5509 vel
2534 5435 2610 5498 ὡς
2631 5436 2986 5509 διεξέρχεται,
3033 5446 3128 5491 aut
3167 5437 3237 5491 al.
3286 5439 3490 5494 simile.
3528 5438 3644 5494 Nisi

2057 5505 2380 5582 malishquo
2411 5506 2504 5582 alt_.
2545 5505 2902 5582 manuscript.
2936 5517 3308 5582 repraesentat,
3337 5510 3646 5582 περιαιρῶν

2055 5573 2329 5648 ῥβοηθὸς,
2365 5578 2423 5629 ἐν
2471 5578 2610 5648 ἀρχῇ
2656 5576 2751 5630 τοῦ
2797 5573 2954 5646 λόγου
2997 5573 3274 5648 γέγραφεν
3321 5573 3652 5644 οὓέως,ἠθα

2058 5643 2436 5715 imperativum
2467 5643 2771 5702 ἐπάκουσον
2802 5643 3064 5721 agnoscit.
