3826 6232
238 283 348 340 925

1373 297 1695 357 ΡΒΑΕΡΔΒ.
1740 303 1991 364 EVANG.
2031 308 2161 367 LIB.
2204 312 2299 368 XI.

3377 327 3482 382 9'26

431 407 622 476 λόγους
642 409 1045 510 ἀποφήνασθαι.
1072 416 1145 470 Τὸ
1165 417 1348 487 μέντοι
1374 419 1483 475 τῶν
1508 424 1637 494 περὶ
1662 426 1797 495 ἡμᾶς

1912 438 2002 484 tus
2022 441 2189 487 esset.
2224 430 2294 488 Ut
2310 432 2459 489 alia:
2480 449 2607 505 quo
2634 433 2749 490 Deo
2773 437 2968 508 agendi
2993 438 3043 493 vi
3069 439 3286 510 rituque
3313 440 3483 496 dissi—

231 498 547 571 6μοιότερον
573 501 739 574 μηδὲν
764 505 1016 572 γενέσθαι
1041 507 1160 579 Θεῷ
1185 509 1392 583 ψυχῆς,
1426 514 1487 567 οὐ
1514 515 1715 586 πολλῆς
1745 517 1811 571 ἄν

230 604 321 652 τις
349 588 564 661 δεηθεὶς
605 595 988 665 πραγματείας
1037 599 1397 656 πιστεύσειεν·
1437 605 1501 658 οὐ
1536 605 1695 675 μόνον
1724 605 1813 659 διὰ

231 680 296 733 τὸ
327 682 553 752 συνεχὲς
593 685 689 738 καὶ
724 684 1003 741 ἄπαυστον
1032 690 1133 761 τῆς
1161 693 1446 764 κινήσεως,
1496 696 1564 767 ήν
1594 698 1653 751 ὲν
1681 699 1811 768 ήμῑν

231 772 530 837 ἐνδίδωσιν,
562 775 710 838 ἀλλὰ,
742 777 838 832 τοῦ
877 779 998 834 καθ’
1035 782 1233 856 ἑαυτήν
1265 785 1378 840 νοῦ.
1411 788 1507 851 El;
1536 790 1674 860 ὅπερ
1699 790 1811 842 ἀπ-

234 862 361 917 ιδὼν
388 865 484 918 καὶ
500 867 530 918 ό
556 867 941 941 Κροτωνιάτης
964 873 1193 941 φυσικὸς
1216 875 1351 948 (83),
1370 873 1523 931 εἶπεν
1543 879 1810 935 ἀθάνατον

231 953 406 1024 αὐτὴν
458 950 644 1021 οὖσαν,
706 961 801 1012 καὶ
837 963 1018 1015 πᾶσαν
1064 963 1298 1036 ἠρεμίαν
1348 967 1507 1036 φύσει
1563 970 1808 1039 φεύγειν,

228 1043 425 1116 ὥσπερ
443 1046 515 1100 τά
535 1046 654 1101 θεῖα
673 1048 781 1105 τῶν
808 1053 1094 1123 σωμάτων.
1130 1056 1288 1111 Ἀλλά
1313 1060 1406 1113 καὶ
1430 1059 1684 1130 καθάπαξ
1710 1064 1809 1135 τὴν

233 1136 382 1226 ἰδέαν
408 1140 508 1209 τῆς
536 1139 734 1212 ψυχῆς,
770 1144 865 1197 καὶ
896 1145 1130 1216 μάλιστα
1162 1149 1252 1203 τὸν
1291 1150 1526 1222 ἄρχοντα
1572 1156 1631 1208 ὲν
1677 1156 1809 1226 ἡμῖν

230 1222 377 1288 νοῦν,
407 1226 644 1296 ὁπηλίκα
663 1229 1001 1303 βουλεύματα
1023 1237 1115 1291 καὶ
1138 1238 1316 1310 ὁρμάς
1341 1241 1602 1308 πολλάκις
1619 1222 1809 1311 ὁποίας

228 1311 499 1406 ῦποκινεῖ,
538 1316 618 1388 τῷ
663 1323 1054 1394 κατανοήσαντι
1095 1326 1263 1400 πολλή
1307 1346 1387 1395 τις
1419 1330 1486 1385 ἂν
1534 1335 1672 1406 πρὸς
1715 1337 1808 1391 τὸν

229 1403 367 1459 Θεὸν
390 1409 644 1481 ὁμοιότης
666 1413 989 1488 ὑποφανείη.
1027 1437 1048 1471 i
1084 1421 1194 1474 Καὶ
1226 1420 1354 1493 ἑξῆς
1385 1403 1645 1495 ἐπιλέγει·
1686 1447 1705 1479 t
1743 1430 1806 1483 Εί

227 1495 362 1593 γάρ-
386 1498 812 1593 ῷς-ὀμοιότατον
854 1506 933 1579 τῷ
978 1508 1110 1582 θείῳ
1160 1512 1377 1568 πάντων
1421 1519 1719 1589 χρημάτων
1771 1525 1807 1593 ή

227 1587 379 1661 ψυχή
406 1589 698 1660 δείκνυται,
733 1597 818 1661 τίς
854 1597 934 1653 ἔτι
962 1601 1121 1671 χρεία
1151 1603 1260 1658 τῶν
1486 1587 1689 1667 δεῖσθαι
1722 1587 1809 1669 λόλ

228 1694 345 1747 γων
370 1683 451 1745 είς
479 1682 749 1751 ἀπόδειξιν
774 1689 877 1760 τῆς
901 1691 1199 1759 ἀθανασίας
1235 1698 1425 1771 αὐτῆς,
1459 1704 1807 1775 προοιμιαζό-

227 1784 415 1839 μενον,
450 1774 542 1826 καὶ
567 1776 643 1848 μὴ
680 1778 772 1832 καὶ
798 1780 985 1836 τοῦτον
1031 1784 1107 1849 ὡς
1152 1786 1248 1841 ἕνα
1279 1789 1417 1859 μετὰ
1444 1792 1553 1846 τῶν
1592 1774 1803 1851 πολλῶν
1835 1776 1876 1831 Β

224 1862 690 1960 καταριθμοῦντα,
732 1870 911 1926 ἱκανὸν
938 1874 1067 1930 ὅντα
1098 1879 1351 1951 ἐντρέψαι
1378 1885 1505 1948 τοὺς
1530 1886 1806 1960 εὐγνώμο-

223 1967 353 2051 ναςζ
375 1953 453 2018 ὡς
484 1955 584 2051 οὐκ
608 1957 675 2051 ἂν
705 1961 812 2015 τῶν
840 1967 1094 2038 ὲμφερῶν
1110 1970 1189 2042 τῷ
1209 1971 1343 2045 θείῳ
1366 1953 1625 2048 μετέσχεν
1654 1953 1805 2051 ἐνερ-

222 2043 415 2142 γειῶν,
446 2048 522 2142 μή
546 2065 627 2142 τοι
654 2049 771 2104 θεία
795 2070 859 2122 γε
891 2052 1027 2112 οὖσα
1051 2060 1146 2114 καὶ
1169 2061 1304 2135 αὐτή
1316 2043 1337 2129 V;
1369 2043 1433 2117 Ei
1460 2043 1570 2139 γάρ
1601 2043 1804 2142 καίπερ

223 2135 286 2187 ὲν
323 2134 404 2206 τῷ
440 2136 619 2210 θνητῷ
651 2143 746 2196 καὶ
783 2144 945 2218 λυτῷ,
980 2150 1075 2203 καὶ
1105 2153 1337 2225 ἀνοήτῳ,
1367 2158 1462 2210 καὶ
1494 2134 1616 2212 καθ’
1642 2134 1804 2215 ἑαυῶ

229 2228 427 2327 νεκρῷ,
464 2232 678 2327 καὶ-ἀεὶ
703 2236 1081 2313 ἀπολλυμένῳ,
1123 2246 1216 2299 καὶ
1253 2247 1559 2320 διαρῤἐοντι
1597 2254 1677 2317 εἰς
1702 2255 1802 2327 τήν

219 2320 326 2389 τῆς
364 2322 640 2390 ἀπωλείας
680 2330 1000 2404 μεταϐολὴν,
1029 2340 1526 2414 κατορωρυγμένη,
1566 2345 1699 2400 αὐτό
1739 2320 1801 2400 τε

221 2414 375 2464 aciei
401 2414 493 2467 καὶ
522 2416 756 2487 συνέχει,
782 2422 877 2475 καὶ
898 2422 996 2494 τὴν
1023 2426 1221 2498 ἑαυτῆς
1250 2429 1399 2485 θείαν
1426 2433 1801 2491 ἀναδείκνυσιν

220 2502 453 2599 οὐσίαν,
491 2508 693 2580 καίπερ
736 2513 1210 2590 ὲπιπροσθουμένη
1261 2523 1356 2576 καὶ
1397 2525 1800 2599 ὲμποδιζομένη

223 2593 335 2690 ὑπὸ
362 2595 456 2690 τοῦ
484 2602 842 2690 προκειμένου
872 2608 1010 2680 αὐτῇ
1060 2612 1411 2686 πανωλέθρου
1433 2593 1796 2690 ’πλάσματοςί

222 2685 347 2784 πιῖις
375 2689 532 2784 είῌτῷ
562 2690 706 2765 λόγῳ
738 2697 1055 2770 χωρισθείη,
1091 2701 1280 2776 ὥσπερ
1312 2685 1535 2778 χρυσίον
1567 2685 1794 2784 περιπε-

220 2777 537 2872 πλασμένω
582 2784 775 2855 πηλοῦ,
813 2789 914 2842 οὐκ
957 2792 1181 2846 αὐτόθεν
1223 2794 1291 2849 ἂν
1321 2777 1382 2850 τὸ
1426 2777 1799 2872 ἑαυήςτεῖδος

220 2869 531 2961 εκφήνειεν,
566 2875 642 2940 ὡς
670 2879 908 2952 ἐμφερὲς
944 2881 1003 2936 ὂν
1053 2885 1211 2956 μόνον
1249 2888 1328 2959 τῷ
1359 2887 1499 2961 Θεῷ,
1535 2869 1672 2947 ἀλλὰ
1704 2896 1800 2952 καὶ

221 2958 314 3054 6ιά
346 2961 409 3014 τὸ
436 2961 665 3054 μέτοχον
716 2967 883 3021 αὐτοῦ
922 2966 1082 3037 εῖναι,
1124 2974 1219 3026 καὶ
1252 2958 1349 3039 τάς
1385 2958 1461 3029 ὲν-
1481 2981 1602 3042 ταῖς
1640 2981 1795 3054 ὲνερ-

206 3050 398 3145 ιγείαις
424 3053 744 3145 ὁμοιότητας
770 3056 1051 3128 διασῷζον,
1081 3065 1175 3118 καὶ
1215 3066 1274 3119 ἐν
1302 3066 1379 3138 τῷ
1417 3067 1595 3142 θνητῷ
1629 3050 1797 3145 αὐτῆς

222 3138 434 3233 (ὧσπερ
457 3144 605 3200 ἐστὶν
625 3147 752 3203 ὅταν
773 3152 829 3202 ὲν
848 3151 928 3222 τῷ
955 3152 1135 3226 θνητῷ
1166 3138 1512 3233 καθειρχθῇ),
1534 3138 1620 3219 διά
1639 3138 1797 3222 τοῦτο

225 3231 301 3329 μὴ
311 3231 682 3329 διαλυόμενον,
709 3240 789 3294 ὅτι
814 3244 1027 3311 φύσεως
1045 3243 1113 3318 ἦν
1132 3249 1232 3320 τῆς
1254 3231 1479 3326 ἀμοίρου
1507 3256 1743 3329 φθορᾶςς
1771 3279 1790 3311 i

221 3324 334 3379 Kal.
366 3326 715 3396 ὑποκαταὸάς
746 3350 930 3406 φησιν·
961 3356 981 3390 ι
1013 3340 1254 3406 Εἰκότως
1279 3343 1334 3398 δὲ
1359 3324 1453 3399 καὶ
1476 3346 1594 3402 θεία
1613 3324 1799 3419 φαίνε-

217 3433 311 3515 ται
331 3419 573 3515 κάπὸ-’τῆς
596 3424 733 3497 πρὸς
754 3426 846 3480 τὸν
878 3429 1172 3503 ἀμέριστον
1197 3436 1525 3506 ὁμοιώσεως*
1562 3441 1657 3494 καὶ
1677 3440 1798 3515 θνη-

217 3507 288 3579 τὴ
318 3511 414 3580 ἀφ’
436 3505 512 3568 ὧν
538 3516 906 3587 προσπελάζει
930 3525 997 3594 τῇ
1030 3523 1196 3598 θνητῇ
1227 3528 1408 3596 φύσει,
1434 3529 1529 3583 καὶ
1559 3505 1793 3599 κάτεισι,

217 3603 315 3698 καὶ
347 3603 541 3698 ἄνεισι,
574 3608 668 3661 καὶ
695 3607 1005 3685 θνητοειδής
1038 3617 1176 3682 ἐστι,
1226 3621 1320 3674 καὶ
1364 3625 1477 3687 τοῖς
1508 3624 1795 3690 ἀθανάτοις

216 3693 485 3767 ἐμφερής.
524 3700 843 3773 Ἀνθρωπος
879 3706 988 3780 γὰρ
1029 3711 1123 3763 καὶ
1166 3712 1194 3765 ὁ
1232 3713 1539 3785 γαστρίζων
1580 3718 1792 3785 ἑαυτὸν,

217 3785 314 3883 καὶ
339 3789 661 3883 κεκορέσθαι
701 3797 1038 3864 σπουδάζων,
1068 3802 1144 3867 ὡς
1183 3803 1251 3858 τά
1282 3807 1474 3879 κτήνη·
1511 3808 1797 3883 ἄνθρωπος

215 3877 274 3931 δὲ
301 3879 459 3971 καὶῌό
498 3882 690 3949 σώζειν
728 3889 789 3942 ὲν
821 3892 1043 3963 πελάγει
1081 3895 1150 3949 δι’
1179 3877 1491 3971 ἐπιστήμης
1527 3904 1586 3956 ὲν
1614 3877 1797 3958 κινδύ-

215 3987 330 4035 νοις
375 3967 486 4037 οἷός
528 3991 588 4031 τι
626 3976 701 4032 ὣν
745 3980 843 4052 τὴν
882 3984 1033 4052 ναῦν,
1075 3989 1171 4041 καὶ⁴
1210 3991 1239 4042 ὁ
1276 3967 1468 4056 σὼξειν
1496 3995 1553 4047 ἐν
1595 3994 1791 4061 νόσοις,

215 4061 311 4114 καὶ
337 4062 368 4114 'o'
396 4079 461 4131 γε
488 4064 585 4138 τήν
617 4069 716 4140 μὲν
749 4072 1007 4145 ἀλήθειαν
1039 4077 1328 4150 εὑρίσκων,
1373 4084 1701 4154 μεθοδεύσας
1737 4087 1795 4143 δὲ

346 4156 484 4250 πρὸς
528 4159 780 4227 γνώσεως
822 4167 1173 4240 καταλήψεις,
1223 4174 1432 4246 πυρίων
1465 4193 1523 4229 τε
1552 4179 1795 4250 εὑρέσεις

215 4245 312 4338 καὶ
344 4245 724 4338 ὡροσκοπείων
768 4258 1058 4329 τηρήσεις,
1105 4263 1201 4315 καὶ
1247 4245 1505 4338 μιμήσεις
1542 4245 1651 4325 τῶν
1698 4270 1792 4325 τοῦ

213 4334 557 4433 Δημιουργοῦ
599 4345 916 4414 ποιημάτων
967 4334 1437 4425 μηχανησάμενος.
1476 4359 1795 4433 Ἀνθρωπος

1913 522 2061 578 milia
2091 532 2241 591 sunt,
2275 527 2463 581 eadem
2490 528 2753 583 enim
2772 529 3088 600 ablat-apri:
3118 532 3270 589 ἰωιε
3292 549 3483 590 calen-

1912 613 2001 669 tiae
2040 617 2252 672 ratione
2297 615 2583 673 discedunt
2614 636 2632 672 :
2670 618 2745 673 ita
2776 619 2934 689 plane
2971 636 3314 692 consequens
3334 639 3483 688 esse,

1910 715 1972 762 ut
1994 723 2117 777 quae
2141 724 2230 765 res
2256 710 2500 765 eamdem
2525 712 3114 783 propemodum,quam
3137 716 3273 786 ipse,
3288 718 3485 787 agendi

1907 803 2017 858 vim
2043 819 2107 859 ac
2126 806 2392 860 rationem
2417 806 2636 872 habent,
2657 807 2771 877 jam
2797 823 2876 863 ea:
2903 810 3055 879 prius
3079 811 3331 865 essentiae
3354 826 3479 865 cum

1908 910 1976 951 eo
2004 895 2417 951 similitudinem
2465 899 2794 967 acceperint.
2854 899 3001 957 Talis
3044 900 3188 955 enim
3231 902 3483 955 essentia:

1907 988 2103 1057 gratia,
2127 987 2265 1042 tales
2290 986 2454 1041 etiam
2483 1002 2606 1043 esse
2627 990 2819 1058 agendi
2853 990 3017 1054 vires,
3041 990 3242 1059 quippe
3265 1004 3388 1058 quae
3410 989 3487 1043 ab

1907 1094 1973 1134 ea
2021 1087 2276 1144 manent,
2324 1089 2381 1134 et
2425 1080 2671 1151 quaedam
2704 1081 2823 1149 eius
2864 1085 3024 1151 quasi
3053 1082 3297 1152 germina
3346 1080 3485 1136 sint.

1908 1169 2081 1242 Cujus
2121 1170 2429 1241 argumenti
2486 1171 2598 1225 vim
2643 1186 2768 1228 cum
2809 1172 3013 1242 optime
3047 1171 3288 1228 Boethus
3319 1184 3483 1240 cape-

1908 1271 2009 1327 ret,
2038 1261 2166 1316 audi
2205 1262 2284 1316 sis
2306 1263 2761 1332 quemadmodum
2798 1263 2916 1333 ipso
2943 1264 3126 1318 statim
3158 1277 3271 1317 sua:
3291 1262 3485 1332 dispu-

1907 1352 2130 1408 tationis
2179 1353 2402 1408 exordio
2460 1363 2820 1422 persequatur
2871 1371 2887 1408 :
2947 1371 2967 1405 ι
3002 1351 3236 1419 Utrum,
3281 1352 3485 1421 inquit,

1907 1440 2231 1497 immortalis
2261 1442 2333 1497 sit
2365 1441 2608 1510 animus,
2652 1442 2911 1513 omnique
2961 1443 3179 1498 interitu
3207 1443 3477 1511 superior,

1906 1531 2001 1600 qui
2036 1546 2148 1586 rem
2195 1546 2291 1600 per
2323 1546 2443 1587 sese
2473 1532 2851 1588 demonstrare
2871 1533 3064 1599 vellet,
3119 1532 3306 1588 multis
3353 1549 3478 1587 eum

1907 1636 2039 1678 sane
2084 1638 2149 1678 ac
2192 1622 2528 1694 longissimis
2570 1623 3003 1693 disputationum
3046 1622 3370 1680 ﬂexionibus
3401 1624 3481 1677 uti

1907 1721 2202 1783 oporteret.
2260 1715 2331 1769 At
2360 1730 2511 1778 vero,
2558 1725 2616 1770 ut
2645 1730 2712 1770 ex
2742 1715 2906 1772 rebus
2932 1716 3155 1783 nostris,
3187 1714 3297 1771 Deo
3326 1716 3486 1770 simi-

1903 1808 2009 1863 lius
2038 1808 2174 1862 nihil
2217 1822 2339 1864 esse
2386 1823 2551 1879 quam
2588 1808 2856 1875 animum,
2892 1809 3073 1879 quivis
3113 1809 3216 1865 sibi
3262 1824 3487 1879 persua~

1902 1901 2061 1967 deat,
2109 1916 2217 1956 non
2255 1901 2491 1971 spissam
2537 1900 2829 1956 admodum
2864 1912 2920 1957 et
2945 1910 3223 1958 actuosam
3254 1913 3480 1958 conten-

1902 1994 2105 2050 tionem
2126 1993 2398 2049 desideret
2444 2012 2457 2048 :
2502 2010 2613 2050 non
2648 1994 2814 2050 modo
2842 1995 2984 2065 quod
3015 1995 3132 2065 ipse
3156 1997 3481 2051 continuum

1901 2086 1958 2140 in
1983 2085 2142 2142 nobis
2166 2100 2570 2156 perennemque
2599 2095 2806 2142 motum
2834 2084 3049 2149 eﬂiciat,
3084 2087 3182 2143 sed
3211 2088 3376 2144 etiam
3407 2090 3481 2144 ob

1900 2176 2022 2246 ejus
2065 2192 2175 2247 qua
2231 2177 2491 2247 praeditus
2521 2187 2606 2233 est
2632 2179 2832 2235 mentis
2862 2178 3260 2234 excellentiam.
3322 2178 3485 2246 Quod

1902 2268 2122 2337 quidem
2160 2269 2425 2341 physicus
2451 2276 2620 2324 etiam
2652 2270 2742 2325 ille
2771 2269 3116 2325 Crotoniates
3167 2271 3297 2325 dum
3328 2272 3480 2326 vide-

1898 2367 2001 2422 ret,
2030 2360 2274 2414 animum
2302 2360 2448 2416 illico
2474 2374 2744 2427 nostrum,
2786 2363 3111 2419 immortalis
3134 2363 3279 2434 quod
3309 2372 3482 2427 esset,

1899 2450 2136 2519 quietem
2159 2466 2400 2518 omnem,
2437 2453 2748 2508 divinorum
2778 2470 2930 2509 more
2955 2470 3270 2525 corporum,
3289 2466 3485 2526 suapte

1899 2550 2095 2597 natura
2124 2543 2361 2613 deﬁgere
2407 2545 2800 2613 pronuntiavit.
2858 2545 2926 2602 Et
2972 2561 3121 2608 vero,
3167 2546 3264 2616 qui
3309 2547 3485 2600 semel

1899 2632 2068 2686 animi
2105 2634 2269 2703 hujus
2318 2634 2496 2690 ideam
2548 2636 2780 2701 nexerit,
2823 2652 2889 2691 ac
2927 2639 3227 2707 praesertim
3271 2647 3483 2709 quanta

1898 2742 2054 2784 mens
2078 2728 2169 2783 illa
2199 2729 2372 2784 nostri
2408 2729 2739 2786 moderatrix
2792 2731 2960 2801 agitet
2985 2740 3274 2800 versetque
3301 2732 3483 2787 cousi-

1898 2818 1992 2883 lia,
2041 2826 2137 2873 aut
2180 2819 2491 2890 cujusmodi
2526 2821 2832 2890 saepissime
2855 2822 2911 2876 in
2939 2822 3096 2878 nobis
3129 2823 3364 2893 impetus
3391 2821 3477 2878 ef-

1896 2908 2075 2974 ﬁciat,
2110 2908 2253 2964 idem
2283 2910 2527 2980 profecto
2573 2911 2983 2966 similitudinem
3035 2912 3154 2981 ejus
3202 2928 3325 2967 cum
3365 2914 3479 2969 Deo

1897 3002 2194 3055 maximam
2238 3001 2625 3071 deprehendet.
2664 3022 2684 3056 ι
2747 3003 2885 3059 Tum
2913 3004 3119 3073 aliquot
3156 3004 3479 3073 interjectis,

1905 3110 1925 3144 ι
1946 3092 2079 3148 Nam
2110 3093 2157 3148 si
2194 3093 2688 3166 animum,jinquit,
2721 3106 2931 3152 naturai
2970 3096 3172 3152 divina:
3228 3096 3472 3151 omnium

1898 3184 2059 3255 longe
2105 3184 2446 3240 simillimum
2496 3202 2619 3242 esse
2664 3188 2990 3255 constiterit,
3038 3203 3304 3259 quorsum
3338 3187 3475 3242 alias

1897 3274 2176 3345 deinceps,
2207 3275 2368 3346 quasi
2392 3275 2654 3347 praefandi
2681 3293 2868 3345 causa,
2896 3279 3015 3349 ejus
3044 3278 3474 3335 immortalitatis

1896 3366 2192 3438 probandae
2236 3368 2474 3424 rationes
2496 3370 2772 3439 exquiras,
2823 3385 2891 3426 ac
2932 3385 3040 3426 non
3090 3370 3252 3426 istam
3292 3370 3475 3440 potius

1896 3473 2061 3513 unam
2091 3457 2232 3513 inter
2252 3459 2536 3529 plerasque
2563 3475 2805 3527 censeas,
2820 3460 3089 3531 ejusmodi
3116 3476 3241 3515 cum
3268 3460 3358 3526 sit,
3381 3461 3471 3514 cui

1894 3565 2003 3603 non
2021 3549 2212 3604 cedere
2236 3549 2595 3606 modestiores
2611 3560 2663 3606 et
2682 3553 2948 3621 aequiores
2968 3552 3119 3608 salvo
3144 3567 3246 3607 suo
3265 3552 3473 3620 pudore

1894 3654 2004 3693 non
2029 3639 2262 3709 possint,
2287 3640 2434 3709 quod
2462 3641 2719 3695 nimirum
2746 3640 2854 3696 Deo
2879 3641 3085 3697 similes
3107 3640 3298 3710 agendi
3327 3639 3473 3692 vires

1895 3730 2198 3800 accepisset
2237 3747 2539 3801 nunquam,
2572 3732 2676 3786 nisi
2705 3740 2852 3787 esset
2890 3733 3005 3801 ipse
3030 3731 3279 3786 divinus?
3309 3729 3473 3801 556

1893 3820 2030 3875 Nam
2062 3821 2109 3876 si
2139 3822 2354 3876 mortali
2388 3822 2623 3892 corpori,
2668 3822 2816 3877 ﬂuxo
2861 3831 2915 3877 et
2952 3822 3071 3877 sine
3101 3828 3310 3887 mente,
3358 3821 3470 3875 imo

1893 3908 2056 3962 etiam
2086 3923 2217 3963 vero
2238 3924 2303 3964 ex
2334 3924 2457 3964 sese
2484 3911 2757 3979 cadaveri,
2800 3911 2942 3981 quod
2990 3910 3355 3980 exstinguitur
3380 3926 3471 3966 as-

1894 3997 2069 4062 sidue,
2108 4006 2271 4067 atque
2300 3997 2356 4053 in
2382 3998 2635 4055 interitus
2667 4000 3025 4054 mutationem
3057 4000 3337 4067 dilabitur,
3386 4001 3471 4054 in-

1892 4089 2077 4149 fossus
2125 4091 2216 4145 ille
2260 4092 2390 4147 dum
2433 4099 2547 4158 est,
2592 4107 2701 4145 non
2746 4091 2878 4146 illud
2928 4092 3092 4147 modo
3122 4091 3274 4161 ﬁngit
3305 4100 3471 4161 atque

1893 4187 2219 4248 conservat,
2274 4180 2369 4236 sed
2422 4189 2632 4235 natura:
2683 4196 2900 4252 quoque
2961 4197 3074 4237 suae
3129 4181 3467 4237 divinitatem

1893 4252 2152 4337 ostendit,
2187 4270 2405 4326 tametsi
2430 4271 2669 4326 exitialis
2697 4270 2884 4340 hujus,
2906 4271 3050 4341 quod
3075 4270 3295 4325 obvium
3322 4284 3468 4325 sem-

1892 4374 1990 4429 per
2018 4359 2233 4425 haheat,
2266 4358 2508 4429 ﬁgmenti
2550 4362 2723 4415 moles
2750 4361 2926 4415 lucem
2957 4360 3076 4429 ejus
3122 4362 3343 4430 vimque
3368 4360 3466 4416 de-

214 4424 332 4529 γάρ
367 4430 659 4529 ἐπενόησεν
688 4436 780 4488 ἐπὶ
808 4438 913 4508 γῆς
947 4441 1193 4507 συνόδους
1221 4424 1329 4498 τῷν
1350 4447 1492 4502 ἐπτά
1520 4424 1656 4521 μετά
1682 4424 1792 4505 τῶν

1897 4451 2068 4507 bilitet
2091 4465 2108 4504 :
2134 4453 2409 4520 quomodo
2438 4451 2676 4519 tandem,
2709 4452 2803 4506 ubi
2825 4452 2991 4507 semel
3021 4452 3283 4507 rationem
3315 4452 3465 4505 illam

212 4521 485 4590 κινήσεων
512 4523 574 4595 δη
584 4532 933 4600 μιουνργῆσαι,
957 4532 1044 4586 διά
1075 4538 1481 4608 μηχανημάτων
1511 4542 1581 4596 τά
1610 4544 1668 4597 ὲν
1697 4543 1789 4597 οὐ·

217 4610 368 4705 ρανῷ
400 4615 751 4687 μιμούμενος.
788 4621 899 4690 Καὶ
939 4624 992 4676 τί
1028 4626 1136 4698 γάρ
1179 4629 1280 4682 οὐκ
1309 4632 1624 4705 ἐπενόησεν,
1658 4635 1794 4689 ἀπο-

211 4701 429 4798 δεικνὺς
451 4706 597 4798 τον-
615 4709 757 4764 θεῖον
792 4715 887 4766 καὶ
939 4715 1057 4788 Θεῷ
1086 4724 1465 4793 παρισωμένον
1493 4701 1567 4779 ’ὲν
1614 4726 1791 4798 ἐαυτῷ

213 4790 537 4888 νοῦν;-Ἀφ’
562 4790 636 4851 ὧν
675 4799 942 4872 ὀλυμπίου
993 4822 1050 4858 τε
1095 4790 1190 4862 καλ.
1222 4790 1389 4877 θείου,
1424 4814 1518 4867 καὶ
1539 4790 1791 4888 οὐδαμῶς

214 4880 414 4979 θνητοῦ
456 4887 780 4961 τολμήματα
817 4893 1129 4965 διαφαίνων,
1159 4903 1286 4966 τοὺς
1328 4903 1551 4970 πολλοὺς
1582 4880 1789 4979 διάφι-

212 4974 441 5033 λαυτίαν
488 4983 588 5052 τῆς
635 4985 816 5039 αὐτῶν
843 4988 923 5051 είς
949 4989 1016 5044 τά
1046 4993 1196 5047 κάτω
1224 4997 1396 5069 ῥοπῆς
1448 4999 1573 5053 ἰδεῖν
1624 4974 1789 5056 αὐτὸν

210 5069 312 5165 οῦκ
332 5072 477 5165 οἴους
502 5090 562 5127 τε
580 5074 757 5141 ὄντας,
785 5080 852 5132 ὲκ
874 5081 980 5136 τῶν
1004 5082 1206 5149 ἔξωθεν
1228 5093 1565 5162 φαινομένων
1585 5094 1787 5165 ὁμοίως

210 5163 399 5228 αὐτοῖς
454 5164 731 5240 θνητοειδῆ
778 5169 1019 5238 δοξάζειν
1049 5177 1208 5233 αὐτὸν
1252 5163 1634 5237 ἀναπέπεικενέ
1667 5185 1787 5251 ἑνὸς

210 5252 366 5348 δντος
396 5254 491 5348 καὶ
521 5256 709 5312 τούτου
735 5261 938 5331 τρόπου
964 5268 1064 5338 τῆς
1093 5270 1156 5322 ὲκ
1185 5270 1383 5337 κακίας
1411 5275 1784 5348 παραμυθίας,

207 5343 296 5437 τό,
322 5348 393 5418 τῇ
413 5346 763 5404 ἀντανισώσει
787 5355 888 5426 τῆς
908 5355 1117 5414 ἑαυτῶν
1139 5361 1451 5437 ἀθλιότητος
1468 5343 1556 5422 διά
1569 5343 1642 5422 τά
1655 5368 1783 5434 ἔξω·

213 5433 309 5495 θεν
335 5440 635 5511 φαινόμενα
665 5453 1270 5522 προσαναπαυομένους,
1301 5433 1508 5513 πείθειν
1537 5433 1782 5526 ἑαυτοὺς,

211 5528 298 5584 δτι
322 5529 402 5596 ὡς
432 5531 501 5586 τὰ
525 5532 649 5601 ἔξω,
665 5538 760 5591 καὶ
780 5538 851 5593 τά
879 5540 1011 5596 εἵσω
1033 5545 1207 5616 ὅμοιοι
1224 5549 1426 5615 πάντες
1443 5552 1741 5626 ἄνθρωποι.
1757 5575 1778 5608 i

289 5640 832 5733 (ξόλξςᾳοτῳνιάτης
882 5657 1158 5733 φυσίκός.
1195 5657 1560 5733 Pythagoras,
1598 5667 1779 5723 credo.

215 5708 354 5766 Nam
378 5708 614 5771 Crotone
643 5708 985 5786 potissimum
1006 5708 1218 5787 italicae
1239 5708 1783 5797 iiﬁiJs'dSi’iEéc'iél

1894 4561 2071 4611 suam,
2119 4544 2268 4600 velut
2294 4559 2511 4610 aurum,
2555 4543 2625 4598 ab
2668 4541 2982 4599 circumfusi
3011 4544 3111 4598 luti
3143 4543 3465 4613 contagione

1893 4647 2160 4694 secretam
2187 4652 2252 4692 ac
2276 4634 2580 4706 sejunctam
2605 4635 2873 4702 habuerit,
2904 4652 3058 4692 suam
3075 4651 3173 4706 per
3201 4650 3322 4690 sese
3351 4634 3464 4688 for-

1890 4748 2036 4788 mam
2088 4731 2432 4802 speciemque
2476 4728 2781 4799 patefaciet,
2815 4746 2937 4800 qua:
2984 4745 3090 4785 non
3132 4728 3307 4784 afﬁnis
3342 4738 3463 4783 tan-

1892 4827 2005 4873 tum
2039 4818 2152 4873 Deo
2198 4819 2304 4883 sit,
2354 4833 2544 4872 verum
2588 4817 2753 4873 etiam
2794 4830 3017 4890 propter
3058 4820 3197 4874 hanc
3234 4834 3358 4874 cum
3394 4832 3462 4873 eo

1890 4910 2351 4976 communionem,
2392 4920 2448 4966 et
2486 4910 2680 4981 agendi
2730 4913 2995 4967 rationem
3038 4913 3088 4967 ei
3130 4912 3461 4982 persimilem

1889 5002 2068 5058 adhuc
2091 5004 2342 5070 retineat,
2376 5013 2431 5058 et
2456 5020 2607 5069 vero,
2644 5019 2751 5074 qua
2777 5004 2860 5059 sui
2889 5012 3041 5073 parte
3084 5002 3328 5058 mortalis
3354 5010 3458 5065 est,

1888 5103 1950 5148 ut
1973 5108 2106 5147 sane
2130 5102 2234 5160 est,
2268 5095 2398 5148 dum
2430 5094 2643 5148 mortali
2690 5109 2920 5164 corpore
2965 5093 3208 5149 inclusus
3233 5094 3462 5149 constri-

1888 5192 2117 5254 etusque
2149 5193 2364 5251 manet,
2412 5200 2478 5239 eo
2504 5195 2714 5240 tantum
2762 5201 2869 5240 non
2917 5185 3278 5249 dissolvatur,
3309 5186 3458 5256 quod

1886 5277 2006 5346 ejus
2054 5284 2263 5332 natura;
2299 5276 2392 5343 sit,
2421 5292 2542 5346 qum
2570 5276 2776 5332 nullam
2816 5276 3219 5347 corruptionem
3264 5276 3457 5331 interi-

1886 5377 2114 5438 tumque
2128 5368 2429 5437 patiatur?»
2454 5367 2652 5424 Deinde
2668 5370 3272 5441 progressuslulteﬁusu
3283 5368 3456 5437 Idem,

1888 5458 2087 5528 inquit,
2115 5467 2398 5528 praeterea,
2444 5461 2520 5514 uti
2552 5475 2615 5514 ex
2637 5476 2734 5516 sua
2766 5477 2890 5515 cum
2917 5476 2984 5517 eo
3007 5461 3101 5532 qui
3126 5469 3280 5531 parte
3305 5460 3456 5516 omni

1885 5559 2056 5615 caret,
2088 5550 2465 5616 similitudine,
2514 5551 2732 5608 divinus
2779 5554 2974 5608 merito
3011 5554 3182 5610 videri
3224 5564 3403 5624 potest
3435 5571 3452 5609 :

1885 5662 2016 5733 lam,
2051 5670 2111 5715 ut
2153 5670 2388 5733 constat,
2416 5663 2647 5731 aperuit,
2677 5662 3196 5733 et‘pro’animorum
3229 5673 3452 5730 immor-

1885 5732 2093 5789 talitate
2127 5731 2369 5790 studiose
2396 5733 2700 5804 acriterque
2727 5731 3002 5806 pugnavit.
