3826 6232
369 273 471 330 9‘27

1035 271 1301 327 EifSEBll
1333 272 1809 329 CxI'ISARIENSlS
1840 274 1986 329 UPP.
2029 273 2207 328 PARS
2239 272 2302 326 ll.
2332 301 2405 312 —-
2435 269 2936 326 APOLOGETICA.

3519 266 3621 319 9‘29

370 390 465 456 ita,
493 399 762 460 quatenus
787 392 1070 446 mortalem
1100 393 1164 445 ad
1195 401 1443 446 naturam
1471 393 1700 456 accedit,
1734 402 1920 446 morta-

2045 391 2260 444 Τούτων
2289 389 2544 443 ἀπάντων
2572 386 2890 448 διδάσκαλος
2919 383 3131 454 πέφηνε
3172 379 3406 450 γεγονὼς
3435 380 3464 432 ὁ
3499 381 3627 432 Μω-

369 482 436 536 lis
469 483 790 537 existimari.
832 482 1119 537 Descendit
1147 483 1286 536 idem
1317 498 1382 538 ac
1410 484 1649 538 vicissim
1673 484 1939 548 ascendit,

365 575 689 630 mortalibus
723 574 886 628 simul
932 584 988 628 ct
1032 575 1430 630 immortalibus
1475 575 1691 630 similis.
1728 574 1939 629 Etenim

365 665 532 719 homo
559 673 661 730 est,
695 665 790 734 qui
837 663 1037 720 farcire
1082 674 1350 733 ventrem,
1384 667 1476 736 qui
1521 666 1752 736 jumenti
1791 682 1941 721 more

363 755 631 809 abdomen
665 764 915 809 saturare
964 755 1256 810 contendat
1306 775 1319 810 :
1365 758 1529 810 homo
1558 757 1685 810 item
1711 764 1814 822 est,
1844 757 1938 825 qui

361 846 541 901 medio
577 848 630 901 in
662 848 822 910 mari,
856 856 974 902 arte
1000 858 1164 917 atque
1196 849 1462 903 industria
1491 848 1762 920 naufragii
1795 849 1940 918 peri-

359 939 498 993 culis
527 939 707 992 navim
738 940 984 1009 eripere,
1016 941 1110 1011 qui
1136 940 1274 994 alios
1306 939 1535 996 liberare
1566 942 1808 1007 morbis,
1841 941 1936 1011 qui

357 1045 408 1089 et
437 1049 625 1089 verum
658 1037 989 1106 perspicere,
1028 1048 1082 1093 et
1105 1039 1346 1107 ejusdem
1380 1036 1742 1106 cognoscendi
1769 1036 1936 1090 ratio-

356 1141 480 1182 nem
509 1126 632 1182 aliis
656 1129 912 1197 viamque
941 1131 1178 1192 munire,
1226 1129 1319 1198 qui
1369 1137 1423 1182 et
1467 1127 1754 1197 igniarium
1783 1142 1934 1196 repe-

355 1220 485 1282 rire,
519 1229 574 1274 et
612 1220 957 1292 horologium
1008 1223 1247 1291 signare,
1293 1222 1521 1290 ipsaque
1560 1219 1695 1273 adeo
1735 1219 1934 1273 summi

352 1308 582 1364 artificis
619 1325 782 1378 opera
818 1314 1063 1366 zenmlari
1092 1314 1283 1382 possit.
1339 1311 1550 1379 Quippe
1595 1310 1758 1364 homo
1785 1311 1932 1364 enim

353 1408 560 1468 septem
601 1401 816 1455 illorum
847 1403 1087 1458 siderum
1136 1419 1438 1458 concursus
1463 1412 1517 1457 et
1545 1400 1932 1457 conversiones

351 1499 468 1543 arte
491 1495 918 1560 repraesentavit,
945 1495 1212 1549 machinis
1238 1495 1563 1564 quibusdam
1587 1508 1674 1548 res
1687 1491 1932 1546 cmlestes

351 1577 616 1634 imitatus.
645 1581 850 1654 Ecquid
869 1600 996 1638 vero
1027 1599 1134 1639 non
1160 1585 1508 1656 excogitavit,
1541 1599 1652 1654 quo
1693 1590 1928 1636 mentem

352 1671 499 1726 illam
528 1688 683 1727 suam
712 1685 766 1729 et
786 1675 1048 1741 divinam,
1087 1687 1143 1732 et
1170 1676 1278 1732 Deo
1301 1677 1629 1746 persimilem
1673 1671 1930 1727 ostende-

351 1763 467 1817 ret?
518 1764 730 1831 Quibus
780 1767 870 1821 ille
910 1768 1074 1823 rebus
1121 1785 1243 1824 cum
1271 1770 1544 1824 caelestem
1574 1767 1760 1836 plane,
1789 1763 1927 1818 diri-

348 1870 611 1926 numque,
655 1874 757 1913 nec
799 1861 1070 1915 ullatenus
1103 1862 1388 1915 mortalem
1442 1860 1704 1928 impetum
1763 1868 1925 1924 atque

349 1947 674 2004 industriam
697 1963 966 2021 exercret,
984 1970 1054 2008 vu
1078 1961 1362 2022 aotamen,
1387 1951 1534 2020 quod
1573 1949 1648 2004 uti
1689 1947 1919 2002 nimium

345 2051 503 2092 suam
536 2041 684 2097 illam
710 2043 763 2096 in
795 2059 882 2096 res
907 2043 1190 2097 inferiores
1215 2042 1625 2096 inclinationem
1651 2049 1818 2104 amat,
1852 2039 1925 2092 ita

348 2129 531 2186 minus
575 2147 701 2186 eum
746 2134 944 2187 intueri
975 2134 1166 2202 possit,
1209 2135 1374 2187 rebus
1403 2132 1509 2186 illis
1534 2146 1656 2200 quas
1680 2129 1925 2184 omnium

2045 485 2200 554 ὓσῆς,
2233 483 2312 546 ὃς,
2335 481 2544 552 διεξιὼν
2589 482 2688 551 τὴν
2735 477 2960 550 πρώτην
3003 472 3441 545 ἀνθρωπογονίαν
3487 473 3627 525 κατὰ

2042 573 2141 638 τὰς
2184 572 2537 644 προτεθείσας
2581 572 2776 636 λέξεις,
2809 569 2897 623 διὰ
2939 569 3032 638 τῆς
3068 565 3204 637 πρὸς
3249 564 3311 617 τὸ
3351 563 3506 615 Θεῖον
3538 561 3627 625 ἐξ.

2041 663 2372 736 ομοιώσεως,
2400 664 2527 727 τοὺς
2554 664 2682 732 περὶ
2726 661 2905 731 ψυχῆς
2928 657 3226 719 ἀθανασίας
3271 655 3463 723 λόγους
3504 657 3624 706 ἐπι-

2043 757 2304 811 στώσατο.
2354 755 2492 808 Ἀλλ’
2540 754 2727 825 ἐπειδὴ
2767 753 2837 806 τὰ
2885 751 3014 822 περὶ
3055 749 3156 818 τῆς
3187 747 3478 816 ἀσωμάτου
3527 746 3624 799 καὶ

2039 849 2276 918 ἀφανοῦς
2322 847 2508 911 οὐσίας
2555 845 2820 917 σύμφωνα
2861 843 2953 896 καὶ
3000 840 3226 912 ὁμόδοξα
3265 840 3488 894 Μωῦσεί
3524 839 3623 891 καὶ

2038 941 2284 995 Πλάτωνι
2315 939 2568 1009 συνέστη,
2594 936 2712 1009 ὥρα
2753 937 2848 991 καὶ
2878 933 2948 988 τὰ
2973 933 3134 986 λοιπά
3164 931 3300 1004 μέρη
3324 932 3425 1001 τῆς
3479 932 3622 986 κατὰ

2039 1033 2301 1086 Πλάτωνα
2329 1030 2644 1100 φιλοσοφίας
2669 1027 3064 1098 ὲπιθεωρῆσαι,
3099 1022 3266 1088 δεῖξαί
3297 1041 3356 1076 τε
3397 1023 3488 1075 τὸν
3520 1024 3617 1076 ἄν-

2035 1125 2135 1196 δρα
2177 1123 2448 1194 Ἑϐραίοις
2481 1120 2623 1176 κατά
2658 1121 2833 1174 πάντα
2867 1117 3046 1188 φίλον*
3083 1115 3239 1178 ἐκτὸς
3273 1116 3322 1166 εἰ
3385 1115 3458 1184 μή
3509 1130 3620 1168 που

2036 1216 2436 1288 παρατραπεὶς,
2476 1210 2959 1286 ἀνθρωπινώτερον
3006 1209 3039 1281 ἢ
3097 1207 3238 1261 κατὰ
3299 1207 3391 1259 τὸν
3436 1205 3615 1278 ἀληθῆ

2036 1311 2201 1380 φάναι
2233 1327 2286 1362 τι
2321 1307 2568 1381 προήχθη
2605 1307 2780 1375 λόγον.
2812 1304 3017 1357 Αὐτίκα
3049 1302 3157 1356 τῶν
3185 1301 3486 1372 εἰρημένων
3512 1300 3619 1354 ὅσα

2037 1401 2136 1471 μὲν
2169 1397 2439 1469 ἐπιτυχῶς
2482 1397 2730 1450 λέλεκται
2764 1394 2841 1465 τῷ
2871 1395 3047 1466 ἀνδρὶ,
3083 1392 3364 1464 συντρέχοι
3401 1391 3467 1445 ἂν
3503 1395 3620 1454 τοῖς

2033 1491 2257 1545 Μωῦσεί
2287 1488 2660 1559 δεδογμένοις·
2697 1487 2796 1539 ὅσα
2840 1486 2897 1538 δὲ
2937 1485 3010 1556 μὴ
3053 1483 3357 1555 ἀρέσκοντα
3392 1483 3622 1535 Mulae}:

2033 1579 2258 1642 καὶτοῖς
2283 1579 2588 1650 προφήταις
2619 1576 3023 1641 ὑπέλαϐεν,οὐκ
3054 1575 3120 1629 ἂν
3156 1575 3267 1645 ἔχοι
3308 1575 3622 1627 συνεστῶτα

2032 1670 2124 1723 τὸν
2166 1669 2342 1738 λόγον.
2384 1670 2553 1723 Τοῦτο
2587 1670 2631 1723 δ’
2665 1672 2796 1741 ἡμῖν
2829 1673 2886 1723 ὲν
2912 1669 3089 1739 καιρῷ
3113 1667 3193 1738 τῷ
3225 1667 3397 1720 δέοντι
3439 1683 3620 1737 παρα-

2034 1763 2311 1833 στήσεται.
2357 1763 2506 1825 Τέως
2547 1762 2592 1815 δ’
2623 1763 2746 1815 ἐπεὶ
2781 1762 3105 1832 πεφώραται
3146 1762 3204 1812 ὲν
3231 1762 3298 1830 τῇ
3339 1760 3469 1830 περὶ
3506 1759 3620 1812 τῶν

2031 1853 2235 1926 νοητῶν
2284 1854 2548 1924 ἐποπτεία
2604 1853 2816 1924 συνῳδά
2871 1855 2966 1907 καὶ
3027 1852 3292 1922 σύμφωνα
3330 1852 3399 1904 τὰ
3443 1851 3622 1904 τεθει-

2035 1945 2191 2016 μένα,
2222 1945 2360 2016 ὦρα,
2397 1944 2717 1998 ἐπελθοῦσιν
2747 1941 2905 2008 αὖθις
2943 1945 3035 1998 ἐπὶ
3069 1944 3169 2015 τὴν
3199 1944 3306 1997 τῶν
3342 1943 3620 2015 αἰσθητῶν

2033 2036 2398 2106 φυσιολογίαν,
2440 2038 2495 2089 ὲν
2525 2036 2746 2108 βραχέσι
2787 2035 2884 2106 τὴν
2919 2035 3054 2108 πρὸς
3081 2035 3150 2088 τὰ
3190 2035 3458 2107 Ἐϐραίων
3490 2037 3615 2089 ἐπι·-

2032 2125 2259 2196 δραμεῖν
2291 2124 2384 2179 τοῦ
2412 2125 2603 2198 ἀνδρὸς
2638 2125 2974 2196 συμφωνίαν.
3044 2143 3054 2166 ι

347 2222 402 2276 in
445 2232 725 2291 aspectum
773 2224 995 2291 cadunt,
1043 2222 1200 2278 facile
1252 2221 1563 2292 persuasit,
1630 2230 1690 2274 ut
1734 2220 1885 2274 illum
1948 2218 2002 2272 in
2041 2218 2229 2272 eadem
2275 2218 2392 2287 ipse
2443 2232 2627 2271 secum
2685 2217 3000 2271 mortalium
3049 2217 3224 2271 classe
3275 2224 3612 2286 reponeret,

344 2317 643 2386 praesertim
674 2331 797 2372 cum
842 2317 965 2372 inde
993 2332 1231 2387 quoque,
1302 2318 1406 2372 hoc
1469 2324 1731 2385 tanquam
1778 2312 1998 2382 aliquod
2039 2311 2403 2381 improbitatis
2453 2325 2567 2365 sua:
2616 2310 2867 2366 solatium
2913 2311 3129 2378 habeat,
3179 2320 3240 2365 ut
3269 2311 3396 2364 dum
3427 2309 3482 2364 in
3520 2311 3612 2364 illa

343 2425 508 2480 quam
570 2413 673 2466 sibi
706 2427 774 2467 ex
815 2428 998 2467 rerum
1041 2413 1373 2467 exteriorum
1415 2412 1598 2481 Specie
1637 2409 1821 2480 fingit,
1884 2423 1996 2462 sua:
2032 2421 2155 2461 cum
2187 2406 2308 2461 aliis
2339 2405 2574 2461 miseriae
2610 2406 3000 2460 communione
3026 2405 3346 2474 acquiescit,
3385 2412 3615 2458 cunctos

343 2502 593 2560 homines
645 2514 754 2560 tam
824 2505 1156 2559 intrinsecus
1203 2520 1367 2574 quam
1417 2503 1760 2557 extrinsecus
1810 2499 1948 2554 alios
2021 2499 2142 2552 aliis
2190 2497 2398 2552 similes
2462 2497 2776 2552 arbitretur.
2813 2515 2832 2548 ι
2889 2495 3012 2552 llaec
3046 2495 3402 2566 Porphyrius.
3449 2491 3614 2563 557

341 2592 587 2660 Quorum
637 2595 882 2650 omnium
927 2596 1204 2650 doctorem
1251 2610 1316 2649 ac
1364 2592 1687 2663 magistrum
1747 2588 1948 2642 Mosetn
1989 2585 2157 2642 fuisse
2206 2593 2438 2652 constat,
2491 2587 2584 2656 qui
2632 2586 2814 2640 verbis
2865 2596 2989 2640 ante
3035 2584 3273 2640 laudatis
3337 2600 3460 2638 cum
3491 2583 3614 2653 pri-

340 2705 486 2745 mam
521 2691 666 2744 illam
709 2690 992 2745 hominum
1023 2689 1360 2744 molitionem
1421 2685 1707 2758 exposuit,
1734 2699 1798 2739 ea
1863 2696 1986 2736 cum
2027 2680 2138 2736 Deo
2167 2679 2522 2735 similitudine
2567 2679 2995 2735 immortalitatis
3043 2680 3214 2733 animi
3264 2679 3422 2733 fidem
3458 2677 3608 2734 fecit.

341 2787 447 2843 Sed
475 2787 733 2856 quoniam
760 2788 1029 2857 ejusmodi
1057 2788 1217 2841 estin
1243 2784 1640 2840 constituendis
1705 2782 2070 2848 incorporeas,
2136 2791 2468 2845 sensumque
2520 2775 2780 2847 fugientis
2816 2785 3024 2831 natura;
3092 2775 3419 2838 rationibus,
3481 2773 3607 2830 Mo—

337 2891 450 2931 sem
499 2877 637 2932 inter
673 2876 1064 2946 Platonemque
1111 2877 1448 2930 consensio:
1485 2875 1726 2943 reliquas
1788 2871 2044 2938 deinceps
2106 2865 2402 2922 Platonicae
2447 2867 2808 2937 philosophiae
2862 2876 3042 2930 partes
3094 2867 3402 2932 videamus,
3440 2881 3606 2921 eum-

337 2969 572 3039 demque
608 2969 959 3024 Hebraeorum
1012 2971 1067 3023 in
1112 2971 1369 3024 omnibus
1442 2979 1717 3023 amantem
1777 2981 1842 3020 ac
1883 2963 2192 3019 studiosum
2239 2960 2409 3017 fuisse
2461 2963 2849 3030 ostendamus,
2901 2963 3007 3016 nisi
3062 2963 3237 3017 sicubi
3286 2963 3416 3017 dum
3486 2962 3611 3031 plus

337 3064 580 3118 humano
612 3065 818 3130 sensui,
867 3079 1031 3134 quam
1062 3062 1272 3117 ferebat
1297 3078 1580 3118 sacrarum
1610 3062 1914 3116 litterarum
1954 3057 2155 3112 veritas
2190 3057 2510 3127 indulgeret,
2561 3057 2774 3127 longius
2837 3059 3127 3112 exerravit.
3172 3056 3228 3113 Id
3254 3073 3386 3113 sane
3415 3058 3608 3128 liquet,

337 3159 652 3228 ubicunque
677 3175 865 3212 verum
915 3158 1144 3212 feliciter
1177 3159 1379 3228 attigit,
1411 3156 1577 3210 Musis
1627 3171 1751 3209 cum
1791 3153 2036 3223 vestigiis
2095 3152 2384 3219 institisse,
2446 3153 2722 3218 eumdem,
2779 3154 2994 3222 quoties
3021 3167 3052 3205 a
3078 3151 3246 3208 Mosis
3277 3170 3342 3207 ac
3369 3165 3610 3223 prophe-

338 3257 518 3302 tarum
582 3259 782 3311 mente,
842 3248 1119 3315 discessit,
1166 3251 1327 3302 toties
1367 3245 1688 3301 disserendo
1741 3259 1805 3297 ac
1873 3241 2251 3296 ratiocinando
2301 3241 2585 3295 titubasse.
2639 3247 2818 3309 Atque
2866 3240 2919 3294 id
2964 3257 3063 3296 suo
3104 3257 3133 3294 a
3175 3241 3333 3296 nobis
3362 3242 3482 3295 loco
3512 3244 3611 3297 de-

337 3339 754 3395 monstrabitur.
813 3338 1294 3408 lnterea,quando
1321 3353 1446 3392 cum
1499 3336 1608 3389 illis
1667 3337 1722 3387 in
1784 3331 2110 3402 spiritalium
2158 3341 2480 3384 naturarum
2528 3331 2857 3385 tractatione
2903 3331 3230 3386 cohmrentet
3293 3333 3609 3401 loquentem

335 3433 674 3496 audivimus;
720 3442 1003 3502 sequitur,
1054 3441 1115 3486 ut
1160 3433 1225 3486 ad
1276 3445 1464 3484 earum
1517 3444 1640 3499 quae
1702 3426 1958 3482 sensibus
2013 3434 2350 3493 usurpantur
2402 3423 2800 3495 physiologiam
2854 3431 3236 3488 transeuntes,
3281 3439 3447 3494 quam
3504 3425 3608 3494 ipsi

333 3539 556 3597 quoque
586 3540 711 3578 eum
737 3523 978 3580 Hebraeis
1007 3526 1109 3579 hoc
1137 3525 1190 3578 in
1215 3538 1411 3593 genere
1440 3520 1751 3588 conveniat,
1785 3518 1974 3591 paucis
2029 3518 2353 3573 indicemus.

886 3617 1115 3674 CAPUT
1155 3616 1350 3671 XXIX.

672 3732 824 3799 Quod
852 3733 1077 3786 mundus
1110 3744 1281 3787 ortum
1312 3733 1573 3786 habuerit.

407 3867 427 3900 ι
462 3846 786 3903 Universum
818 3847 924 3902 hoc
951 3864 980 3902 a
1009 3846 1117 3902 Deo
1144 3847 1450 3912 conditum,
1475 3847 1706 3917 aliquem
1730 3855 1914 3900 ortum

332 3937 592 3992 habuisse
627 3936 807 3992 Moses
835 3937 1055 4002 docuit,
1105 3937 1233 3990 dum
1264 3939 1342 3991 ait
1365 3937 1482 4006 ipso
1507 3937 1692 3992 statim
1734 3936 1914 4005 operis

331 4028 418 4084 sui
467 4028 762 4094 vestibulo,
814 4046 832 4079 ι
871 4027 927 4082 In
973 4028 1238 4098 principio
1285 4027 1412 4083 fecit
1462 4027 1602 4083 Deus
1633 4028 1832 4083 caelum
1861 4037 1914 4082 et

333 4131 566 4184 terram;
607 4137 626 4168 ι
669 4118 907 4187 itemque
951 4127 1134 4187 partes
1179 4118 1372 4172 ordine
1418 4117 1660 4188 singulas
1688 4133 1914 4173 exsecu-

331 4217 421 4263 tus
449 4207 598 4262 addit
631 4226 642 4259 :
685 4224 703 4257 ι
744 4204 841 4261 Hic
883 4206 1030 4260 liber
1062 4205 1430 4277 generationis
1480 4206 1606 4261 cmli
1647 4215 1702 4261 et
1732 4215 1908 4273 terrae,

329 4298 551 4369 quando
586 4297 800 4352 exstitit
826 4298 916 4352 ille
943 4297 1082 4363 dies,
1130 4313 1240 4367 quo
1291 4296 1418 4352 fecit
1464 4297 1602 4352 Deus
1631 4299 1826 4352 coelum
1858 4309 1912 4352 et

328 4401 551 4446 terram.
601 4409 620 4441 ι
679 4390 817 4444 Audi
862 4391 1014 4460 jam,
1059 4405 1223 4459 quam
1269 4406 1376 4444 non
1421 4391 1490 4445 ab
1535 4406 1599 4446 ea
1643 4393 1909 4446 sententia

329 4481 486 4537 Plato
529 4482 803 4546 deflectat,
852 4485 996 4538 hunc
1027 4483 1078 4536 in
1108 4483 1328 4537 modum
1354 4484 1599 4539 scribens
1631 4485 1745 4554 ipse
1772 4501 1910 4553 quo-

326 4590 476 4644 que:
522 4593 540 4626 ι
575 4573 848 4644 Quidquid
877 4574 970 4640 fit,
1017 4559 1066 4629 id
1111 4590 1272 4630 omne
1304 4576 1356 4630 vi
1394 4576 1627 4644 alicujus
1655 4577 1908 4648 principii

327 4667 445 4720 fieri
478 4685 490 4720 :
519 4682 748 4736 prorsus
781 4667 927 4722 enim
961 4667 1180 4722 evenire
1213 4683 1319 4722 non
1347 4684 1526 4737 posse,
1557 4681 1614 4724 ut
1645 4669 1790 4739 quod
1814 4685 1907 4723 or-

324 4765 440 4811 tum
469 4757 651 4823 habet,
679 4765 834 4812 ortus
867 4756 951 4810 sui
976 4765 1254 4811 auctorem
1285 4773 1394 4812 non
1428 4759 1673 4813 habeat.»
1697 4759 1907 4826 Quibus

325 4848 400 4902 ita
428 4848 614 4903 subdit
641 4866 654 4902 :
691 4866 708 4898 ι
738 4846 909 4902 Omne
935 4848 1096 4918 igitur
1122 4849 1342 4914 cmlum,
1361 4850 1474 4905 sive
1504 4851 1760 4915 mundus,
1794 4852 1907 4907 sive

2524 3610 2922 3664 ΚΕΦΑΛΑΙΟΝ
2972 3610 3103 3664 ΚΘ’.

2228 3723 2370 3790 Περὶ
2410 3723 2518 3777 τοῦ
2546 3723 2804 3792 γενητὸν
2833 3719 2986 3776 εἶναι
3013 3722 3121 3776 τὸν
3152 3725 3400 3790 κόσμον.

2092 3853 2110 3886 ι
2146 3835 2390 3899 Μωσέως
2443 3835 2668 3905 γενητὸν
2722 3837 3142 3907 ἀποφηναμένου
3203 3838 3323 3891 τόδε
3371 3839 3436 3891 τὸ
3499 3842 3609 3894 πᾶν

2016 3928 2121 3982 ὑπὸ
2153 3926 2245 3980 τοῦ
2275 3926 2410 3980 Θεοῦ
2441 3927 2762 3997 γενόμενον·
2789 3927 2938 3996 λέγει
2977 3928 3022 3982 δ’
3057 3925 3150 3982 οὖν
3183 3930 3482 4000 ἀρχόμενος
3509 3933 3608 4004 τῆς

2014 4017 2208 4072 ἑαυτοῦ
2239 4017 2506 4088 γραφῆς,‹
2533 4018 2618 4070 Ἐν
2645 4018 2786 4090 ἀρχῇ
2819 4019 3074 4089 ἐποίησεν
3103 4021 3132 4072 ὁ
3161 4019 3294 4084 Θεὸς
3321 4021 3415 4074 τὸν
3445 4023 3611 4093 οὐρα-

2012 4111 2102 4164 νὸν
2141 4111 2234 4164 καὶ
2275 4111 2375 4182 τὴν
2411 4110 2536 4181 γῆν.
2573 4129 2592 4162 ι
2646 4111 2754 4164 Καὶ
2786 4112 2948 4166 πάλιν
2987 4113 3126 4184 μετὰ
3166 4113 3233 4167 τά
3261 4115 3403 4168 κατὰ
3442 4120 3607 4189 μέρος

2011 4204 2205 4272 ἐπάγει
2223 4221 2238 4234 ο
2267 4221 2287 4255 ι
2316 4203 2464 4274 Αὕτη
2493 4204 2525 4274 ἡ
2561 4203 2742 4274 βίϐλος
2765 4205 3032 4272 γενέσεως
3075 4208 3309 4278 οὐρανοῦ
3349 4211 3446 4262 καὶ
3477 4209 3605 4280 γῆς,

2011 4293 2100 4345 ὅτε
2134 4293 2352 4362 ἐγένετο
2383 4295 2417 4364 ὴ
2449 4293 2656 4365 ἡμέρα,
2754 4294 3007 4364 ἐποίησεν
3028 4296 3056 4347 ὁ
3086 4296 3218 4359 Θεὸς
3246 4297 3338 4350 τὸν
3375 4297 3608 4368 οὐρανὸν

2010 4385 2106 4437 καὶ
2157 4385 2257 4456 τὴν
2307 4384 2443 4455 γῆνσ
2489 4404 2507 4437 ι
2543 4386 2710 4439 ἄκουε
2752 4386 2848 4438 τοῦ
2893 4387 3176 4451 Πλάτωνος
3207 4388 3283 4452 ὡς
3311 4390 3416 4443 οὐκ
3447 4393 3609 4445 ὲκπί-

2011 4491 2134 4528 πτει
2165 4477 2263 4546 τῆς
2287 4475 2545 4538 διανοίας,
2571 4469 2675 4528 ὧδέ
2704 4494 2779 4548 πη
2811 4477 2904 4530 καὶ
2947 4478 3110 4541 αὐτὸς
3141 4479 3369 4548 γράφων
3391 4499 3405 4512 ’
3437 4500 3455 4532 ι
3491 4483 3608 4534 Πᾶν

2015 4567 2075 4619 τὸ
2129 4568 2450 4638 γιγνόμενον
2483 4568 2592 4639 (84)
2629 4569 2718 4621 ὑπ’
2751 4557 2926 4622 αἰτίου
2972 4569 3115 4632 τινὸς
3147 4569 3204 4635 ἐξ
3236 4571 3488 4642 ἀνάγκης
3519 4574 3606 4641 γί-

2009 4657 2232 4711 νεσθαι·
2269 4657 2445 4729 πάντη
2480 4657 2589 4730 γὰρ
2643 4658 2902 4713 ἀδύνατον
2959 4661 3127 4732 χωρὶς
3177 4662 3352 4715 αἰτίου
3386 4665 3604 4732 γένεσιν

2015 4749 2182 4820 ἔχειν.
2221 4769 2239 4801 ι
2270 4752 2380 4804 Καὶ
2408 4751 2650 4818 ἐπιλέγει
2673 4767 2688 4782 ο
2727 4769 2744 4801 ι
2786 4752 2843 4805 '0
2874 4751 2938 4822 δὴ
2968 4755 3076 4816 πᾶς
3107 4753 3336 4824 οὐρανὸς
3369 4757 3463 4808 καὶ
3512 4758 3604 4811 κό-

2011 4841 2295 4912 σμος(85),
2319 4841 2352 4912 ἢ
2383 4843 2479 4895 καὶ
2513 4841 2640 4894 ἄλλο
2667 4842 2694 4894 ὅ
2716 4859 2769 4896 τι
2791 4843 2921 4895 ποτὲ
2942 4842 3337 4914 ὀνομαζόμενος
3367 4846 3604 4916 μάλιστα

323 4941 518 5010 quovis
546 4941 653 4994 alio
679 4941 948 4995 vocabulo
976 4941 1196 5011 gaudet,
1234 4942 1337 4997 hoc
1363 4958 1393 4996 a
1427 4945 1586 5000 nobis
1615 4962 1899 5017 nuneupa-

2036 4948 2072 4986 ιν
2112 4931 2336 5003 δέχοιτο,
2360 4931 2505 4986 τοῦθ’
2533 4934 2666 5004 ἡμῖν
2704 4933 3009 5004 ὀνομάσθω.
3053 4935 3323 4989 Σκεπτέω
3346 4933 3442 4992 οῦν
3471 4941 3603 5010 περὶ

325 5039 414 5085 tus
441 5030 532 5086 sit.
564 5029 642 5085 De
666 5045 775 5100 quo
801 5030 853 5085 id
877 5033 1112 5101 primum
1130 5033 1560 5098 consideremus,
1589 5038 1732 5106 quod
1754 5040 1908 5107 prin-

322 5121 465 5192 cipio
491 5123 658 5177 estin
695 5123 846 5177 omni
881 5124 1185 5193 quaistione
1217 5127 1673 5183 considerandum
1707 5147 1720 5184 :
1759 5145 1907 5185 sem-

323 5229 490 5283 perne
525 5213 709 5279 fuerit,
747 5215 896 5270 nullo
924 5227 1214 5287 generatus
1238 5229 1391 5287 ortu;
1441 5237 1509 5274 an
1552 5232 1706 5276 ortus
1731 5224 1803 5277 sit
1837 5223 1904 5277 ab

323 5305 510 5376 aliquo
550 5307 814 5376 temporis
845 5309 1148 5380 principatu
1197 5329 1210 5364 :
1259 5312 1698 5382 quandoquidem
1726 5316 1904 5370 cerni-

325 5405 438 5465 tur,
471 5397 636 5468 558
662 5406 715 5453 et.
745 5399 1004 5469 tangitur,
1052 5410 1107 5456 et
1152 5412 1236 5458 est
1271 5403 1511 5474 undique
1561 5418 1900 5477 corporatus.

399 5594 531 5700 ﬁt)“
552 5596 693 5700 HE:
1260 5601 1536 5700 Platonem
1572 5608 1797 5665 consule
1849 5609 1902 5666 in

335 5665 552 5730 Timwo,
591 5683 711 5738 pag.
743 5665 854 5723 526⁷
875 5665 1068 5726 Ficini.

2019 5024 2185 5078 αὑτοῦ
2228 5023 2463 5094 πρῶτον,
2495 5025 2634 5095 ὅπερ
2681 5024 2969 5078 ὑπόκειται
3021 5027 3148 5096 περὶ
3187 5026 3282 5078 τοῦ
3313 5029 3515 5093 παντὸς
3543 5031 3604 5080 ὲν

2015 5115 2157 5186 ἀρχῇ
2189 5114 2300 5168 δεῖν
2328 5117 2550 5168 σκοπεῖν
2569 5131 2585 5146 ·
2624 5114 2851 5185 πότερον
2877 5111 2944 5186 ἦν
2979 5116 3088 5181 ἀεὶ,
3125 5117 3390 5183 γενέσεως
3425 5121 3604 5191 ἀρχὴν

2013 5205 2151 5276 έχων
2183 5205 2459 5276 οὐδεμίαν,
2497 5206 2531 5278 ἢ
2565 5206 2788 5275 γέγονεν
2829 5208 2922 5260 ἀπ’
2964 5208 3137 5278 ἀρχῆς
3163 5225 3311 5272 τινος
3357 5211 3603 5283 ἀρξάμε-

2011 5314 2131 5361 νοςο
2166 5298 2360 5369 ὁρατὸς
2414 5297 2525 5369 γὰρ
2581 5298 2752 5362 ἁπτός
2797 5297 2858 5351 τέ
2900 5299 3019 5352 ἐστι
3075 5300 3170 5353 καὶ
3235 5301 3399 5372 σῶμα
3439 5302 3596 5374 ἔχων.

2013 5388 2194 5442 Πάντα
2229 5389 2283 5442 δὲ
2321 5389 2388 5443 τά
2424 5388 2670 5456 τοιαῦτα,
2698 5388 2965 5462 αἰσθητά·
3000 5389 3070 5444 τὰ
3115 5391 3158 5444 δ’
3205 5393 3444 5464 αἰσθητά
3472 5393 3597 5463 δόξῃ

2017 5609 2349 5747 “gignat
2388 5615 2635 5684 κόσμος.
2680 5613 2902 5672 Rectius
2943 5614 3097 5671 ΡΑιο
3132 5622 3187 5670 et
3218 5629 3520 5680 manuscr.,
3559 5615 3592 5684 ἢ
