3826 6232
247 253 356 309 9‘29

1396 247 1720 304 PRAEPAR.
1768 250 2016 306 EVANG.
2063 251 2188 306 LIB.
2232 251 2321 306 XI.

3423 256 3531 310 950

244 373 559 445 περιληπτά
595 371 705 445 (86)
741 375 835 428 καὶ
869 373 1071 444 γενητὰ
1097 374 1291 444 ἐφάνη.
1325 373 1416 444 Τῷ
1443 373 1488 425 δ’
1516 370 1582 427 αὖ
1618 372 1823 443 γενομέι

1949 372 2142 429 Omnia
2173 387 2352 430 autem
2391 376 2518 430 talia
2553 391 2774 430 sensum
2809 384 3047 440 movent,
3077 389 3384 445 sensusque
3413 393 3532 430 mo-

244 484 324 536 νῳ
357 466 536 536 φαμὲν
587 468 678 519 ὑπ’
714 466 886 520 αἰτίου
925 467 1067 530 τινὸς
1100 467 1344 538 ἀνάγκην
1389 462 1528 519 εἶναι
1562 465 1837 534 γενέσθαι.

245 558 351 611 Τὸν
395 558 494 629 μὲν
548 555 641 612 οὖν
679 560 908 630 ποιητὴν
936 559 1030 612 καὶ
1061 559 1394 631 δημιουργὸν
1423 560 1532 629 (87)
1566 558 1721 612 τοῦδε
1748 558 1840 611 τοῦ

246 649 452 713 παντὸς
500 649 680 719 εὑρεῖν
732 667 791 702 τε
850 649 1045 721 ἔργον,
1087 651 1182 704 καὶ
1229 650 1458 721 εὑρόντα
1504 651 1584 713 είς
1634 649 1842 712 πάντας

244 740 508 794 ἀδύνατον
564 741 764 809 λέγειν.
816 760 836 794 ι
871 742 981 795 Kal
1010 739 1166 804 αὖθις
1205 741 1333 810 ἑξῆς
1378 757 1562 811 φησιν·
1601 758 1619 790 ι
1653 739 1840 804 Οὕτως

242 831 339 888 οἷν
387 835 451 905 δὴ
494 835 636 888 κατὰ
677 834 831 903 λόγον
886 836 974 888 τὸν
1011 835 1194 889 εἰκότα
1233 836 1314 889 δεῖ
1355 835 1532 904 λέγειν
1565 834 1714 889 τόνδε
1747 835 1840 888 τὸν

245 927 451 996 κόσμον
497 925 635 990 ζῶον
671 926 935 996 ἔμψυχον,
977 926 1156 981 ἔννουν
1208 926 1461 996 γενέσθαι
1501 929 1568 998 τῇ
1609 925 1839 998 ὰλτθείᾳ

243 1017 335 1070 διὰ
367 1016 465 1088 τὴν
487 1016 579 1070 τοῦ
613 1015 748 1070 Θεοῦ
778 1017 1053 1090 πρόνοιαν.
1098 1037 1116 1070 ι

775 1283 1177 1337 ΚΕΦΑΛΑΙΟΝ
1219 1284 1298 1336 Λ’.

454 1374 611 1444 ζΠερὶ
643 1373 764 1428 τῶν
795 1376 925 1428 κατ’
962 1373 1226 1443 οὐρανὸν
1251 1375 1602 1445 φωστήρων.

310 1467 481 1521 Πάλιν
523 1467 802 1532 Μωῦσὲως
861 1469 956 1522 καὶ
984 1468 1207 1532 τούτους
1231 1464 1368 1522 εἶναι
1398 1470 1660 1539 γενητοὺς
1693 1469 1839 1523 διδά-

239 1561 429 1626 ξαντος
477 1562 542 1615 δι’
597 1555 672 1615 ὧν
721 1561 924 1633 ἔφησε·
964 1581 982 1614 ι
1021 1547 1130 1616 Καὶ
1169 1559 1320 1616 εἶπεν
1349 1566 1378 1617 ὁ
1410 1563 1564 1627 Θεός·
1605 1562 1836 1635 γενηθή-

235 1674 422 1710 τωσαν
469 1656 756 1730 φωστῆρες
813 1659 872 1710 ὲν
925 1657 1005 1729 τῷ
1061 1657 1399 1730 στερεώματι
1441 1658 1535 1712 τοῦ
1578 1657 1832 1730 οὐρανοῦ,

237 1749 384 1802 ὥστε
412 1751 623 1818 φαίνειν
669 1750 764 1803 ἐπὶ
793 1750 892 1821 τῆς
919 1737 1052 1820 γῆς’·
1095 1751 1188 1804 καὶ
1224 1751 1467 1805 ἔστωσαν
1496 1753 1576 1814 είς
1609 1752 1831 1821 σημεῖα,

235 1843 332 1894 καὶ
387 1843 470 1906 είς
520 1843 767 1913 καιροὺς,
798 1841 892 1896 καὶ
921 1843 1002 1906 είς
1029 1843 1264 1914 ἡμέρας,
1291 1844 1384 1896 καὶ
1419 1845 1500 1905 εἰς
1532 1840 1832 1904 ἐνιαυτούς.

236 1932 346 1985 Καὶ
388 1934 644 2005 ἐποίησεν
677 1935 706 1988 6
735 1934 866 1998 Θεὸς
894 1935 1022 1998 τοὺς
1051 1933 1145 1988 δύο
1177 1935 1471 2007 φωστῆρας
1498 1935 1625 1998 τοὺς
1661 1933 1832 2005 μεγά-

232 2023 383 2090 λους,
407 2026 647 2090 καὶτοὺς
679 2027 917 2098 ἀστέρας
936 2043 950 2057 °
984 2027 1078 2081 καὶ
1112 2026 1264 2080 ἔθετο
1296 2026 1494 2090 αὐτοὺς
1522 2029 1579 2079 ὲν
1600 2025 1678 2097 τῷ
1708 2042 1832 2078 στε-

239 2115 486 2187 ρεὼματι
511 2116 607 2170 τοῦ
635 2117 900 2188 οὐρανοῦ·
941 2136 960 2170 ι
999 2117 1201 2190 ὁμοίως
1233 2117 1327 2170 καὶ
1351 2118 1380 2170 6
1407 2117 1652 2182 Πλάτων,
1679 2135 1698 2169 ι
1737 2115 1831 2182 Ἐξ

232 2203 329 2260 οὖν
378 2207 537 2278 λόγου
570 2208 680 2281 (88)
740 2208 874 2262 Θεοῦ
929 2210 1023 2262 καὶ
1094 2209 1351 2274 διανοίας,
1413 2210 1588 2280 φησὶ,
1648 2209 1830 2263 τοιαύ-

231 2317 335 2372 της
385 2301 523 2373 πρὸς
563 2301 757 2373 χρόνου
791 2301 1028 2369 γένεσιν,
1061 2302 1148 2354 ἵνα
1183 2303 1386 2375 γενηθῇ
1422 2304 1634 2376 χρόνος,
1653 2304 1824 2376 ἥλιος,

233 2393 330 2444 καὶ
373 2393 594 2465 σελήνη,
631 2395 723 2448 καὶ
755 2395 918 2448 πέντε
947 2395 1084 2449 ἄλλα
1121 2395 1301 2468 ἄστρα
1347 2396 1579 2466 ἐπίκλην
1634 2395 1826 2468 ἔχοντα

232 2485 525 2558 πλάνητες,
575 2489 656 2552 εἰς
707 2487 986 2560 διορισμὸν
1029 2489 1123 2541 καὶ
1175 2488 1421 2561 φυλακὴν
1469 2490 1661 2562 χρόνου
1713 2489 1824 2562 (89)

230 2576 449 2646 γέγονε.
487 2578 725 2651 Σὼματα
762 2580 819 2633 δὲ
856 2583 1036 2636 αὐτῶν
1069 2584 1306 2655 ποιήσας
1351 2583 1380 2635 6
1439 2581 1592 2647 Θεὸς,
1628 2581 1824 2655 ἔθηκεν

232 2671 313 2734 εἰς
354 2671 456 2734 τὰς
501 2672 824 2744 περιφοράς.
863 2693 882 2726 ι
923 2675 1204 2748 Ἐπιτήρει
1237 2675 1314 2740 δὲ,
1347 2676 1395 2728 εί
1437 2677 1512 2748 μὴ
1546 2674 1627 2738 τὸ,
1671 2694 1690 2727 ι
1733 2676 1823 2740 Ἐξ

231 2759 326 2817 οὖν
350 2764 510 2832 λόγου
561 2766 656 2818 καὶ
684 2765 926 2832 διανοίας
956 2766 1115 2831 Θεοῦ,
1161 2788 1178 2821 ι
1213 2769 1500 2840 εἰρημένον
1552 2767 1632 2840 τῷ
1678 2767 1823 2822 Πλά-

233 2873 377 2920 τωνι,
429 2857 614 2927 ὅμοιον
668 2859 736 2912 ἂν
780 2859 863 2931 είη
901 2859 978 2931 τῷ
1032 2863 1165 2933 παρ’
1213 2861 1486 2934 Ἑϐραίοις
1531 2862 1817 2931 φάσκοντυ

237 2969 255 2998 ι
290 2947 380 3019 Τῷ
426 2949 570 3020 λόγῳ
613 2951 818 3022 Κυρίου
846 2953 896 3004 οί
923 2953 1140 3024 οὐρανοὶ
1163 2952 1590 3025 ἐστερεώθησαν,
1622 2953 1716 3006 καὶ
1743 2953 1820 3024 τῷ

233 3039 505 3112 πνεύματι
559 3041 655 3095 τοῦ
699 3043 968 3116 στόματος
1008 3045 1173 3100 αὐτοῦ
1214 3047 1363 3098 πᾶσα
1395 3047 1428 3116 ἡ
1457 3045 1684 3116 δύναμις
1723 3046 1821 3098 αὑ-

231 3132 362 3185 τῶν.
401 3151 420 3184 ι
469 3132 631 3188 Ἀλλὰ
682 3137 778 3188 καὶ
816 3137 1096 3200 Μωῡσέως
1148 3137 1417 3203 εἰπόντος,
1459 3155 1476 3187 ι
1518 3135 1630 3190 Kal.
1673 3137 1828 3190 ἔθετο

231 3227 432 3288 αὐτοὺς
472 3228 532 3279 ὲν
575 3225 657 3296 τῷ
692 3228 1063 3301 στερεώματι·
1104 3249 1124 3282 ι
1172 3229 1338 3301 ὁμοίᾳ
1364 3229 1631 3302 κέχρηται
1663 3230 1758 3284 καὶ
1799 3233 1829 3285 6

230 3317 460 3370 Πλάτων
493 3320 644 3388 φωνῇ
683 3321 772 3390 τῇ,
800 3337 824 3374 σ
865 3320 1124 3392 Ἔθηκεν,
1163 3339 1182 3372 ι
1217 3318 1410 3384 εἰπὼν,
1445 3339 1462 3370 ι
1501 3318 1732 3391 σώματα
1768 3320 1827 3375 δὲ

230 3409 415 3464 αὐτῶν
455 3413 688 3482 ποιήσας
727 3414 756 3465 6
803 3412 937 3476 Θεὸς
979 3413 1176 3483 ἔθηκεν
1207 3415 1289 3477 είς
1311 3412 1411 3477 τὰς
1436 3413 1760 3485 περιφοράς.
1802 3431 1821 3464 ι

746 3506 1148 3560 ΚΕΦΑΛΔΙΟΝ
1190 3505 1318 3558 AA'.

451 3599 572 3651 Ὅτι
599 3595 800 3652 πάντα
823 3598 982 3652 καλὰ
1009 3599 1084 3651 τὰ
1106 3598 1251 3668 ἔργα
1278 3598 1385 3652 τοῦ
1417 3597 1586 3654 Θεοῦ.

298 3691 415 3762 Τῆς
469 3689 737 3762 Ἐὗραίων
767 3688 994 3762 Γραφῆς
1023 3690 1109 3758 ἐφ’
1146 3689 1363 3759 ἑκάστῳ
1406 3690 1828 3764 δημιουργημά-

227 3801 338 3838 των
386 3781 787 3853 ὲπιφωνούσης,
827 3800 847 3833 ι
887 3781 999 3835 Kal.
1033 3778 1172 3835 εἶδεν
1207 3784 1236 3836 6
1277 3782 1411 3847 Θεὸς
1446 3785 1530 3837 ὅτι
1560 3784 1758 3839 καλόνο
1799 3804 1820 3838 ι

229 3877 324 3929 καὶ
374 3878 469 3928 ἐπὶ
538 3877 604 3948 τῇ
659 3874 880 3928 πάντων
937 3873 1410 3943 συγκεφαλαιώσει
1471 3877 1820 3949 φασκούσης·

1942 468 2123 520 vcntia
2171 483 2293 536 qua:
2340 477 2486 530 sunt,
2539 468 2728 521 eadem
2776 467 2830 520 in
2881 465 3139 535 opinione
3184 466 3528 521 considunt:

1941 574 2064 628 qum
2107 568 2286 613 ortum
2339 560 2537 613 habere
2580 559 2834 628 gignique
2867 558 3143 624 diximus;
3186 558 3320 611 nihil
3349 566 3528 611 autem

1942 649 2086 718 gigni
2118 664 2277 718 posse
2308 649 2427 704 sine
2451 649 2655 704 causis.
2722 652 2899 718 Atque
2939 648 3091 702 illum
3123 648 3342 716 quidem
3368 645 3530 716 quasi

1940 751 2223 811 parentem
2275 741 2440 811 hujus
2486 741 2860 795 universitatis
2907 739 3156 794 irﬂ'enire
3185 738 3399 794 dilIicile
3421 748 3528 802 est.

1939 843 1995 888 et
2017 849 2138 887 cum
2160 834 2273 904 jam
2306 834 2604 895 inveneris,
2638 834 2879 887 indicare
2906 833 2959 886 in
2995 833 3189 902 vulgus
3211 830 3383 887 nefas.
3413 851 3432 884 ι
3459 831 3528 886 Et

1940 925 2196 995 deinceps
2228 944 2241 979 :
2275 943 2293 976 ι
2332 925 2507 993 Quam
2530 927 2600 981 ob
2633 942 2856 982 causam
2886 943 2992 981 non
3033 934 3117 980 est
3159 926 3526 980 cunctandum

1940 1016 2203 1086 proﬁteri,
2229 1017 2274 1071 si
2311 1018 2475 1072 modo
2505 1017 2820 1088 investigari
2854 1017 3060 1087 aliquid
3091 1015 3405 1085 conjectura
3431 1029 3530 1085 po-

1941 1117 2066 1174 test,
2103 1108 2251 1162 hunc
2279 1109 2546 1164 mundum
2583 1109 2786 1164 animal
2831 1125 2974 1171 esse,
3010 1109 3172 1179 idque
3197 1109 3527 1179 intelligens,

1937 1208 1993 1254 et
2025 1199 2208 1255 divina
2241 1201 2588 1256 Providentia
2623 1202 3006 1256 constitutum.
3051 1222 3070 1253 ι

2501 1293 2744 1362 CAPUT.
2787 1293 2955 1348 xxx.

2434 1385 2513 1440 De
2559 1387 2676 1440 σαειὶ
2724 1387 3030 1441 luminibus.

2007 1475 2186 1533 Moses
2223 1483 2482 1546 praeterea
2514 1494 2674 1533 suum
2699 1479 2823 1533 caeli
2859 1478 3157 1533 luminibus
3177 1486 3357 1532 ortum
3387 1477 3529 1533 assi-

1937 1569 2122 1639 gnavit
2159 1570 2242 1624 liis
2285 1571 2461 1626 verbis
2495 1589 2509 1624 :
2549 1589 2568 1622 ι
2607 1569 2672 1625 Ει
2699 1571 2836 1625 dixit
2875 1569 3018 1624 Deus
3049 1587 3063 1623 :
3093 1568 3252 1623 Fiant
3283 1568 3524 1624 lumina-

1939 1662 2019 1716 ria
2052 1661 2104 1715 in
2134 1662 2482 1717 ﬁrmamento
2513 1663 2659 1727 caali,
2696 1675 2755 1717 ut
2781 1663 3001 1716 luceant
3024 1676 3188 1731 super
3215 1669 3442 1726 terram,
3471 1668 3528 1715 et

1939 1754 2049 1809 sint
2077 1754 2131 1808 in
2161 1755 2318 1824 signa
2351 1765 2404 1809 et
2432 1765 2700 1824 tempora,
2747 1765 2801 1810 et
2831 1755 2970 1819 dies,
3005 1763 3060 1808 et
3092 1768 3287 1810 annos.
3344 1751 3527 1808 Fecit-

1935 1862 2043 1917 que
2070 1846 2213 1903 Deus
2259 1849 2370 1903 duo
2412 1849 2706 1903 luminaria
2741 1864 2959 1918 magna,
2991 1856 3048 1902 et
3072 1849 3278 1903 stellas.
3332 1849 3401 1902 Et
3425 1862 3526 1918 ροΔ⁴

1935 1940 2044 1994 suit
2069 1954 2164 1995 eas
2194 1941 2246 1994 in
2281 1940 2628 1995 ﬁrmamento
2654 1941 2776 1994 εωιί
2804 1940 2878 1993 ⁵.»
2908 1939 3081 2005 Quam
3114 1939 3170 1993 in
3195 1938 3523 1995 sententiam

1932 2027 2110 2095 Plato,
2131 2049 2149 2082 ι
2173 2029 2404 2086 Ratione
2455 2032 2642 2102 igitur,
2698 2030 2894 2099 inquit,
2931 2040 2983 2084 ct
3010 2038 3193 2084 mente
3223 2029 3432 2092 divina,
3455 2029 3522 2082 ad

1931 2123 2197 2192 originem
2248 2122 2508 2192 temporis
2560 2121 2897 2179 curriculum
2936 2120 3217 2174 inventum
3259 2126 3345 2173 est
3387 2117 3524 2173 solis

1929 2223 1982 2267 et
2011 2213 2188 2276 lunae,
2237 2221 2292 2266 et
2338 2212 2570 2267 aliorum
2620 2210 2864 2279 quinque
2899 2219 3175 2262 astrorum
3219 2204 3522 2264 errantium

1928 2311 2316 2374 cognomento,
2343 2303 2409 2356 ad
2442 2301 2704 2371 temporis
2736 2315 2996 2354 numeros
3028 2296 3443 2367 distinguendos
3469 2302 3526 2348 et

1928 2394 2359 2449 conservandos.
2419 2392 2669 2463 Corpora
2713 2400 2894 2445 autem
2945 2404 3136 2445 eorum
3182 2389 3522 2458 singulorum

1926 2501 2050 2541 cum
2073 2484 2603 2551 eﬁ‘ecissetDeus,ea
2635 2483 2701 2538 ad
2732 2482 3123 2538 conversiones
3148 2481 3458 2536 collocavit.
3491 2499 3512 2532 ι

1925 2577 2026 2632 llic
2045 2584 2105 2631 tu
2133 2576 2267 2630 mihi
2296 2575 2518 2641 videsis,
2547 2590 2678 2629 num
2705 2575 2852 2645 quod
2874 2573 3030 2627 Plato
3059 2572 3217 2638 dixit,
3246 2572 3406 2641 λόγου
3427 2570 3524 2624 καὶ

1923 2669 2166 2733 διανοίας
2195 2666 2331 2722 Θεοῦ
2372 2667 2562 2740 (verbo
2593 2683 2659 2721 ac
2685 2675 2865 2721 mente
2889 2667 3124 2732 divina),
3156 2666 3207 2719 ei
3243 2663 3525 2734 persimile

1923 2760 2018 2825 sit,
2047 2760 2194 2830 quod
2225 2760 2302 2814 ait
2343 2757 2523 2814 Moses
2548 2803 2559 2814 .
2587 2756 2730 2828 λόγῳ
2774 2776 2793 2808 ‹
2831 2754 3007 2810 Verbo
3033 2753 3247 2808 Domini
3276 2752 3398 2807 coeli
3425 2752 3521 2805 tir-

1923 2849 2055 2902 n‘tati
2087 2857 2236 2915 sunt,
2276 2865 2298 2900 ι
2335 2857 2390 2903 et
2423 2846 2697 2917 πνεύματι
2737 2864 2755 2896 ι
2795 2844 3003 2915 Spiritu
3037 2843 3150 2898 oris
3191 2841 3310 2911 ejus
3339 2839 3522 2894 omnis

1924 2940 2102 2994 virtus
2129 2954 2346 2994 eorum.
2386 2959 2405 2991 ι
2435 2938 2744 3005 Quinetiam
2782 2953 2907 2992 cum
2932 2935 3144 3006 Moyses
3165 2933 3384 2991 dixerit.
3415 2929 3521 2983 Καὶ

1928 3031 2101 3096 ἔθετο,
2147 3049 2166 3083 ι
2199 3040 2253 3086 et
2299 3032 2484 3101 posuit
2530 3046 2593 3084 ea
2629 3031 2680 3083 in
2715 3029 3058 3084 ﬁrmamento
3096 3026 3221 3082 coeli
3257 3041 3276 3083 :
3315 3042 3334 3077 ι
3366 3022 3524 3080 Plato

1931 3123 2096 3178 simili
2135 3137 2356 3194 quoque
2381 3136 2517 3176 voce
2546 3137 2702 3185 usus,
2738 3121 2842 3175 hoc
2866 3129 2970 3186 est,
3000 3117 3220 3188 ἔθηκεν,
3261 3131 3518 3186 corpora,

1930 3215 2129 3285 inquit,
2163 3213 2506 3284 singulorum
2539 3229 2665 3268 cum
2694 3212 2966 3268 effecisset
2992 3211 3136 3267 Deus
3155 3254 3171 3279 ,
3201 3226 3264 3266 ea
3291 3209 3357 3264 ad
3384 3223 3519 3263 con—

1930 3307 2212 3364 versiones
2247 3307 2589 3363 collocavit.»

2487 3498 2720 3556 CAPUT
2761 3499 2954 3556 XXXI.

2298 3593 2493 3648 Omnia
2523 3591 2622 3646 Dei
2655 3608 2813 3658 opera
2847 3591 2982 3644 bona
3013 3607 3142 3643 esse.

1998 3684 2137 3742 Cum
2162 3685 2326 3740 etiam
2349 3725 2365 3751 ,
2399 3693 2459 3739 ut
2501 3684 2757 3755 quodque
2791 3681 3088 3752 perfectum
3121 3690 3240 3737 erat
3268 3681 3516 3736 divinum

1927 3793 2099 3848 opus,
2137 3777 2280 3840 hanc
2315 3791 2486 3832 sacrae
2516 3775 2708 3830 littera:
2766 3773 2929 3844 559
2979 3772 3279 3827 clausulam
3316 3771 3516 3828 identi-

1927 3869 2048 3923 dem
2085 3868 2401 3939 adjecerint,
2432 3865 2530 3920 «Et
2553 3866 2688 3920 vidit
2717 3865 2858 3920 Deus
2888 3864 3034 3934 quod
3063 3864 3267 3919 bonum
3288 3873 3434 3920 esset
3489 3884 3513 3918 ›

236 3988 254 4020 ι
298 3970 410 4022 Kal
439 3965 577 4022 εἶδεν
611 3969 641 4021 6
681 3967 814 4030 Θεὸς
842 3965 914 4020 τὰ
941 3966 1141 4030 πάντα,
1176 3969 1270 4020 καὶ
1299 3967 1408 4021 ἰδοὺ
1447 3969 1587 4024 καλὰ
1617 3970 1758 4024 λίαν.
1797 3989 1817 4022 ›

1949 3969 2168 4028 temque
2223 3967 2281 4013 ut
2329 3959 2495 4014 simul
2541 3957 2728 4013 omnia
2773 3957 3332 4027 comprehenderent,
3391 3975 3409 4008 ι
3448 3955 3516 4012 Et

232 4061 437 4112 Ἄκουε
495 4058 591 4112 τοῦ
633 4057 920 4121 Πλάτωνος
950 4056 1232 4126 λὲγοντος·
1269 4077 1286 4107 ι
1346 4059 1409 4112 Εἰ
1446 4059 1545 4130 μὲν
1569 4059 1632 4132 δὴ
1659 4060 1823 4126 καλός

1944 4049 2060 4103 ridit
2092 4048 2238 4103 Deus
2271 4050 2543 4112 omnia,et
2575 4064 2700 4104 ecce
2731 4048 2888 4102 valde
2915 4048 3057 4102 bona
3091 4057 3244 4102 erant
3277 4067 3290 4104 :
3342 4065 3361 4099 ι
3384 4047 3510 4103 Pla-

229 4152 380 4204 ἐστιν
417 4151 506 4204 ὅδε
539 4152 568 4204 6
603 4151 830 4222 κόσμος,
867 4144 988 4205 ὅτε
1026 4151 1370 4221 Δημιουργὸς
1409 4152 1635 4220 ἀγαθὸς,
1663 4153 1822 4225 δῆλον

1944 4159 2108 4198 onem
2142 4143 2266 4198 audi
2290 4143 2371 4197 sic
2406 4142 2737 4212 loquentem,
2759 4161 2777 4193 ε
2820 4141 2999 4210 Atque
3028 4142 3075 4196 si
3104 4141 3283 4196 bonus
3312 4150 3398 4197 est
3424 4141 3515 4196 hic

226 4243 306 4307 ὡς
339 4247 480 4316 πρὸς
509 4245 571 4297 τὸ
598 4243 768 4298 ἀΐδιον
806 4244 1021 4298 ἐϐλεπε·
1052 4264 1070 4298 ι
1095 4243 1194 4298 καὶ
1221 4243 1404 4297 πάλιν·
1446 4262 1466 4294 ι
1487 4245 1547 4298 '0
1582 4245 1682 4316 μὲν
1711 4245 1822 4318 γὰρ

1944 4236 2164 4289 nundus
2184 4274 2198 4300 ,
2251 4235 2298 4290 si
2331 4234 2509 4288 bonus
2536 4233 2780 4303 ejusdem
2817 4232 3024 4287 Artifex
3046 4274 3062 4299 ,
3109 4231 3354 4302 profecto
3385 4248 3514 4302 spc-

229 4335 518 4400 κάλλιστος
545 4335 653 4391 τῶν
679 4337 998 4407 γεγονότων,
1034 4339 1062 4391 6
1088 4337 1133 4392 δ’
1165 4337 1386 4408 ἄριστος
1406 4337 1514 4390 τῶν
1547 4338 1757 4392 αἰτίων.
1796 4357 1816 4391 ι

1944 4329 2062 4382 :iem
2082 4326 2405 4382 aiternitatis
2423 4325 2626 4379 imitari
2653 4323 2866 4379 maluit.
2881 4325 3085 4394 iAtque
3102 4325 3349 4388 iterum;
3372 4322 3509 4377 Nam

1852 4428 1897 4484 ι)
1927 4422 2002 4475 uti
2036 4421 2272 4475 mundus
2301 4419 2548 4474 omnium
2580 4434 2702 4488 quae
2734 4418 2952 4474 condita
2987 4427 3115 4473 sunt
3139 4418 3380 4488 optimus
3403 4426 3513 4481 est,

1926 4513 2000 4566 ita
2027 4511 2170 4566 Deus
2202 4511 2474 4566 artiﬁcum
2510 4511 2756 4566 omnium
2786 4511 3044 4580 optimus.
3077 4528 3096 4562 ι

743 4621 1141 4675 ΚΕΦΑΛΑΙΟΝ
1182 4620 1306 4675 AB'.

229 4710 373 4782 Περὶ
415 4711 526 4781 τῆς
568 4713 951 4780 ἀλλοιώσεως
1018 4715 1116 4768 καὶ
1170 4711 1508 4784 μεταϐολῆς
1558 4715 1667 4769 τοῦ
1718 4717 1820 4769 κό-

940 4800 1119 4855 σμου.

307 4895 323 4922 ι
367 4873 478 4926 Kal.
507 4875 637 4945 περὶ
668 4873 860 4928 τούτου
901 4874 1082 4944 πάσης
1122 4873 1394 4946 Ἐὅραιων
1419 4872 1646 4944 Γραφῆς
1679 4872 1822 4926 διδα-

233 4966 493 5037 σκούσης,
518 4966 637 5018 τοτὲ
667 4967 765 5037 μὲν
788 4967 854 5020 δι’
878 4959 954 5020 ὧν
978 4983 1132 5036 φησι,
1159 4985 1177 5016 ι
1208 4967 1318 5020 Kal.
1341 4965 1650 5036 ὲλιγήσεται
1679 4965 1706 5017 ὁ
1733 4965 1823 5017 οὐ·

233 5057 398 5128 ρανὸς
427 5055 501 5119 ὡς
539 5055 778 5126 βιϐλίον’
819 5075 839 5108 ι
870 5056 992 5110 τοτὲ
1047 5056 1104 5109 δὲ
1141 5057 1208 5110 δι’
1243 5049 1317 5109 ὧν
1349 5055 1612 5124 ἐπιλέγει,
1653 5075 1670 5106 ι
1711 5055 1824 5108 Kal.

233 5149 388 5201 ἔσται
415 5151 444 5201 6
470 5147 696 5219 οὐρανὸς
729 5148 935 5213 καινὸς,
967 5149 1062 5202 καὶ
1087 5149 1120 5219 ἡ
1151 5148 1223 5219 γῆ
1245 5148 1429 5219 καινὴ,
1457 5146 1493 5200 ἃ
1529 5147 1640 5216 ἐγὼ
1685 5148 1823 5201 ποιῶ

239 5240 423 5310 μένειν
450 5238 680 5292 ἐνώπιόν
712 5257 836 5309 μου,
860 5238 1007 5308 λέγει
1034 5238 1256 5311 Κύριος
1274 5257 1292 5288 ι
1316 5238 1409 5292 καὶ
1442 5237 1602 5291 πάλιν
1635 5237 1822 5292 ἄλλοτε

232 5326 302 5378 δι’
352 5319 430 5380 ὧν
455 5343 610 5398 φησι,
645 5345 664 5376 ι
695 5327 941 5399 Παράγει
981 5327 1090 5399 γὰρ
1131 5327 1194 5380 τὸ
1243 5327 1428 5398 σχῆμα
1472 5325 1565 5379 τοῦ
1614 5327 1820 5398 κόσμου

307 5483 420 5550 (86)
461 5483 824 5551 Περιληπτά.
869 5482 1026 5538 Plato
1061 5485 1199 5538 inter
1231 5485 1374 5538 hanc
1399 5499 1588 5538 vocem
1636 5493 1691 5539 et
1729 5501 1821 5540 se-

234 5565 425 5626 que_n_t.
459 5554 653 5608 iniserit
684 5555 822 5625 μετὰ
845 5554 1151 5626 αίσθήσεως
1191 5556 1508 5626 γιγνόμενα.

309 5624 424 5697 (δῖ)
455 5624 849 5697 ,Δημιρυρτπόν-
881 5624 1058 5697 Plato.
1089 5626 1332 5697 Πριτέραο

310 5690 424 5764 (88)
454 5690 558 5759 Ἐξ
577 5690 691 5750 οὖν
719 5690 930 5764 λόγου.
959 5694 1103 5752 Idem
1136 5690 1310 5763 Plato,
1350 5695 1509 5765 ibid.,
1539 5713 1663 5768 pag.
1714 5696 1819 5752 529

2472 4621 2704 4676 CAPUT
2740 4621 2956 4676 XXXII.

2171 4715 2250 4772 De
2276 4715 2591 4771 alteratione
2614 4733 2677 4769 ac
2711 4717 3005 4770 mutatione
3032 4717 3240 4770 mundi.

1993 4873 2182 4930 Mundi
2236 4874 2592 4929 mutationem
2649 4871 2932 4943 Scriptura
2984 4887 3334 4926 neoraeorum
3382 4873 3509 4927 uni-

1923 4981 2082 5021 versa
2134 4975 2386 5031 testatur,
2437 4973 2499 5020 ut
2547 4980 2672 5019 cum
2723 4966 2843 5018 ait:
2902 4982 2920 5014 ι
2976 4961 3511 5033 Ειιοοιηριίοπὺίιυν

1925 5057 2066 5112 sicut
2090 5057 2227 5111 liber
2243 5057 2442 5111 cmlum
2476 5053 2614 5127 (Isa.
2644 5053 2922 5124 xxxiv,4);
2951 5054 3247 5124 iitemque:
3275 5072 3293 5104 ι
3321 5053 3384 5109 Ει
3406 5055 3509 5108 erit

1925 5149 2126 5204 cmlum
2155 5163 2385 5212 novum,
2419 5157 2473 5202 et
2501 5155 2644 5201 terra
2679 5162 2839 5212 nova,
2875 5161 2998 5215 quae
3024 5161 3124 5215 ego
3155 5145 3350 5201 faciam
3387 5162 3505 5201 ma-

1925 5239 2122 5294 nerein
2146 5246 2440 5308 conspectu
2463 5253 2601 5301 meo,
2619 5236 2749 5290 dicit
2775 5235 3182 5307 DominusUsa.
3203 5252 3329 5300 va,
3349 5237 3498 5308 17).)

1925 5334 1996 5388 Et
2036 5348 2258 5388 rursum
2306 5331 2478 5385 alibi:
2539 5348 2556 5380 ι
2612 5327 2858 5382 Praeterit
2906 5329 3052 5382 enim
3102 5328 3276 5399 ﬁgura
3316 5330 3508 5385 mundi

1923 5491 2424 5630 Ὲιῗὲὣῆυλαξιὴις
2447 5558 2692 5626 χρόνου.
2736 5554 2887 5614 Plato
2917 5565 2969 5613 et
2988 5571 3268 5614 manuscr.
3299 5554 3503 5612 Euseb.

1924 5627 2175 5688 inserunt
2209 5627 2480 5699 ἀριθμῶν.
