3826 6232
316 287 420 347 951

919 285 1192 343 EUSEBll
1231 282 1709 339 CASSARIENSIS
1744 282 1895 338 OPP.
1937 284 2117 340 PARS
2155 283 2218 339 li.
2260 314 2332 324 —
2366 283 2873 342 APOLOGETICA.

3491 290 3611 344 932

321 403 487 471 hujus
517 398 575 471 (Ι
603 398 727 454 Cor.
747 398 974 468 vu,5l).
1007 419 1028 452 υ
1051 396 1223 464 Quam
1239 399 1545 455 doctrinam
1564 398 1689 453 audi
1707 414 1894 469 quem-

2019 397 2194 452 τούτου
2215 416 2226 428 ·
2272 418 2291 449 ι
2323 399 2416 453 καὶ
2447 399 2476 450 6
2510 399 2736 453 Πλάτων
2769 399 2935 453 ἄκουε
2963 398 3113 458 ὅπως
3154 396 3216 450 τὸ
3246 397 3427 468 δόγμα
3471 416 3611 452 συν-

319 493 615 550 admodum
633 491 787 547 Plato
813 491 1158 546 commendet
1175 491 1228 544 in
1250 489 1447 545 Timaeo
1469 508 1487 545 :
1513 491 1660 557 «Qua
1678 504 1743 545 ex
1762 506 1895 545 con-

317 585 624 657 junctione,
673 583 871 654 inquit,
925 584 1126 638 coelum
1185 583 1260 637 ita
1306 593 1491 653 aptqu
1527 593 1634 650 est,
1685 594 1746 638 ut
1794 583 1899 639 sub

320 688 603 750 aspectum
627 687 682 732 ct
706 686 910 731 tactum
929 676 1110 731 cadat.
1136 677 1323 746 Itaque
1341 686 1394 731 et
1418 677 1490 730 ob
1509 692 1628 732 eam
1649 691 1897 741 causam,

318 780 376 827 et
404 772 472 826 ab
512 772 582 826 iis
628 771 793 825 rebus
820 785 1053 824 numero
1094 777 1331 838 quatuor
1358 769 1548 823 mundi
1583 778 1668 823 est
1698 762 1899 837 corpus

318 866 596 928 eﬂ‘ectum,
629 880 695 919 ea
740 873 1114 919 constructum
1156 862 1528 932 proportione,
1581 875 1688 929 qua
1741 859 1896 913 dixi:

317 972 383 1011 ex
414 955 659 1026 quoipse
675 970 796 1010 sese
824 953 1084 1009 concordi
1108 953 1346 1023 quadam
1365 951 1608 1007 amicitia
1638 960 1693 1005 et
1712 951 1899 1006 chari-

319 1057 431 1102 tate
461 1046 885 1116 complectitur;
919 1056 1083 1114 atque
1115 1044 1190 1097 ita
1236 1054 1360 1112 apte
1393 1043 1650 1107 cohaeret,
1700 1052 1760 1095 ut
1788 1042 1902 1096 dis-

318 1139 456 1193 solvi
523 1138 676 1192 nullo
739 1135 906 1190 modo
951 1142 1161 1203 queat,
1197 1133 1302 1188 nisi
1348 1133 1418 1188 ab
1457 1132 1673 1197 eodem,
1726 1146 1756 1183 a
1789 1146 1900 1200 quo

317 1241 403 1287 est
416 1231 725 1301 colligatus.
754 1248 773 1281 ι
796 1226 938 1281 Tum
956 1226 1209 1295 pluribus
1233 1224 1562 1294 interjectis,
1586 1242 1604 1273 ι
1632 1222 1896 1293 Tempus,

319 1324 517 1393 inquit,
564 1338 672 1377 una
705 1335 829 1375 cum
864 1319 1006 1373 cmlo
1039 1316 1245 1372 factum
1294 1326 1401 1378 est,
1464 1325 1524 1370 ut
1572 1330 1695 1384 qua:
1737 1313 1900 1369 simul

318 1424 440 1469 orta
466 1420 612 1479 sunt,
639 1425 705 1466 ea
732 1409 896 1466 simul
919 1410 1082 1464 etiam
1109 1408 1501 1471 dissolvantur,
1528 1406 1575 1460 si
1602 1421 1711 1475 quo
1737 1405 1901 1459 modo

317 1522 563 1578 unquam
594 1501 941 1560 dissolvenda
960 1511 1106 1558 sunt.
1134 1521 1153 1554 ι
1171 1500 1320 1557 Idem
1341 1500 1430 1555 ubi
1457 1499 1708 1561 dixisset,
1733 1517 1751 1549 ι
1776 1496 1901 1552 Haec

318 1616 418 1655 vos
451 1599 546 1669 qui
580 1598 805 1654 deorum
837 1610 959 1651 satu
998 1595 1105 1650 orti
1136 1594 1272 1649 estis
1314 1591 1575 1646 attendite
1604 1610 1618 1646 :
1654 1591 1897 1657 Quorum

316 1705 545 1761 operum
576 1705 678 1760 ego
706 1704 928 1758 parens,
969 1687 1303 1755 eﬂ'ectorque
1336 1700 1483 1749 sum,
1515 1699 1637 1753 quae
1680 1699 1774 1752 per
1812 1698 1901 1737 me

316 1783 482 1848 facta,
502 1798 612 1837 non
644 1791 772 1837 sunt
792 1780 1059 1836 dissoluta
1079 1793 1168 1835 me
1184 1777 1374 1841 invito,
1390 1795 1408 1828 ι
1429 1774 1644 1831 subdit:
1669 1793 1687 1825 ι
1722 1773 1908 1840 Quan-

315 1892 481 1945 quam
510 1889 674 1929 omne
703 1874 1039 1943 colligatum,
1068 1871 1205 1927 solvi
1227 1878 1426 1941 potest.
1481 1867 1585 1924 Sed
1615 1868 1901 1936 haudqua-

315 1981 479 2034 quam
516 1965 642 2019 boui
678 1974 792 2027 est,
831 1965 1043 2018 ratione
1090 1963 1337 2016 vinctum
1389 1960 1527 2015 velle
1576 1959 1895 2017 dissolvere.

318 2058 425 2115 Sed
473 2060 736 2130 quoniam
783 2057 887 2112 orti
934 2057 1087 2122 estis,
1138 2054 1478 2111 immortales
1529 2069 1627 2109 vos
1677 2054 1897 2123 quidem

314 2166 439 2207 esse
498 2161 555 2205 et
597 2149 1003 2205 indissolubiles
1057 2163 1166 2203 non
1228 2146 1458 2218 potestis
1504 2165 1519 2201 :
1580 2147 1897 2216 neutiquam

316 2254 499 2299 tamen
529 2242 925 2307 dissolvemini,
973 2240 1196 2296 necvos
1225 2240 1337 2295 ulla
1368 2239 1566 2295 mortis
1597 2237 1708 2292 fata
1756 2238 1901 2308 peri-

314 2345 506 2392 ment:
538 2336 830 2391 consilium
863 2335 1008 2389 enim
1037 2350 1244 2400 meum,
1281 2333 1462 2401 majus
1491 2339 1576 2387 est
1619 2331 1897 2387 vinculum

315 2429 385 2483 ad
420 2428 836 2498 perpetuitatem
868 2435 1130 2488 vestram,
1165 2441 1328 2495 quam
1364 2425 1478 2491 illa,
1510 2423 1711 2494 quibus
1739 2424 1895 2490 estis,

314 2531 429 2576 tum
462 2536 586 2575 cum
619 2518 1020 2591 gignebamini,
1057 2519 1320 2589 colligati.
1358 2536 1376 2569 ι
1405 2516 1548 2584 Quin
1575 2518 1740 2572 etiam
1781 2515 1898 2572 hac

313 2603 553 2668 liabetin
586 2612 859 2666 Politico:
910 2633 928 2662 ι
954 2609 1090 2665 Nam
1122 2610 1365 2666 universi
1392 2610 1557 2680 hujus
1573 2609 1735 2665 modo
1751 2607 1897 2665 Deus

312 2706 433 2776 ipse
480 2705 625 2759 viam
676 2720 1017 2774 cursumque
1066 2703 1205 2770 regit
1255 2710 1420 2772 atque
1461 2709 1679 2766 versat,
1732 2701 1896 2755 modo

311 2802 494 2872 ipsum
523 2801 768 2867 dimittit,
799 2800 888 2854 ubi
911 2798 1176 2854 circuitus
1199 2796 1347 2867 justa
1385 2795 1760 2851 convenientis
1788 2793 1895 2849 sibi

311 2897 588 2952 curricula
620 2895 885 2966 temporis
921 2893 1287 2963 impleverim.
1318 2891 1460 2947 Idem
1490 2905 1583 2960 per
1605 2903 1728 2945 sese
1756 2904 1896 2944 non-

311 3004 596 3059 nunquam
631 2987 913 3058 oppositas
958 2986 1014 3040 in
1066 2994 1252 3056 partes
1286 2982 1656 3049 convertitur,
1706 2990 1895 3050 utpote

311 3081 460 3149 quod
510 3080 715 3134 animal
745 3078 836 3144 sit,
872 3077 1328 3148 prudentiamque
1357 3076 1423 3131 ab
1458 3075 1553 3131 illo
1601 3073 1687 3130 sui
1735 3073 1895 3128 moli-

312 3182 435 3227 tore
460 3172 562 3225 sub
588 3169 750 3240 560
776 3179 932 3224 ortus
975 3168 1061 3223 sui
1094 3166 1425 3236 principium
1469 3164 1763 3234 acceperit.
1796 3164 1895 3218 At-

314 3281 423 3336 que
460 3264 575 3318 ltaec
623 3260 930 3332 retrogradi
966 3269 1150 3314 motus
1198 3258 1362 3321 ratio,
1398 3257 1501 3327 ipsi
1532 3271 1564 3311 a
1613 3265 1808 3311 natura
1843 3255 1895 3309 vi

312 3359 551 3429 quadam
599 3353 946 3409 necessitatis
995 3352 1138 3406 hanc
1182 3352 1252 3406 ob
1296 3364 1522 3405 causam
1574 3350 1737 3405 insita
1788 3357 1892 3404 est.

310 3448 489 3516 Quam
526 3458 581 3503 tu
628 3460 850 3502 causam
882 3444 1158 3500 obsecro?
1200 3442 1470 3497 Nimirum
1515 3442 1757 3513 ejusdem
1800 3457 1897 3495 na-

313 3554 453 3598 turae
498 3541 741 3596 rationes
785 3553 1001 3609 semper
1055 3538 1276 3593 easdem
1331 3536 1586 3604 retinere,
1642 3537 1895 3608 idemque

312 3641 530 3713 penitus
558 3652 704 3703 esse,
739 3636 905 3691 rebus
933 3635 1202 3689 duntaxat
1229 3632 1592 3689 divinissimis
1615 3634 1892 3701 convenit,

314 3749 548 3803 quarum
590 3733 645 3788 in
677 3732 871 3788 ordine
921 3727 1166 3798 corporis
1214 3735 1410 3781 natura
1458 3740 1568 3779 non
1617 3735 1891 3782 censetur.

315 3826 449 3881 Illud
489 3825 707 3896 quidem
741 3822 888 3894 quod
935 3820 1135 3877 coalum
1182 3819 1349 3888 vulgo
1385 3817 1765 3888 mundumque
1793 3833 1896 3874 no-

315 3919 610 3981 minamus,
650 3914 905 3985 plurimis
944 3920 999 3967 et
1048 3910 1358 3981 insignibus
1390 3924 1420 3964 a
1465 3909 1760 3964 Conditore
1790 3925 1894 3966 suo

2003 492 2182 563 ίστησι
2210 491 2438 558 τούτων,
2461 492 2634 561 λέγων
2669 494 2729 545 ὲν
2761 493 2999 561 Τιμα[ῳ’
3043 510 3063 543 ι
3099 490 3481 562 Ξυνεστήσατο
3508 491 3611 545 δύ-

2004 583 2161 653 ρανδν
2193 583 2304 655 (90)
2338 584 2534 657 ὁρατὸν
2578 584 2673 638 καὶ
2704 584 2873 639 ἁπτόν
2893 600 2907 615 ο
2948 584 3046 638 καὶ
3079 584 3169 638 διὰ
3226 582 3406 637 ταῦτα
3434 583 3501 636 ἐκ
3532 600 3605 637 τε

1998 676 2062 748 δὴ
2108 677 2217 731 τῶν
2269 678 2529 732 τοιούτων
2571 679 2667 732 κα)¹
2693 676 2804 731 τῶν
2840 678 3074 750 ἀριθμὸν
3104 677 3385 749 τεττάρων
3411 677 3476 730 τὸ
3499 676 3606 730 τοῦ

2001 770 2204 841 κόσμου
2244 770 2403 841 σῶμα
2439 770 2726 842 ἐγεννήθη,
2759 767 2819 824 δι’
2876 769 3171 842 ἀναλογίας
3213 769 3561 840 ὁμολογῆσαν
3582 784 3602 799 ·

2001 861 2181 930 φιλίαν
2209 879 2269 917 τε
2297 862 2453 934 ἔσχεν
2485 864 2550 916 ἐκ
2579 862 2807 928 τούτων,
2838 862 2914 928 ὡς
2947 865 3029 926 είς
3059 862 3257 916 ταυτὸν
3288 861 3440 932 αὐτῷ
3470 861 3609 928 ξυν-

2000 951 2174 1014 ελθὸν,
2204 952 2400 1006 ἄλυτον
2442 953 2548 1006 ὑπὸ
2589 953 2699 1005 τῶν
2741 953 2936 1019 ἄλλων,
2970 952 3108 1024 πλὴν
3137 952 3244 1006 ὑπὸ
3269 950 3365 1005 τοῦ
3399 951 3609 1023 ξυνδῆ-

2003 1059 2193 1107 σαντος
2218 1043 2524 1112 γενέσθαι.)
2552 1041 2665 1098 Εἴθ’
2694 1044 2821 1116 ἑξῆς
2849 1062 3003 1117 φησιν
3028 1063 3047 1097 ι
3069 1045 3274 1112 Χρόνος
3296 1046 3343 1099 δ’
3367 1042 3462 1100 οὖν
3483 1046 3603 1117 (91)

1979 1135 2143 1215 ,μετά
2181 1137 2412 1209 ούρανοῦ
2453 1137 2698 1207 γέγονεν,
2738 1138 2827 1190 ἵνα
2874 1137 2991 1208 ἅμα
3041 1139 3429 1209 γεννηθέντες,
3479 1140 3608 1211 ἅμα

2001 1231 2095 1283 καὶ
2144 1229 2397 1296 λυθῶσιν,
2448 1232 2512 1286 ἄν
2552 1248 2684 1284 ποτε
2730 1229 2886 1294 λύσις
2915 1247 3001 1295 τις
3031 1233 3211 1287 αὐτῶν
3247 1231 3527 1302 γίγνηται.
3572 1251 3598 1284 ι

2003 1324 2113 1378 Καὶ
2152 1323 2314 1378 πάλιν
2369 1323 2696 1391 είπὼν(9“3),
2735 1343 2753 1375 ‹
2805 1324 2933 1378 Θεοὶ
2980 1324 3141 1389 θεῶν,
3170 1320 3247 1379 ὧν
3289 1323 3404 1394 ἐγὼ
3433 1324 3609 1397 δημι-

2000 1415 2216 1487 ουργὸς,
2252 1417 2435 1487 πατήρ
2456 1431 2517 1467 τε
2546 1414 2743 1486 ἔργων,
2774 1412 2810 1468 ἃ
2837 1414 2905 1468 δι’
2937 1414 3072 1486 ἐμοῦ
3102 1415 3393 1487 γενόμενα,
3425 1415 3608 1470 ἄλυτα

2002 1507 2137 1578 ἐμοῦ
2171 1524 2236 1578 γε
2259 1507 2506 1589 θέλοντος
2531 1506 2664 1579 (95)'
2690 1528 2708 1560 ι
2741 1509 2937 1577 ἐπάγει
2957 1508 3131 1578 λέγων
3163 1508 3311 1581 ἑξῆς·
3344 1527 3365 1560 ι
3395 1508 3471 1562 Τὸ
3496 1507 3605 1580 μὲν

2001 1594 2093 1653 οὖν
2131 1597 2195 1669 δὴ
2226 1596 2376 1651 δεθὲν
2425 1598 2532 1651 πᾶν
2576 1597 2766 1652 λυτόν·
2796 1598 2859 1652 τό
2886 1615 2950 1668 γε
2987 1599 3095 1671 μὴν
3131 1598 3313 1663 καλῶς
3348 1599 3604 1672 ἀρμοθὲν

2004 1691 2098 1745 καὶ
2148 1690 2272 1761 ἕχον
2321 1685 2404 1754 εὖ,
2445 1690 2595 1744 λύειν
2638 1690 2864 1757 ἐθέλειν,
2891 1691 3085 1745 κακοῦ.
3111 1692 3203 1745 Διὸ
3239 1693 3335 1746 καὶ
3361 1692 3605 1766 ὲπείτερ

1938 1779 1979 1833 Β
2008 1779 2325 1851 γεγένησθε,
2358 1778 2616 1834 ἀθάνατοι
2669 1780 2766 1852 μὲν
2816 1779 2917 1834 θῦε.
2964 1782 3109 1848 ὲστε,
3141 1782 3250 1836 οὐδ’
3296 1781 3485 1837 ἀλυτοι
3534 1781 3606 1837 τὸ

2001 1872 2252 1942 πάμπαν.
2283 1870 2413 1925 Οὖτι
2462 1873 2561 1943 μὲν
2598 1871 2662 1944 δὴ
2690 1871 2993 1944 λυθήσεσθέ
3041 1891 3128 1942 γε,
3170 1875 3296 1928 οὐδὲ
3338 1872 3605 1941 τεύξεσθε

1999 1962 2230 2017 θανάτου
2286 1964 2503 2035 μοίρας,
2536 1964 2636 2036 τῆς
2685 1965 2828 2037 ὲμῆς
2872 1964 3182 2038 βουλήσεως
3228 1966 3481 2038 μείζονος
3512 1968 3603 2023 ἔτι

1998 2055 2200 2127 δεσμοῦ
2226 2057 2320 2109 καὶ
2347 2056 2682 2128 κυριωτέρου
2708 2057 2965 2128 λαχόντες
2997 2060 3242 2125 ἐκείνων,
3261 2055 3345 2125 οἷς
3370 2062 3451 2115 ὅτ’
3481 2062 3605 2130 ὲγῐ-

1999 2148 2193 2217 γνεσθε
2233 2148 2365 2220 (94),
2400 2148 2724 2203 συνεδεῖσθε.
2765 2169 2784 2202 ι
2817 2152 2929 2205 Καὶ.
2967 2153 3026 2205 ἐν
3067 2151 3147 2223 τῷ
3191 2151 3491 2218 Πολιτικῷ
3532 2154 3597 2207 δὲ

1998 2242 2123 2296 τάδε
2151 2243 2180 2294 6
2208 2242 2371 2305 αὐτός
2401 2257 2537 2312 φησι
2561 2258 2577 2272 ·
2617 2261 2638 2294 t
2665 2242 2739 2295 Τὸ
2769 2241 2880 2314 γὰρ
2912 2245 3021 2297 πᾶν
3047 2244 3159 2316 (95)
3186 2244 3306 2298 τόδε
3342 2244 3465 2299 τοτὲ
3497 2246 3603 2318 μὲν

1998 2336 2160 2399 αὐτὸς
2192 2336 2221 2387 6
2259 2334 2394 2399 Θεὸς
2422 2334 2761 2406 ξυμποδηγεί
2789 2336 3153 2408 πορευόμενος
3180 2336 3313 2410 (96),
3340 2337 3437 2392 καὶ
3466 2338 3604 2408 ξυγ-

1998 2428 2218 2482 κυκλεϊ·
2247 2427 2374 2482 τοτὲ
2399 2426 2444 2481 δ’
2476 2428 2698 2500 ἀνῆκεν,
2728 2428 2855 2481 ὅταν
2887 2432 2943 2482 αί
2999 2429 3240 2502 περίοδοι
3286 2430 3384 2485 τοῦ
3419 2447 3599 2503 προσ-

1998 2519 2224 2589 ήκοντος
2274 2516 2424 2588 αύτῷ
2469 2517 2670 2589 μέτρον
2712 2517 3005 2590 είλήφωσιν
3056 2519 3158 2591 ἤδη
3205 2521 3400 2594 χρόνου
3421 2540 3436 2553 ·
3469 2522 3600 2577 τοτὲ

1996 2609 2054 2663 δὲ
2082 2609 2244 2664 πάλιν
2295 2609 2601 2682 αὐτόματον
2632 2610 2714 2673 είς
2761 2611 3020 2664 τάναντία
3066 2614 3417 2684 περιάγεται,
3449 2614 3596 2680 ζῶον

1996 2703 2077 2766 ὃν,
2108 2703 2202 2759 καὶ
2236 2703 2499 2776 φρόνησιν
2531 2702 2753 2774 εἰληφὸς
2781 2703 2892 2775 (97)
2923 2705 2987 2758 ὲκ
3023 2704 3118 2759 τοῦ
3154 2705 3601 2779 ξυναρμόσανιος

1997 2797 2129 2850 αὐτὸ
2177 2796 2477 2869 καταρχὰς.
2514 2795 2687 2850 Τοῦτο
2729 2795 2788 2850 δὲ
2828 2796 2978 2869 αὐτῷ
3013 2797 3075 2851 τὸ
3105 2798 3267 2853 πάλιν
3306 2799 3418 2871 (98)
3456 2800 3600 2856 ίέναι

1994 2888 2083 2943 διὰ
2130 2888 2249 2941 τόδε
2288 2888 2350 2952 ἐξ
2387 2888 2632 2957 ἀνάγκης
2676 2886 2917 2959 ἔμφυλον
2978 2889 3264 2957 γεγονέναι
3324 2891 3473 2965 (99);
3523 2923 3598 2935 —

1995 2981 2096 3035 Διά
2120 2982 2183 3035 τὸ
2214 2983 2366 3035 ποῖον
2397 2980 2462 3052 δή
2497 2981 2610 3052 (1);
2642 3012 2714 3021 —
2746 2982 2821 3034 T6
2852 2981 2989 3053 μετά
3021 2982 3089 3036 τά
3116 2982 3261 3037 αὐτὰ
3285 2985 3381 3039 καὶ
3412 2985 3598 3040 ὡσαύ-

1998 3091 2108 3138 τως
2134 3073 2280 3143 ἐχειν
2302 3073 2410 3136 ἀεὶ,
2440 3074 2536 3128 καὶ
2565 3073 2762 3128 ταυτὸν
2790 3072 2950 3139 εἶναι,
2979 3078 3096 3139 τοῖς
3134 3074 3354 3131 πάντων
3384 3077 3598 3133 θειοτά-

1998 3182 2114 3229 τοις
2139 3168 2405 3238 προσήκει
2433 3165 2644 3236 μόνοιςο
2683 3166 2935 3239 σώματος
2959 3167 3017 3222 δὲ
3055 3167 3219 3237 φύσις
3262 3167 3339 3241 (2)
3379 3170 3445 3223 ού
3470 3170 3597 3224 ταύ·

1996 3276 2098 3332 της
2125 3259 2225 3331 τῆς
2259 3258 2486 3324 τάξεως.
2517 3260 2615 3313 Ὃν
2651 3258 2716 3332 δὴ
2744 3260 2820 3333 (5)
2850 3259 3078 3332 οὐρανὸν
3125 3260 3221 3314 καὶ
3250 3260 3461 3332 κόσμον
3494 3264 3596 3315 ἐπ-

1996 3351 2382 3423 ωνομάκαμεν,
2399 3350 2607 3405 πολλῶν
2627 3351 2725 3422 μὲν
2754 3352 2850 3406 καὶ
2868 3352 3153 3425 μακαρίων
3183 3351 3446 3424 παράτοῦ
3477 3370 3594 3423 γεν-

1998 3446 2264 3516 νήσαντος
2301 3445 2655 3517 μετείληφεν·
2679 3445 2856 3517 αὐτὰρ
2902 3441 2998 3500 οὖν
3029 3445 3094 3518 δὴ
3126 3445 3498 3518 κεκοινώνηκε
3527 3464 3595 3516 γε

1997 3538 2092 3591 καὶ
2121 3535 2400 3607 σώματος·
2424 3535 2546 3590 ὅθεν
2574 3536 2727 3608 αὑτῷ
2751 3536 3057 3609 μεταϐολῆς
3085 3537 3302 3610 ἀμοίρῳ
3338 3538 3591 3607 γίνεσθαι

1995 3628 2085 3681 διὰ
2127 3626 2329 3690 παντὸς
2376 3625 2655 3682 ἀδύνατον.
2680 3627 2841 3682 Κατὰ
2884 3626 3116 3698 δύναμίν
3148 3644 3214 3697 γε
3267 3625 3343 3700 μή
3369 3629 3457 3682 ὅτι
3488 3630 3593 3700 μάο

1995 3719 2153 3774 λιστα
2184 3722 2242 3773 ὲν
2261 3719 2338 3792 τῷ
2364 3717 2513 3790 αὐτῷ
2535 3719 2676 3774 κατά
2709 3719 2777 3773 τά
2805 3720 2948 3774 αὐτὰ
2975 3720 3106 3792 μίαν
3136 3720 3309 3794 φορὰν
3339 3724 3589 3788 κινεῖται,

1994 3812 2127 3866 διότι
2155 3812 2254 3885 τὴν
2293 3812 2661 3883 ἀνακύκλησιν
2698 3812 2774 3886 (4)
2808 3812 3021 3885 εἴληχεν
3082 3813 3166 3867 ὅτι
3215 3814 3593 3886 σμικροτάτην

1993 3905 2093 3977 τῆς
2115 3902 2310 3958 ἑαυτοῦ
2343 3905 2608 3975 κινήσεως
2640 3904 2988 3975 παράλλαξιν.
3012 3904 3153 3958 Αὐτὸ
3167 3905 3224 3959 δὲ
3239 3905 3403 3960 ἑαυτὸ
3433 3906 3591 3979 στρέ-

313 4003 636 4059 muneribus
682 4011 939 4057 ornatum
995 4007 1130 4056 est:
1180 3999 1324 4054 idem
1375 4008 1579 4066 tamen,
1629 4000 1774 4070 quod
1836 4000 1891 4055 in

2019 4014 2118 4065 ρειν
2142 3997 2229 4051 ἀεὶ
2263 3996 2451 4068 σχεδὸν
2485 3996 2662 4051 οὐδενὶ
2697 3996 2944 4064 δυνατὸν,
2973 3995 3113 4068 πλὴν
3149 3995 3229 4067 τῷ
3266 3997 3375 4051 τῶν
3409 4015 3589 4052 κινου-

307 4086 562 4169 corporis
611 4090 775 4145 etiam
816 4089 1262 4145 communionem
1306 4100 1560 4142 vocatum
1610 4090 1702 4155 sit,
1739 4091 1888 4145 omni

2019 4092 2176 4146 ιένων
2204 4086 2271 4146 αὖ
2302 4090 2518 4144 πάντων
2551 4090 2861 4163 ἡγουμένῳ.
2897 4092 3082 4145 Κινείν
3108 4090 3166 4144 δὲ
3197 4089 3356 4143 τοῦτό
3380 4107 3437 4144 τι
3464 4092 3587 4145 τοτὲ

310 4198 540 4254 prorsus
573 4183 877 4237 mutatione
910 4196 1101 4237 carere
1130 4195 1237 4235 non
1285 4189 1486 4250 potest.
1520 4180 1791 4236 Caeterum
1838 4191 1893 4238 et

2019 4185 2097 4239 ιὲν
2130 4184 2324 4249 ἄλλως,
2352 4178 2509 4246 αὖθις
2540 4182 2584 4236 δ’
2612 4183 2892 4247 ἐναντίως,
2925 4183 2987 4236 ού
3018 4182 3193 4254 θέμις.
3228 4184 3323 4237 Ἐκ
3365 4184 3589 4239 πάντων

309 4275 501 4330 eodem
552 4274 607 4329 in
655 4274 854 4344 spatio,
893 4281 1162 4344 quantum
1214 4273 1316 4342 ipsi
1352 4273 1500 4339 licet,
1556 4282 1612 4327 et
1656 4274 1890 4330 rationis

2019 4279 2056 4349 ἰὴ
2091 4278 2297 4331 τούτων
2351 4276 2441 4330 τὸν
2477 4275 2684 4348 κόσμον
2731 4276 2868 4347 μήτε
2906 4275 3069 4330 αὐτὸν
3097 4276 3202 4348 χρὴ
3234 4276 3403 4345 φάναι
3438 4277 3589 4350 στρέ-

308 4382 539 4439 prorsus
566 4366 811 4437 ejusdem
842 4374 1051 4421 motum
1085 4379 1302 4434 semper
1334 4379 1506 4418 unum
1539 4363 1771 4419 retinet:
1824 4380 1890 4421 ac

2019 4387 2114 4423 ›ειν
2157 4369 2347 4424 ἑαυτὸν
2391 4369 2500 4435 ἀεὶ,
2550 4368 2674 4441 μήθ’
2724 4368 2844 4422 ὅλον
2899 4369 3005 4423 ὑπὸ
3056 4368 3192 4422 Θεοῦ
3253 4368 3587 4441 στρέφεσθαι

308 4468 598 4532 propterea
622 4459 727 4514 hoc
751 4456 1110 4513 revolutiouis
1134 4471 1306 4526 genus
1328 4456 1581 4510 sortitum
1609 4464 1712 4520 est,
1739 4456 1888 4525 quod

2019 4462 2197 4527 ῖιττὰς,
2234 4463 2328 4516 καὶ
2367 4461 2619 4528 ἐναντίας,
2643 4462 3027 4534 περιαγωγάςο
3064 4461 3190 4534 μήτ’
3225 4457 3292 4516 αὖ
3336 4462 3452 4517 τινὲ
3492 4462 3586 4516 δύο

307 4551 658 4623 perexiguam
694 4549 799 4621 ipsi
835 4558 1020 4604 motus
1054 4549 1141 4604 sui
1172 4548 1659 4603 commutationem
1698 4562 1764 4603 ac
1796 4563 1893 4602 va-

305 4644 556 4698 rietatem
587 4642 826 4699 afferret.
878 4640 1173 4697 Enimvero
1224 4638 1363 4694 nihil
1420 4638 1711 4692 admodum
1767 4647 1889 4706 est,

305 4732 456 4804 quod
486 4734 729 4804 seipsum
759 4742 1023 4804 perpetuo
1049 4745 1274 4787 versare
1312 4737 1497 4801 queat,
1530 4740 1726 4799 praeter
1753 4730 1889 4786 illud

305 4826 455 4898 quod
506 4827 755 4882 omnium
785 4840 908 4896 quae
955 4832 1248 4879 moventur
1279 4820 1695 4877 conversionem
1728 4821 1885 4892 regit.

379 4940 491 5013 (90)
531 4940 963 5013 Ξυνεστήοναςο
985 4938 1263 5013 θύραι-όν.
1290 4935 1468 5013 Plato,
1498 4932 1655 5002 ibid.,
1678 4952 1734 5008 p.
1758 4936 1887 4994 527.

380 5007 493 5085 (91)
531 5012 758 5085 Χρόνος
777 5007 828 5065 δ’
855 5007 997 5085 orig.
1023 5010 1196 5073 Plato,
1222 5023 1345 5079 pag.
1369 5009 1495 5065 529.

379 5081 494 5150 (92)
534 5082 709 5143 Plato,
747 5093 882 5151 pag.‘
899 5081 1023 5137 550.

379 5154 489 5222 (93)
541 5151 724 5222 Ἐμοῦ
747 5149 965 5222 ῖγεθέλ.
993 5152 1067 5222 Ita
1095 5151 1259 5206 etiam
1293 5149 1469 5206 Plato.
1498 5153 1567 5206 At
1603 5165 1883 5207 manuscr.

305 5221 506 5281 Euseb.
534 5221 672 5294 ἐμοῦ
696 5238 762 5292 γε
791 5222 865 5295 μὴ
892 5222 1007 5277 θέλ.
1035 5221 1208 5289 Quam
1242 5221 1529 5277 lectionem
1553 5233 1776 5278 secutus
1803 5230 1888 5276 est

304 5297 522 5359 Cicero,
556 5309 682 5348 cum
712 5295 892 5347 locum
917 5295 1081 5349 istum
1110 5300 1366 5347 verteret.

381 5363 495 5435 (94)
534 5365 664 5419 Ὅτε
710 5364 1043 5433 ὲτίγνεσθε.
1078 5361 1378 5423 Manuscr.,
1403 5361 1481 5415 ὅτ’
1507 5363 1676 5432 ὲγιγ.,
1712 5370 1880 5420 recte.

304 5434 442 5491 Nam
471 5444 527 5490 et
548 5434 724 5499 Plato,
754 5435 853 5497 ὅτ’,
882 5450 1005 5488 cum
1040 5432 1393 5500 apostrophe.

379 5452 442 5491 im
471 5449 527 5490 et
548 5449 724 5499 Plato,
754 5450 853 5497 στ’,
882 5450 1005 5488 cum
1040 5449 1393 5505 aposwopne.

379 5505 491 5571 (35)
537 5506 610 5560 Τὸ
633 5506 745 5574 γὰρ
766 5502 907 5558 πᾶν,
942 5504 1099 5559 Plato
1134 5504 1188 5557 in
1216 5501 1469 5575 Politian,
1500 5518 1624 5575 pag.
1660 5504 1784 5575 174.

376 5575 486 5644 (96)
524 5573 953 5648 Πορεῡόμενος.
1001 5576 1100 5647 Γρ.
1147 5584 1202 5630 et
1249 5573 1438 5640 Plato,
1494 5573 1879 5648 πορευόμενον,

303 5649 457 5717 quoii
483 5647 659 5715 magis
690 5646 884 5717 placet.

376 5716 486 5788 (θῖ)
528 5713 1018 5788 εῐληερόςςιηαιοι
1048 5713 1281 5788 4171165-

380 5783 491 5855 (98)
529 5784 745 5841 (Idam.
788 5784 938 5842 Plato
969 5783 1502 5854 ιιιειίιιέ,ἀνάπαλιν.

1998 4554 2127 4618 θεὼ,
2178 4554 2471 4627 φρονοῦντε
2525 4556 2710 4618 αὐτοῖς
2771 4554 3023 4617 ἐναντία,
3080 4553 3338 4626 στρέφειν
3396 4555 3577 4609 αὐτόν.

2007 4646 2145 4701 Ἀλλ’
2181 4649 2317 4718 ὅπερ
2356 4646 2483 4719 ἄρτι
2516 4646 2739 4720 ὲρῤἑθη,
2770 4647 2864 4700 καὶ
2899 4646 3059 4719 μόνον
3083 4644 3296 4712 λοιπὸν,
3325 4647 3451 4700 τοτὲ
3483 4647 3580 4717 μὲν

1993 4739 2086 4793 ὑπ’
2114 4738 2279 4811 ἄλλης
2305 4738 2771 4811 ξυμποδηγεῖσθαι
2799 4739 2946 4804 θείας
2972 4739 3172 4803 αίτίας,
3201 4739 3263 4793 τδ
3288 4738 3388 4811 ζῇν
3418 4740 3581 4817 πάλιν

1991 4830 2387 4902 ὲπικτώμενον,
2419 4831 2514 4885 καὶ
2556 4830 2903 4902 λαμϐάνοντα
2940 4829 3241 4886 ἀθανασίαν
3286 4833 3577 4885 ἐπισκευα-

2069 4945 2180 5018 (99)
2202 4946 2547 5018 Γεγονέναι.
2568 4945 2725 5001 Plato
2760 4957 2816 5001 et
2849 4963 3099 5002 manusc.
3130 4944 3333 5002 Euseb.
3361 4946 3573 5016 γέγονε,

1989 5016 2110 5073 sine
2146 5016 2588 5087 interrogatione,
2623 5032 2747 5087 quae
2780 5032 2905 5072 vera
2940 5018 3100 5072 lectio
3125 5027 3231 5071 est.

2062 5087 2139 5157 (1)
2181 5088 2286 5143 Διὰ
2320 5088 2384 5142 τὸ
2427 5087 2601 5141 ποῖον
2646 5086 2764 5154 δή,
2811 5096 2919 5143 etc.
2972 5089 3048 5143 lta
3089 5086 3574 5157 rescripsmuset

1987 5156 2342 5214 distinximus
2375 5174 2440 5212 ex
2469 5160 2662 5214 eodem
2698 5158 2946 5220 Platone.
2971 5157 3115 5227 apud
3142 5172 3307 5227 quem
3335 5159 3464 5220 ista,
3488 5156 3571 5213 διὰ

1986 5228 2049 5283 τὸ
2079 5231 2231 5282 ποῖον
2274 5229 2338 5300 δή
2376 5227 2611 5295 Socrati,
2663 5244 2787 5298 quze
2820 5238 3162 5300 sequuntur,
3204 5227 3409 5299 hospiti
3449 5243 3569 5284 cum

1985 5314 2053 5355 eo
2078 5300 2378 5370 disputanti
2405 5300 2746 5370 tribuuntur.

2058 5369 2136 5442 (2)
2172 5369 2250 5423 Aé
2278 5371 2486 5438 φύσις.
2540 5369 2618 5425 lta
2650 5369 2803 5425 Plato
2828 5378 2882 5425 et
2897 5384 3154 5442 (manusc.
3190 5373 3352 5426 Prior
3378 5377 3563 5431 editio.

1986 5440 2127 5494 inter
2156 5449 2446 5508 utramque
2476 5456 2685 5502 vocem.
2712 5440 2987 5496 inserebat
3018 5440 3154 5495 ὲστί.

2058 5511 2136 5583 (ὃ)
2183 5512 2285 5583 Ὃν
2315 5509 2414 5583 δή.
2446 5511 2544 5582 Γρ.
2571 5521 2626 5566 et
2659 5510 2834 5583 Plato,
2865 5511 2923 5564 ὃν
2954 5511 3033 5565 δέ.
3064 5509 3234 5583 Elige.

2056 5580 2133 5648 (4)
2186 5580 2651 5649 Ἀνακύκλὴσιν.
2718 5580 2940 5638 Ficinus
2999 5580 3179 5635 reddit
3228 5581 3561 5636 circuitum:

1984 5651 2362 5706 reuelationem
2406 5653 2606 5715 malui,
2648 5667 2772 5721 quae
2817 5665 2918 5721 vos
2964 5652 3326 5709 mutationem
3371 5661 3428 5708 et
3480 5665 3563 5706 rc-

1983 5736 2237 5791 gressum
2264 5722 2512 5789 involvit,
2542 5723 2609 5777 de
2640 5720 2752 5793 quo
2781 5722 2852 5778 ibi
2877 5720 3052 5777 Plato.
