3826 6232
175 312 250 366 55
1317 304 1639 361 ΡΒΑΕΡΛΒ.
1682 303 1730 357 Ε

1871 302 1932 358 G.
1976 300 2104 356 LIB.
2149 301 2238 356 XI.

3326 309 3435 365 95‘

137 453 280 521 στῆν
312 448 388 520 (5)
419 446 572 519 παρὰ
600 447 696 501 τοῦ
727 445 1064 519 δημιουργοῦ
1083 463 1100 476 ’
1138 446 1259 500 τοτὲ
1293 446 1340 500 δ’
1371 447 1500 500 ὅταν
1553 444 1730 516 ἀνεθῇη

1871 446 1891 495 l
1940 456 2052 511 quo
2082 450 2264 495 tamen
2301 440 2442 511 ipso,
2491 440 2638 495 aliud
2687 441 2817 511 quid
2873 441 3036 498 modo
3093 443 3219 511 hoc,
3271 446 3438 501 modo

133 542 208 594 δι’
246 533 443 594 ἑαυτοῦ
477 538 555 610 (6)
595 538 758 592 αὑτὸν
816 538 984 603 ἰέναι,
1027 538 1170 592 κατὰ
1223 539 1416 608 καιρὸν
1474 536 1744 606 ἀφεθέντα

134 633 409 698 τοιοῦτον,
431 629 573 684 ῶστε
603 630 872 685 ἀνάπαλιν
898 630 1226 703 πορεύεσθαι
1254 628 1456 694 πολλὰς
1481 629 1744 700 περιόδων

140 725 442 796 μυριάδας,
482 724 570 776 διὰ
624 723 706 788 τὺ,
739 724 1012 795 Γμέγιστον
1054 724 1114 776 ὃν
1149 725 1244 776 καὶ
1285 721 1742 794 ίσορῤοπὼτατον,

135 818 238 869 ἐπὶ
288 816 656 888 σμικροτάτου
716 813 898 885 βαῖνον
964 815 1125 880 ποδὸς
1189 816 1343 869 ἱέναι.
1373 843 1446 855 --
1490 816 1744 869 Φαίνεται

134 905 276 972 γοῦν
338 905 404 979 δὴ
448 906 544 958 καὶ
593 904 828 976 μάλιστα
862 905 1089 969 εἰκότως
1142 905 1394 977 εἰρῆσθαι
1445 906 1619 960 πάντα
1643 907 1744 959 ὃσα

133 997 486 1069 διελήλυθας.
514 1029 585 1040 --
627 999 991 1070 Λογισάμενοι
1045 997 1123 1069 (7)
1172 997 1230 1051 δὲ
1265 997 1647 1070 ξυννοήσωμεν
1683 998 1744 1052 τὺ

135 1089 320 1154 πάθος
352 1093 418 1144 ὲκ
452 1089 560 1143 τῶν
590 1090 684 1144 νῦν
713 1091 1032 1161 λεχθέντων,
1060 1089 1089 1142 ὃ
1125 1088 1344 1143 πάντων
1368 1087 1580 1160 ἔφαμεν
1605 1084 1743 1143 εἶναι

133 1183 252 1236 τῶν
282 1183 615 1256 θαυμαστῶν
666 1184 861 1239 αἴτιον.
893 1184 1053 1237 Ἔστι
1087 1183 1196 1252 γὰρ
1219 1179 1313 1236 οὖν
1336 1181 1401 1254 δὴ
1421 1182 1566 1235 τοῦτ’
1589 1183 1740 1236 αὑτό.

131 1309 209 1319 ——
241 1279 316 1331 Τὸ
351 1280 532 1342 ποῖον;
556 1277 714 1330 -Τδ
745 1277 845 1348 τὴν
897 1275 992 1330 τοῦ
1038 1275 1238 1340 παντὸς
1277 1276 1449 1347 φορὰν
1493 1275 1616 1329 τοτὲ
1647 1275 1744 1346 μὲν

132 1370 227 1438 ἐφ’
261 1369 298 1424 ἂ
342 1369 436 1422 νῦν
469 1369 749 1423 κυκλεῖται
782 1368 1066 1438 φέρεσθαι,
1098 1369 1220 1421 τοτὲ
1261 1368 1307 1422 δ’
1344 1367 1436 1421 ἐπὶ
1461 1368 1740 1420 τάναντία.

132 1490 209 1502 --
237 1460 364 1524 Πῶς
385 1461 493 1532 ﬁt};
528 1490 599 1500 —-
641 1459 858 1528 Ταύτην
889 1460 987 1530 τὴν
1045 1457 1345 1530 μεταϐολὴν
1377 1457 1629 1530 ἡγεῖσθαι
1663 1456 1746 1509 δεῖ

133 1550 254 1603 τῶν
313 1550 447 1621 περὶ
495 1549 588 1602 τὸν
653 1549 879 1620 οὐρανὸν
935 1549 1236 1619 γινομένων
1287 1549 1502 1620 τροπῶν
1551 1547 1743 1602 πασῶν

133 1641 284 1695 εἶναι
317 1643 580 1713 μεγίστην
614 1641 708 1694 καὶ
741 1639 1085 1709 τελειοτάτην
1114 1639 1342 1710 τροπήν.
1371 1637 1555 1690 Ἔοικε
1589 1635 1739 1705 γοῦν.

129 1761 206 1772 --
234 1731 519 1799 Μεγίστας
565 1731 748 1784 τοίνυν
802 1727 1105 1800 μεταϐολὰς
1143 1727 1250 1798 χρὴ
1279 1725 1521 1797 νομίζειν
1558 1726 1743 1796 γίγνε-

135 1825 270 1878 σθαι
323 1824 449 1876 τότε
504 1825 617 1888 τοῖς
669 1822 820 1885 ἐντὸς
865 1823 997 1893 ἡμῖν
1039 1819 1280 1874 οἰκοῦσιν
1311 1818 1500 1872 αὑτοῦ.
1537 1820 1739 1874 -Καὶ
1770 1802 1814 1861 Β

130 1916 286 1972 τοῦτ’
323 1916 491 1980 εἰκός.
529 1947 596 1957 —-
624 1913 943 1977 Μεταϐολὰς
970 1912 1028 1966 δέ
1073 1929 1138 1980 γε
1170 1912 1371 1975 πολλὰς
1410 1911 1445 1984 ἢ
1495 1911 1737 1982 μεγάλας

131 2013 237 2065 καὶ
294 2010 555 2073 παντοίας
595 2007 1019 2080 ξυμφερομένας
1060 2002 1149 2076 ἆρ’
1182 2006 1284 2059 ούκ
1319 2007 1476 2076 ἴσμεν
1505 2004 1600 2076 τὴν
1630 2003 1738 2058 τῶν

132 2101 300 2167 ζώων
325 2099 486 2170 φύσιν
518 2101 600 2154 ὅτι
635 2098 886 2170 χαλεπῶς
913 2097 1199 2168 ἀνέχεται;
1228 2095 1354 2160 Πῶς
1387 2095 1432 2148 δ’
1479 2095 1578 2161 ού;
1607 2094 1740 2148 Φθο-

135 2195 234 2266 ραὶ
263 2192 445 2247 τοίνυν
474 2193 532 2258 ἐξ
562 2191 808 2260 ἀνάγκης
827 2190 949 2242 τότε
971 2190 1224 2260 μέγισται
1250 2187 1606 2259 συμϐαίνουσι
1631 2187 1738 2241 τῶν

131 2305 195 2340 τε
235 2285 417 2342 ἄλλων
447 2283 621 2350 ζώων,
657 2283 752 2336 κα)⁸
782 2283 846 2354 δὴ
886 2282 979 2335 καὶ
1007 2281 1069 2334 τὸ
1101 2280 1208 2334 τῶν
1240 2279 1544 2351 ἀνθρώπων
1585 2281 1742 2350 γένος

131 2379 324 2447 ὀλίγον
382 2394 436 2430 τι
490 2375 887 2447 περιλείπεται.
927 2373 1064 2444 Περὶ
1115 2373 1173 2426 δὲ
1229 2371 1474 2438 τούτους,
1502 2371 1636 2425 ἄλλα
1678 2388 1738 2424 τε

1845 536 2125 591 contrario
2157 547 2308 589 motu
2341 535 2557 604 agitari,
2582 535 2673 590 fas
2703 536 2892 606 utique
2925 551 3035 591 non
3079 537 3265 592 fuerit.
3299 537 3440 606 Qui-

1845 625 1950 680 bus
1994 639 2061 679 ex
2107 625 2364 680 omnibus
2413 626 2518 680 hoc
2562 627 2782 681 tandem
2835 627 3087 696 efﬁcitur,
3140 638 3203 685 ut
3256 646 3438 702 neque

1846 717 2087 786 seipsum
2137 725 2404 787 perpetuo
2453 727 2740 774 convertat
2787 704 3055 786 mundus,
3108 738 3284 793 neque
3335 725 3437 778 abs

1849 808 1961 863 Deo
2032 818 2182 864 totus
2241 811 2446 877 duplici
2504 827 2678 882 eaque
2738 815 3014 868 contraria
3077 818 3439 872 conversione

1846 914 2174 958 moveatur:
2212 919 2390 973 neque
2421 903 2520 960 abs
2548 905 2656 960 diis
2705 906 2872 960 etiam
2922 907 3160 972 duobus,
3202 909 3297 979 qui
3339 925 3440 964 vo-

1845 1001 2055 1054 luntate
2103 1015 2167 1054 ac
2202 1014 2369 1054 sensu
2424 999 2563 1053 alter
2587 999 2664 1053 ab
2721 1001 2893 1055 altero
2928 1002 3254 1067 dissideant,
3307 1004 3440 1060 hinc

1849 1091 2109 1160 illincque
2142 1099 2485 1161 torqueatur.
2530 1091 2636 1146 Sed
2671 1094 2877 1162 potius,
2909 1097 3056 1164 quod
3079 1095 3308 1164 jamjam
3354 1095 3440 1150 di-

1846 1188 2095 1252 cebatur,
2125 1187 2384 1258 quodque
2411 1187 2684 1257 reliquum
2736 1204 2905 1242 unum
2945 1201 3050 1252 est,
3083 1198 3143 1244 ut
3174 1192 3338 1245 modo
3368 1192 3438 1246 ab

1845 1280 1955 1334 alio
1991 1291 2236 1351 regatur,
2273 1295 2449 1350 coque
2483 1280 2750 1335 diviniore
2796 1282 3084 1352 principio,
3119 1299 3430 1354 novamque

1846 1387 2040 1427 rursus
2069 1373 2240 1426 vitam
2268 1379 2655 1441 consequatur,
2689 1387 2753 1427 ac
2781 1374 3015 1429 subinde
3067 1376 3434 1432 instauratam

1845 1479 1876 1519 a
1906 1463 2201 1520 Conditore
2253 1465 2717 1520 immortalitatem
2765 1467 3037 1537 accipiat:
3071 1471 3236 1524 modo
3261 1485 3392 1526 vero
3419 1512 3434 1536 ,

1845 1571 1970 1610 cum
2020 1557 2246 1612 relictus
2299 1557 2403 1612 sibi
2454 1556 2640 1620 fuerit,
2693 1572 2792 1626 per
2840 1574 2962 1614 sese
3009 1559 3223 1616 feratur
3281 1563 3434 1632 ipse.

1844 1649 2048 1719 quippe
2080 1649 2174 1719 qui
2223 1665 2291 1704 eo
2324 1659 2438 1704 tum
2483 1652 2593 1704 line
2635 1650 2738 1706 sibi
2772 1653 3142 1721 permittatur,
3176 1662 3234 1708 ut
3263 1656 3434 1710 multa

1845 1741 2272 1793 conversionum
2306 1740 2472 1794 millia
2509 1737 2732 1811 proprio
2761 1756 2913 1798 motu
2951 1754 3182 1812 retexat,
3221 1762 3347 1801 cum
3380 1757 3438 1803 et

1843 1829 1988 1884 mole
2021 1832 2272 1900 corporis
2301 1832 2564 1896 maxima,
2595 1841 2648 1886 et
2675 1834 2896 1900 paribus
2925 1836 3220 1892 admodum
3249 1855 3436 1909 aequa-

1842 1920 2099 1992 libusque
2144 1924 2460 1986 momentis,
2492 1932 2548 1976 et
2597 1924 2826 1980 minimo
2861 1943 3025 1997 super
3075 1931 3300 1986 cardine
3347 1948 3436 1986 ra-

1843 2013 2045 2081 piatur.
2085 2011 2261 2069 Habet
2293 2031 2424 2069 vero
2452 2016 2723 2086 quidquid
2751 2019 2935 2075 adhuc
2981 2019 3080 2076 abs
3128 2029 3182 2076 te
3225 2024 3434 2079 dictum

1841 2114 1946 2170 est,
1983 2105 2222 2174 speciem
2253 2107 2659 2177 probabilitatis
2687 2112 3006 2166 maximam.
3034 2112 3143 2170 Nos
3171 2115 3335 2184 igitur
3367 2134 3435 2172 ex

1843 2194 1914 2250 iis
1945 2210 2068 2264 qua:
2099 2196 2376 2266 disputata
2427 2209 2575 2265 sunt,
2613 2216 2801 2255 casum
2852 2203 3028 2271 illum,
3060 2221 3225 2275 quam
3259 2207 3436 2261 admi-

1844 2285 2106 2341 rabilium
2157 2289 2407 2344 omnium
2461 2306 2684 2346 causam
2730 2308 2853 2348 esse
2885 2294 3157 2361 diximus,
3207 2299 3434 2354 ratioci-

1844 2381 2027 2433 nando
2061 2380 2409 2451 colligamus.
2441 2380 2535 2438 llle
2573 2385 2846 2456 siquidem
2879 2386 2997 2456 ipse
3029 2399 3132 2444 est.
3169 2389 3307 2457 Quis
3343 2392 3436 2446 ille

131 2470 450 2542 παθήματα
483 2467 672 2532 πολλὰ,
708 2466 802 2520 καὶ
835 2465 1180 2538 θαυμαστὰη,
1203 2464 1296 2518 καὶ⁹
1335 2464 1498 2518 καινὰ
1539 2463 1730 2535 ξυμπί-

1871 2472 2063 2527 andem
2089 2474 2112 2526 ?
2145 2473 2307 2540 Quod
2338 2477 2601 2532 nimirum
2630 2479 2872 2534 universi
2904 2491 3108 2547 motus,
3142 2500 3289 2540 nunc
3313 2499 3435 2540 eam

130 2579 300 2617 πτειο
345 2562 598 2633 μέγιστον
622 2560 679 2614 δὲ
710 2559 827 2612 τόδε
854 2559 948 2612 καὶ
979 2557 1340 2628 ξυνεπόμενον
1376 2560 1443 2627 τῇ
1471 2555 1566 2610 τοῦ
1597 2573 1730 2610 παν-

1871 2581 1896 2617 n
1928 2573 2136 2634 partem
2173 2582 2279 2636 qua
2306 2568 2564 2634 volvitur,
2589 2586 2737 2624 nunc.
2763 2571 2817 2625 in
2849 2575 3179 2628 contrariam
3202 2575 3433 2633 feratur.

127 2655 228 2718 τδς
274 2652 509 2719 ἀνελίξει
540 2652 684 2714 τότε,
729 2651 858 2705 ὅταν
888 2653 922 2722 ἡ
955 2650 1057 2720 τῆς
1091 2648 1186 2702 νῦν
1233 2649 1635 2720 καθεστηκυίας
1660 2649 1730 2722 (8)

1871 2654 1958 2708 Zur
1983 2666 2166 2712 autem
2203 2659 2226 2712 ?
2265 2659 2418 2716 Hanc
2443 2661 2590 2716 enim
2621 2665 3007 2729 mutationem,
3035 2668 3281 2721 omnium
3313 2683 3438 2738 quae

125 2745 367 2800 ἐναντία
414 2746 667 2815 γίγνηται
710 2744 910 2815 τροπή.
953 2761 971 2794 ›
1004 2741 1227 2805 Τούτοις
1278 2742 1484 2796 ἅπασιν
1531 2740 1730 2806 ὑποϐὰς

1871 2763 1901 2800 n
1929 2749 2070 2802 coelo
2095 2751 2439 2821 contingunt,
2467 2756 2763 2808 maximam
2789 2756 2975 2810 haberi
3007 2772 3106 2826 par
3133 2766 3238 2824 est,
3271 2768 3437 2828 atque

121 2839 272 2910 ἑξῆς
324 2839 456 2908 περὶ
520 2836 622 2909 τῆς
675 2836 783 2890 τῶν
849 2835 1314 2905 τετελευτηκότων
1367 2831 1730 2898 ἁναϐιώσεως¹

1871 2839 2336 2899 ιὺεοιυιὶεείιιιδῐη.
2369 2843 2609 2914 Equum
2644 2846 2694 2900 id
2725 2848 2973 2916 quidem.
3003 2848 3068 2902 Et
3097 2863 3198 2904 nos
3216 2864 3438 2920 quoque

121 2932 345 3004 ὁμοίως
357 2933 478 2994 ταῖς
492 2929 759 3002 Ἑϐραίων
778 2925 956 2992 δόξαις
972 2926 1121 2981 κινού
1130 2925 1466 2996 μενος,ταῦτ’
1479 2924 1730 2994 ἐπιλέγει

1871 2948 2067 2999 ιωηεε,
2101 2936 2198 3005 qui
2233 2937 2354 3007 ejus
2386 2939 2597 2992 ambitu
2629 2939 2823 2994 inclusi
2861 2941 3228 3007 continemur,
3256 2944 3438 2996 maxi-

121 3042 260 3082 mas
293 3035 410 3080 tum
443 3025 775 3079 mutationes
801 3023 984 3078 subire
1007 3038 1106 3093 par
1124 3034 1227 3078 est.
1247 3021 1357 3077 Nec
1375 3021 1555 3076 minus
1581 3022 1683 3076 hoc
1707 3023 2021 3083 verisimile.
2039 3027 2180 3084 Num
2206 3040 2390 3087 autem
2414 3033 2712 3088 obscurum
2735 3034 2896 3088 nobis
2919 3035 3296 3103 est.ejusmodi
3317 3039 3437 3092 ani-

123 3120 414 3174 mantium
434 3133 556 3175 esse
577 3125 981 3187 naturam,quae
1004 3117 1338 3172 mutationes
1361 3117 1944 3190 crebras,easdemque
1961 3139 2186 3196 magnas
2204 3127 2360 3199 561
2382 3130 2673 3199 omnisque
2689 3130 2853 3185 simul
2879 3131 3095 3200 generis
3118 3132 3437 3189 incumben-

139 3226 226 3272 tes
256 3231 406 3287 agre
421 3214 723 3271 sustineat?
741 3213 845 3281 Qui
862 3213 1080 3269 tandem
1100 3213 1399 3269 obscurum
1421 3211 1474 3266 id
1495 3227 1616 3268 esse
1638 3215 1810 3282 possit
1825 3215 1998 3274 ‘ITum
2021 3220 2184 3292 igitur
2205 3233 2260 3278 et
2281 3225 2446 3279 exitia
2465 3233 2785 3279 caeterorum
2809 3226 3171 3280 animantium
3199 3227 3436 3282 maxima

123 3321 559 3380 consequantur
609 3325 835 3366 necesse
878 3317 982 3374 est,
1038 3317 1094 3363 et
1141 3307 1428 3362 hominum
1482 3308 1725 3377 ipsorum
1765 3312 1997 3384 exiguus
2051 3318 2346 3373 admodum
2393 3335 2660 3375 numerus
2697 3321 3060 3390 relinquatur.
3105 3320 3172 3375 Et
3211 3322 3435 3393 quidem

127 3404 282 3474 ipsis
310 3419 440 3459 cum
466 3403 558 3458 alii
577 3403 824 3474 plerique
863 3398 1284 3456 extraordinarii
1347 3400 1586 3468 novique
1637 3413 1798 3456 casus
1836 3407 2116 3476 eveniunt,
2149 3419 2265 3464 tum
2297 3409 2344 3464 is
2374 3412 2623 3466 omnium
2656 3411 2833 3481 .longe
2864 3413 3158 3477 maximus,
3189 3428 3254 3467 ac
3278 3428 3435 3468 revo-

127 3495 382 3550 lutionis
446 3495 690 3550 universi
731 3508 936 3560 comes,
983 3507 1108 3547 cum
1155 3498 1311 3546 stata:
1353 3489 1483 3545 huic
1528 3499 1582 3544 et
1615 3491 1946 3561 quotidiana
2002 3501 2349 3556 conversioni
2399 3503 2644 3572 opposita
2685 3503 2994 3572 contigerit.
3034 3523 3052 3555 ι
3084 3504 3232 3559 Idem
3266 3504 3431 3562 paulo

127 3600 288 3661 post,
343 3587 413 3643 de
462 3588 863 3644 resurrectione
910 3595 1280 3653 mortuorum,
1330 3583 1584 3640 similiter
1631 3582 1983 3646 Hebrteorum
2015 3609 2082 3648 ex
2114 3609 2280 3650 sensu
2309 3597 2414 3650 ista
2447 3596 2754 3666 sulijungit.

664 3681 1063 3734 ΚΕΦΑΛΑΙΟΝ
1105 3677 1228 3734 Al".

128 3753 286 3821 "apt
331 3767 448 3818 της
494 3749 614 3804 τῶν
643 3753 1154 3839 τετελεῃτηξιότων
1182 3747 1581 3818 ἀναϐιώσεως,
1619 3750 1738 3805 ἀπὸ

767 3838 873 3875 του
904 3838 1017 3876 αυτ
1019 3838 1112 3874 ου.

213 3935 239 3967 e
283 3913 505 3976 Γένεσις
530 3913 586 3967 δὲ
610 3912 684 3984 (9)
704 3913 788 3977 τίς
815 3912 922 3966 τότ’
954 3906 1102 3984 ἦν,ὧ
1122 3911 1260 3979 ξένε,
1291 3911 1464 3977 ζώων,
1494 3912 1588 3966 καὶ
1619 3911 1739 3965 τίνα

129 4007 352 4080 τρόπον
393 4005 455 4070 ἐξ
486 4005 730 4078 ἀλλήλων
768 4004 1095 4074 ὲγεννῶντο;
1125 4005 1315 4076 Δῆλον,
1350 3998 1395 4057 ὦ
1427 4002 1739 4075 Σώκρατες,

2407 3690 2633 3746 CAPUT
2664 3689 2906 3745 XXXIII.

2021 3759 2099 3815 De
2126 3763 2506 3816 resurrectione
2533 3771 2886 3828 mortuorum,
2917 3777 2982 3814 ea:
3016 3760 3218 3815 eodem.

1927 3935 1944 3965 ι
1971 3912 2110 3968 Tum
2129 3931 2282 3982 vero,
2312 3916 2387 3969 mi
2418 3915 2640 3985 hospes,
2666 3915 2864 3984 inquit,
2885 3914 3244 3969 animantium
3277 3925 3434 3974 orttts

1842 4007 1936 4077 qui
1977 4008 2194 4060 tandem
2227 4007 2390 4062 erat?
2421 4016 2512 4061 aut
2547 4007 3011 4077 quemadmodum
3059 4023 3125 4061 ex
3170 4007 3294 4062 aliis
3339 4009 3432 4062 alii

127 4103 219 4155 ὅτι
249 4097 315 4150 τὺ
349 4097 448 4168 μὲν
477 4097 588 4172 (10)
619 4098 678 4164 ἐξ
706 4097 949 4169 ἀλλήλων
988 4097 1088 4151 ούκ
1125 4092 1193 4168 ἦν
1222 4098 1279 4151 ὲν
1312 4100 1379 4169 τῇ
1419 4096 1542 4150 τότε
1579 4095 1730 4166 φύσει

1871 4099 2251 4170 ;ignebantur?
2284 4098 2577 4154 Enimvero
2608 4099 2798 4168 liquet,
2834 4113 2867 4152 ο
2922 4099 3200 4165 Socrates,
3232 4115 3298 4155 eo
3327 4117 3430 4155 na-

127 4189 490 4261 γεννὼμενον
511 4207 525 4221 °
573 4191 634 4244 τὸ
661 4190 719 4243 δὲ
747 4190 978 4261 γηγενὲς
1002 4189 1114 4261 (ll)
1139 4187 1277 4244 εἷναί
1316 4206 1447 4242 ποτε
1468 4189 1623 4258 γένος
1650 4187 1730 4240 λε‹

1871 4203 1982 4243 urze
2027 4201 2194 4255 statu,
2242 4189 2346 4242 alia
2381 4204 2448 4242 ex
2494 4189 2615 4242 aliis
2651 4188 2832 4258 genita
2877 4187 3048 4243 fuisse
3095 4191 3244 4244 nulla
3282 4208 3297 4255 ;
3335 4191 3430 4245 sed

128 4286 294 4358 χθὲν,
327 4284 476 4338 τοῦτ’
521 4279 590 4356 ἦν
636 4283 698 4337 τὸ
731 4285 847 4337 κατ’
881 4284 1087 4336 ἐκεῖνον
1126 4283 1216 4336 τὸν
1259 4281 1472 4354 χρόνον,
1520 4282 1585 4334 ὲκ
1633 4281 1730 4352 γῆς

1871 4299 1956 4336 um
1977 4281 2107 4337 ii'lud
2128 4281 2298 4337 fuisse
2321 4297 2515 4353 genus,
2533 4282 2679 4351 quod
2700 4296 2768 4336 ex
2787 4296 2931 4336 terra
2958 4283 3232 4352 quondam
3251 4294 3430 4338 satum

128 4378 308 4433 πάλιν
347 4375 840 4445 ἀναστρεφόμενον.
879 4373 1386 4444 Ἀπεμνημονεύετο
1417 4370 1474 4424 δὲ
1503 4369 1608 4424 ὑπὸ
1628 4369 1735 4423 τῶν

111 4466 436 4544 ’ἡμετέρων
473 4467 752 4540 προγόνων
781 4465 888 4519 τῶν
922 4464 1174 4538 πρώτων,
1207 4465 1255 4518 οἳ
1283 4463 1590 4536 τελευτώσῃ
1622 4461 1732 4533 (12)

135 4565 248 4636 μὲν
283 4565 355 4635 τῇ
403 4573 430 4602 ⁸
463 4559 752 4631 τελευταίᾳ
783 4558 895 4630 (15)
951 4559 1224 4629 περιφορᾷ
1266 4557 1357 4610 τὸν
1391 4554 1518 4626 ἑξῆς
1547 4555 1736 4627 χρόνον

131 4653 482 4724 ὲγειτόνουν,
513 4649 676 4722 τῆσδε
705 4649 762 4703 δὲ
787 4649 905 4702 κατ’
927 4647 1100 4718 ἀρχὰς
1118 4647 1360 4717 ἐφύοντο.
1381 4645 1595 4698 Τούτων
1625 4644 1734 4715 γὰρ

128 4763 291 4801 ουτοι
337 4744 580 4815 κήρυκες
610 4739 838 4810 ὲγίνονθ⁹
867 4740 1000 4809 ἡμῖν
1030 4737 1138 4792 τῶν
1171 4738 1367 4806 λόγων,
1403 4736 1452 4790 οἶ
1487 4735 1580 4788 νῦν
1629 4735 1734 4788 ὑπὸ

211 4873 240 4902 ο
274 4859 372 4914 ΡΙ.
411 4857 678 4929 προτέρα.

209 4952 295 5024 (5)
334 4948 858 5024 ΑἘπισκευαστήτ.
885 4945 1128 5024 Ficinus,
1160 4951 1540 5024 preparatam.
1592 4939 1726 5010 Ego,

129 5014 385 5093 subinde;
409 5014 792 5093 instauratum.
813 5018 872 5093 In
899 5032 966 5093 eo
993 5017 1136 5072 enim
1165 5014 1320 5068 Plato
1344 5022 1447 5074 est,
1480 5021 1542 5093 ut
1570 5026 1732 5093 mun-

132 5097 280 5149 dum
319 5091 428 5147 sibi
476 5091 807 5164 permissum
831 5091 1086 5164 deﬁcere,
1117 5097 1182 5164 ac
1214 5083 1608 5164 propemodum
1649 5083 1734 5161 in:-

133 5166 352 5227 terire,
385 5156 510 5216 moi
547 5162 816 5215 diviniore
849 5163 1014 5213 manu
1041 5156 1731 5227 gubernatu_r_n_instau_rari

131 5222 358 5295 denuo,
402 5241 458 5307 et
500 5232 658 5300 quasi
712 5222 1289 5307 reviviscere'doceat.
1339 5222 1513 5307 Habet
1565 5222 1734 5307 igitur

131 5293 639 5363 immortalitatem,
670 5317 778 5355 non
808 5298 1054 5364 αὐτόθεν,
1090 5306 1185 5352 aut
1211 5295 1439 5367 ἔχουσαν
1454 5293 1732 5367 ⁸ὡσαύτως

127 5378 229 5430 ἀει
257 5415 273 5440 ,
311 5373 408 5429 sed
437 5362 841 5442 ἐπισκευαστήν
862 5411 877 5436 ,
907 5362 1296 5440 συκέυῦἱηιίε
1324 5362 1732 5436 quodammodo

132 5446 443 5501 sarciatnr.

213 5516 300 5585 (6)
340 5513 423 5567 Δι’
467 5510 708 5568 ἑαυτοῦ.
760 5511 1016 5578 Rectius,
1053 5523 1218 5579 quam
1255 5514 1318 5561 ut
1368 5505 1423 5560 in
1469 5503 1729 5566 Platone,

132 5587 718 5726 ἑαῗξῗϊίοτισάμενοι
739 5652 1044 5726 (SenMelius
1067 5650 1239 5716 Plato,
1269 5647 1617 5726 λογισάμενοι

211 5719 299 5799 (8)
321 5719 795 5799 Καθεσιξηκνίας.
833 5723 908 5778 lla
941 5723 1096 5799 Plato
1119 5731 1174 5776 et
1202 5737 1292 5799 γρ.
1333 5719 1532 5776 Euseb.
1561 5725 1726 5772 recte.

131 5792 444 5870 Perpenna
467 5792 611 5852 enim
639 5797 919 5868 legebatur
943 5792 1336 5863 καθεστηκυῖα.

1841 4388 1966 4429 esse
2031 4372 2395 4444 perhibetur,
2451 4373 2698 4443 ejusdem
2741 4387 2809 4426 ex
2835 4383 2993 4428 terra:
3052 4375 3175 4428 sinu
3235 4391 3431 4430 rursus

1845 4466 2096 4523 eﬂ'usum.
2131 4465 2285 4533 Quod
2311 4466 2532 4537 quidem
2563 4465 2837 4536 principes
2868 4465 2945 4518 illi
2978 4467 3218 4536 majores
3253 4469 3428 4522 nostri

1843 4567 2391 4621 commemorarunt;
2427 4559 2520 4628 qui
2552 4573 2676 4612 cum
2714 4559 2817 4612 sub
2845 4560 3220 4615 conversionis
3264 4560 3430 4629 hujus

1844 4649 1998 4704 initia
2049 4648 2155 4704 sati
2219 4655 2448 4714 essent,
2503 4654 2748 4714 tempore
2798 4645 3048 4714 proxime
3094 4656 3427 4716 postremam

1843 4741 1991 4796 illam
2026 4741 2331 4812 excipiente
2368 4739 2643 4793 vixerunt.
2673 4735 2885 4806 Quippe
2931 4737 3098 4791 huius
3125 4737 3246 4792 illos
3271 4735 3430 4790 famae

1913 4929 1990 4997 (9)
2057 4928 2308 4993 Γένεσις
2361 4923 2467 4997 δέέν
2512 4923 2798 4997 Platonem
2850 4920 3078 4976 consule
3129 4921 3186 4975 in
3239 4919 3426 4974 eodem

1842 4994 2096 5061 Politico,
2125 4997 2384 5071 pag._l75_
2414 4994 2666 5071 Ficini.__
2706 5065 2720 5071 _
2863 5062 2873 5071 _
3311 5059 3322 5071 ,
3360 5059 3371 5071 ,

1912 5072 2026 5141 (lt);
2067 5059 2282 5141 '0'“fo
2307 5065 2451 5141 μέῃ
2475 5076 2579 5120 etc.
2607 5065 2832 5141 Ficinns
2862 5062 2935 5114 ita
2965 5063 3148 5126 vertit,
3181 5059 3322 5141 quod
3353 5059 3427 5141 it-

1841 5130 1928 5194 lt's‘
1960 5130 2280 5211 temporibus
2307 5130 2451 5192 nihil
2485 5152 2646 5206 genus
2689 5137 2787 5188 hac
2818 5148 2882 5187 ex
2917 5148 3025 5186 sese
3059 5130 3426 5201 propagabat,

1839 5227 2052 5284 vereor,
2088 5220 2146 5284 ut
2177 5212 2315 5284 satis
2346 5217 2487 5284 apte;
2704 5278 2743 5284 _-
2914 5278 2924 5284 .
3065 5273 3122 5284 ...
3163 5272 3175 5284 .

1914 5271 2050 5352 (11)’
2070 5281 2139 5348 Τὸ
2162 5280 2232 5352 δὲ
2262 5271 2531 5350 γηγενές,
2559 5286 2663 5352 etc.
2703 5278 2824 5335 Hmc
2857 5278 3018 5352 etiam
3064 5272 3290 5328 Ficinus
3329 5271 3428 5326 ob—

1840 5350 2058 5410 scurius
2089 5371 2104 5404 :
2140 5351 2296 5417 Quod
2333 5358 2507 5402 autem
2542 5350 2762 5414 dicitur,
2797 5350 3106 5420 quandoque
3139 5359 3300 5415 genus
3339 5358 3428 5394 or-

1840 5437 1950 5478 tum
1978 5438 2044 5477 ea:
2079 5432 2220 5475 terra
2254 5422 2439 5491 fuisse,
2461 5420 2558 5473 hoc
2583 5437 2643 5473 ea
2676 5417 2984 5491 tempestate
3015 5417 3117 5486 fuit
3148 5428 3334 5466 rursus
3361 5426 3427 5464 ex

1843 5505 1986 5549 terra
2031 5489 2357 5547 conversum.
2410 5489 2551 5557 Quid
2591 5492 2739 5545 enim
2775 5489 2895 5556 cst,
2948 5502 3141 5543 rursus
3186 5499 3252 5538 ex
3283 5492 3426 5536 terra

1839 5566 2083 5622 converti
2100 5564 2125 5616 ?

1912 5634 2026 5705 (12)
2082 5629 2449 5705 Τελωτώᾳῃ.
2509 5630 2587 5685 lta
2618 5641 2782 5705 recte
2828 5627 2986 5684 Plato
3028 5637 3082 5682 et
3141 5640 3423 5680 manuscr.

1841 5699 2057 5762 Editum
2083 5705 2319 5773 pessime
2350 5702 2528 5773 fuerat
2557 5699 2863 5773 τελευτῶσι.

1911 5777 2023 5850 (l3)
2069 5765 2409 5842 Ῠελευταίᾳ.
2442 5771 2619 5842 Plato,
2650 5772 2911 5843 προτέρα.
2948 5768 3139 5824 Melius
3170 5776 3222 5822 et
3252 5765 3425 5835 signi—
