3826 6232
433 291 544 350 955

1113 291 1385 349 EUSEBII
1426 288 1910 346 CAL'SARIENSIS
1950 287 2101 344 OPP.
2148 288 2333 344 PARS
2373 289 2436 344 Il.
2481 323 2550 332 —
2582 289 3086 346 APOLOGETICA.

3611 292 3713 345 οεςι

431 423 716 480 praecones
751 407 1065 472 habuimus,
1113 407 1200 462 cui
1232 407 1367 462 ﬁdes
1398 406 1580 471 hodie,
1612 416 1818 461 temere
1849 406 2002 461 nimi:

2185 404 2330 458 ιλλῶν
2375 406 2475 459 ούκ
2526 407 2704 476 ὀρθῶς
2754 405 3127 460 ἀπιστοῦνται.
3180 403 3254 457 Τὸ
3289 403 3398 476 γὰρ
3441 403 3713 468 ἐντεῦθεν,

433 518 498 557 ac
537 502 729 556 ieviler
761 517 790 556 a
832 501 1107 570 plerisque
1149 501 1476 556 detrahitur.
1524 497 1661 553 Nam
1692 499 1838 567 quod
1891 499 2018 554 inde

432 608 777 664 Consequens
806 604 910 658 est,
939 593 1044 646 hoc
1075 593 1130 646 in
1163 592 1356 661 primis
1387 591 1624 662 cogitare
1654 607 1754 645 nos
1781 601 2014 660 oportet.

431 687 587 752 Quod
632 685 779 739 enim
822 698 1118 754 puerorum
1163 683 1219 736 in
1253 691 1505 737 naturam
1540 697 1702 737 senes
1756 682 2016 748 redeant,

431 779 562 834 huic
595 791 723 832 vero
760 775 1043 831 cohaerens
1072 783 1128 830 et
1158 773 1317 828 aliine
1345 783 1450 837 est,
1486 781 1548 828 ut
1577 773 1921 828 eX-mortuis
1953 789 2018 829 ac

428 875 574 920 terra
602 863 964 932 consepultis,
995 863 1370 918 coalescentes
1394 863 1575 917 denuo
1599 863 2020 920 reviviscentes-

425 973 534 1024 que
584 958 881 1021 nonnulli,
938 973 1139 1012 novam
1197 956 1615 1012 conversionem
1673 966 2013 1026 sequantur,

426 1063 553 1106 ortu
585 1051 752 1106 simul
784 1050 905 1120 ipso
947 1048 1290 1104 contrarium
1323 1048 1377 1102 in
1405 1049 1594 1103 orbem
1626 1048 1875 1102 revoluto
1901 1066 1914 1101 :
1951 1062 2018 1102 ac

424 1145 674 1215 proinde,
708 1143 855 1215 quod
890 1143 1039 1198 hunc
1075 1143 1129 1196 in
1163 1145 1387 1195 modum
1419 1157 1485 1196 ex
1515 1149 1660 1196 terra
1691 1141 1794 1195 sati
1832 1155 2020 1194 neces-

423 1238 576 1292 sario
607 1237 892 1307 prodeant,
922 1236 1003 1292 sic
1025 1237 1191 1290 etiam
1219 1234 1440 1288 nomine
1465 1233 1629 1288 simul
1659 1242 1713 1287 et
1737 1231 2017 1287 communi

425 1332 711 1386 hominum
731 1347 987 1387 sermone
1005 1331 1644 1401 appellentur,quotquot
1667 1343 1732 1382 ex
1763 1327 1830 1382 iis
1852 1327 2014 1382 aliam

425 1424 482 1478 in
514 1434 714 1480 sortem
744 1423 856 1480 Deo
881 1425 1249 1480 transcribere
1269 1439 1377 1489 non
1402 1423 1626 1492 placuit.
1653 1419 1768 1476 Hoc
1793 1422 2014 1492 quidem

423 1533 490 1571 ex
521 1517 898 1586 superioribus
921 1517 1152 1572 omnino
1177 1516 1445 1586 sequitur.
1479 1513 1659 1576 ilTum
1693 1528 2017 1584 progressus

421 1611 590 1664 etiam
624 1610 875 1676 ulterius,
904 1609 971 1664 de
998 1623 1256 1678 supremo
1286 1606 1477 1662 mundi
1506 1607 1633 1669 ﬁne,
1661 1605 2015 1660 Hebraeorum

423 1699 692 1756 doctrinae
722 1700 941 1771 gemina
973 1699 1412 1769 philosophatur,
1451 1697 1599 1752 hunc
1627 1697 1682 1750 in
1715 1695 1961 1752 modum.

881 1812 1041 1884 562
1071 1810 1302 1865 CAPUT
1328 1809 1572 1864 XXXlV.

858 1905 932 1960 De
960 1921 1204 1972 supremo
1237 1905 1421 1958 mundi
1460 1905 1584 1974 ﬁne.

501 2017 520 2049 ‹
542 1997 904 2068 Posteaquam
937 1998 1081 2051 enim
1112 1999 1342 2052 istorum
1376 1998 1623 2051 omnium
1646 2007 1860 2067 tempus
1883 2011 2014 2052 exa-

423 2097 573 2145 ctum
620 2099 798 2152 esset,
849 2105 974 2143 cum
1025 2089 1248 2144 evenire
1297 2089 1659 2144 mutationem
1711 2101 2009 2158 Oporterct,

419 2183 647 2252 jamque
681 2183 818 2237 adeo
865 2193 1143 2238 terrenum
1194 2198 1366 2254 genus
1401 2183 1718 2236 universum
1766 2183 2012 2237 funditus

425 2273 760 2328 exhaustum
789 2282 936 2328 esset
961 2292 975 2328 :
1010 2275 1212 2344 quippe
1239 2274 1386 2343 quod
1421 2289 1550 2328 suas
1572 2289 1763 2328 omnes
1793 2273 2010 2328 animus

421 2366 656 2436 quilibet
697 2351 1078 2434 generationes
1115 2376 1602 2437 repraesentaverat
1634 2383 1760 2422 cum
1813 2369 1868 2422 in
1903 2376 2013 2422 ter-

422 2473 541 2512 ram
570 2458 834 2527 imperata
858 2457 961 2512 sibi
987 2458 1224 2528 quisque
1251 2457 1463 2513 semina
1493 2456 1869 2528 profudisset:
1893 2467 2009 2512 tum

422 2565 553 2604 vero
582 2550 826 2604 universi
867 2550 1195 2616 Moderator,
1225 2549 1305 2604 sic
1343 2556 1606 2619 tanquam
1651 2550 2011 2620 gubernaculi

423 2643 652 2697 dimisso
685 2643 862 2705 clavo,
900 2657 1024 2697 sese
1055 2642 1315 2712 deinceps
1343 2642 1413 2698 ad
1439 2642 1526 2698 sui
1563 2642 1738 2712 ipsius
1766 2652 2010 2697 contem-

422 2736 725 2806 plationem
762 2737 985 2805 recepit,
1023 2734 1304 2806 latumque
1328 2751 1524 2791 rursus
1556 2735 1830 2805 insitaque
1855 2735 2012 2805 cupi-

417 2829 562 2884 di’as
612 2829 881 2884 mundum
925 2844 1149 2883 versare
1181 2829 1366 2898 cmpit.
1403 2827 1546 2899 Ergo
1572 2828 1755 2883 caeteri
1788 2842 2010 2898 quoque

417 2921 514 2985 dit,
557 2936 776 2977 summo
804 2937 930 2974 cum
958 2919 1196 2975 Numine
1239 2920 1356 2976 suis
1387 2920 1593 2990 quique
1643 2918 1884 2990 praefecti
1922 2933 2009 2972 re-

417 3014 700 3084 gionibus,
749 3014 843 3068 uhi
891 3027 1007 3068 rem
1041 3011 1462 3079 intellexissent,
1509 3022 1696 3082 partes
1745 3011 2008 3067 continuo

2119 492 2296 567 οἶμαι,
2322 496 2428 568 χρὴ
2462 495 2715 561 ξυννοεῖν.
2756 496 3044 568 Ἑχόμενον
3077 495 3174 566 μὲν
3203 494 3313 566 γάρ
3343 497 3459 548 ἐστι
3491 495 3566 564 τῷ
3588 496 3714 558 τοὺς

2121 587 2435 660 πρεσϐύτας
2478 589 2571 642 ἐπὶ
2611 589 2712 661 τὴν
2741 589 2834 642 τοῦ
2871 588 3061 652 παιδὸς
3117 587 3251 641 ἰέναι
3270 587 3454 656 φύσιν,
3496 588 3561 639 ὲκ
3605 588 3716 640 τῶν

2119 680 2580 753 τετελευτηκότων
2602 678 2692 746 αὖ,
2711 682 2978 754 κειμένων
2997 681 3040 735 δ’
3059 684 3117 735 ὲν
3144 684 3238 752 γῇ,
3256 680 3417 734 πάλιν
3443 683 3560 733 ἐκεῖ
3586 697 3714 732 συν-

2122 776 2444 848 ισταμένους
2468 777 2563 831 καὶ
2584 775 3115 847 ἀναόιωσκομένους,
3150 774 3380 835 ἕπεσθαι
3421 777 3490 845 τῇ
3513 777 3712 846 τροπῇ,

2120 865 2700 937 ξυνανακυκλουμένης
2742 869 2822 930 είς
2865 865 3126 921 τάναντία
3158 865 3258 936 τῆς
3282 864 3582 933 γενέσεως·
3619 864 3718 917 καὶ

2119 961 2372 1028 γηγενεῖς
2400 958 2457 1011 δὲ
2487 959 2628 1014 κατά
2647 957 2840 1012 τοῦτον
2875 958 2965 1013 τὸν
2992 959 3192 1030 τρόπον
3222 957 3280 1022 ἐξ
3308 958 3558 1027 ἀνάγκης
3585 973 3716 1026 φυο-

2123 1053 2338 1124 μένους,
2385 1050 2560 1115 οὖτως
2616 1051 2761 1122 ἔχειν
2803 1049 3043 1122 τοῦνομα
3075 1050 3170 1104 καὶ
3205 1051 3296 1103 τὸν
3339 1048 3521 1116 λόγον,
3555 1049 3716 1113 ὅσους

2123 1145 2199 1216 μὴ
2232 1144 2365 1208 Θεὸς
2391 1143 2571 1197 αὐτῶν
2612 1145 2691 1208 εἰς
2719 1143 3116 1216 ἀλληνσμοῖραν
3156 1143 3380 1214 ἐκόμισε
3431 1141 3564 1212 (14).
3610 1144 3719 1196 Κο-

2124 1235 2254 1307 μιδῆ
2283 1237 2379 1306 μὲν
2403 1231 2496 1290 οὖν
2531 1234 2691 1290 τοῦτό
2729 1252 2794 1304 γε
2831 1236 3022 1290 ἕπεται
3049 1237 3160 1300 τοῖς
3191 1234 3521 1306 ἔμπροσθεν.
3559 1253 3578 1286 ι
3600 1229 3715 1286 Εἶτ’

2120 1323 2191 1382 αὖ
2213 1328 2374 1383 πάλιν
2392 1328 2521 1398 ἑξῆς
2541 1327 2768 1401 προῖὼν,
2791 1327 2860 1382 τὰ
2874 1329 3036 1400 ὃμοια
3051 1331 3164 1392 τοῖς
3186 1327 3453 1400 Ἐϐραίων
3476 1327 3717 1396 δόγμασι

2119 1421 2252 1492 περὶ
2286 1421 2387 1492 τῆς
2427 1419 2524 1474 τοῦ
2568 1419 2774 1492 κόσμου
2811 1420 3120 1484 συντελείας
3148 1419 3338 1474 τοῦτον
3363 1418 3588 1486 διέξεισι
3623 1418 3718 1471 τὸν

2118 1511 2342 1583 τρόπον.

2629 1797 3028 1852 ΚΕΦΑΛΑῙΟΝ
3071 1800 3192 1852 ΛΔ’.

2423 1889 2562 1959 Περὶ
2596 1891 2956 1956 συντελείας
2989 1890 3097 1945 τοῦ
3141 1890 3396 1960 κόσμου.

2192 2001 2212 2034 ι
2236 1981 2452 2053 Ἐπειδὴ
2485 1982 2594 2052 (15)
2622 1981 2730 2054 γὰρ
2761 1982 2979 2038 πάντων
3009 1983 3217 2038 τούτων
3245 1982 3439 2054 χρόνος
3470 1981 3715 2036 ἐτελειώ-

2114 2074 2202 2147 θη,
2221 2077 2315 2130 καὶ
2342 2076 2645 2148 μεταϐολὴν
2674 2077 2779 2130 ἔδει
2802 2076 3074 2146 γενέσθαι,
3107 2076 3202 2130 καὶ
3223 2078 3287 2149 δὴ
3311 2078 3408 2132 καὶ
3434 2081 3495 2131 τὸ
3527 2080 3715 2150 γήϊνον

2114 2167 2214 2239 ἤδη
2267 2170 2377 2222 πᾶν
2417 2168 2663 2240 ἀνήλωτο
2689 2169 2864 2238 γένος,
2891 2169 3073 2235 πάσας
3124 2169 3363 2242 ἑκάστης
3396 2172 3497 2242 τῆς
3530 2171 3715 2242 ψυχῆς

2111 2263 2209 2324 τὰς
2227 2262 2473 2329 γενέσεις
2489 2261 2899 2325 ἀποδεδοκυίας,
2917 2262 3120 2316 καὶόσα
3147 2257 3214 2333 ἦν
3245 2263 3450 2335 ἑκάστῃ
3469 2280 3717 2336 προσαχ-

2114 2351 2280 2406 θέντα
2299 2352 2435 2424 (l6),
2453 2353 2690 2407 τοσαῦτα
2711 2354 2791 2416 εἰς
2810 2354 2914 2424 γῆν
2940 2353 3234 2424 σπέρματα
3277 2353 3552 2425 πεσούσης
3570 2355 3710 2424 (17)·

2112 2442 2233 2494 τότε
2277 2442 2342 2512 δὴ
2374 2441 2470 2494 τοῦ
2505 2443 2706 2506 παντὸς
2732 2443 2762 2496 ό
2796 2443 2887 2513 μὲκ
2917 2443 3280 2514 κυόερνήτης,
3303 2438 3392 2496 οἷα
3434 2443 3718 2513 πηδαλίων

2113 2531 2300 2596 οἴακος
2331 2533 2626 2604 ἀφέμενος,
2666 2535 2745 2597 είς
2796 2534 2896 2605 τὴν
2934 2533 3100 2586 αὐτοῦ
3143 2535 3429 2606 περιωπήν
3459 2535 3677 2605 ἀπέστη
3700 2553 3714 2564 ·

2111 2623 2200 2677 τὸν
2231 2624 2287 2678 δὲ
2311 2623 2377 2695 δὴ
2405 2625 2609 2695 κόσμον
2639 2625 2801 2679 πάλιν
2830 2624 3160 2695 ἀνέστρεφεν
3187 2626 3497 2699 εἱμαρμένη
3533 2644 3593 2680 τε
3622 2629 3719 2681 καὶ

2112 2715 2392 2788 ξύμφυτος
2419 2716 2704 2787 ἐπιθυμία.
2733 2717 2944 2781 Πάντες
2969 2711 3062 2771 οὖν
3087 2719 3137 2771 οἱ
3160 2717 3302 2772 κατὰ
3328 2720 3497 2784 τοὺςιι
3515 2719 3721 2784 τόπους

2114 2805 2470 2880 ξυνάρχοντες
2499 2809 2578 2880 τῷ
2611 2810 2853 2880 μεγίστῳ
2873 2809 3088 2881 δαίμονι
3111 2809 3245 2874 θεοὶ,
3278 2811 3500 2880 γνόντες
3523 2811 3629 2884 ήδη
3653 2812 3717 2865 τὸ

2111 2903 2452 2974 γιγνόμενον,
2501 2902 2736 2972 ἀφίεσαν
2791 2897 2858 2956 αὖ
2919 2901 2989 2955 τά
3044 2901 3186 2973 μέρη
3233 2899 3331 2954 τοῦ
3375 2901 3585 2972 κόσμου
3613 2902 3718 2972 τῆς

2111 2995 2293 3050 αὐτῶν
2328 2995 2668 3067 ἐπιμελείας.
2715 2998 2776 3048 '0
2799 2995 2878 3059 δὲ,
2917 2993 3428 3068 μεταστρεφόμενος
3450 2994 3545 3048 καὶ
3575 2992 3718 3066 ξυμ-

426 3121 576 3162 curae
631 3121 747 3162 suae
813 3105 1053 3160 creditas
1106 3105 1468 3174 reliquerunt.
1528 3103 1718 3174 Itaque
1767 3104 2002 3159 mundus

2185 3089 2355 3156 λλων,
2397 3089 2573 3162 ἀρχῆς
2634 3105 2695 3142 τε
2755 3087 2851 3142 καὶ
2919 3087 3175 3157 τελευτῆς
3235 3086 3487 3141 ἐναντίαν
3532 3087 3715 3158 ὁρμὴν

419 3215 562 3253 nova
594 3214 782 3254 secum
810 3199 927 3267 ipse
955 3195 1314 3251 conversione
1337 3204 1755 3260 concurrens,et
1780 3203 2004 3250 contra-

417 3293 505 3348 rio
541 3291 798 3361 principii
828 3290 993 3345 simul
1025 3303 1090 3344 ac
1128 3289 1254 3342 linis
1302 3288 1506 3357 impetu
1539 3287 1800 3356 agitatus,
1844 3286 2007 3341 vehe-

418 3383 692 3438 mentiore
717 3383 802 3437 sui
830 3383 1007 3452 ipsius
1029 3382 1416 3442 concussione,
1441 3379 1606 3434 aliam
1629 3377 1808 3433 denuo
1825 3379 2006 3447 generi

418 3475 781 3530 animantium
814 3475 964 3530 omni
987 3483 1196 3545 pestem
1221 3464 1445 3527 creavit.
1479 3469 1628 3536 lnde,
1652 3469 1804 3539 justo
1825 3469 2010 3538 aliquo

418 3567 682 3638 temporis
714 3565 1022 3631 intervallo,
1053 3565 1122 3620 ab
1137 3563 1288 3620 omni
1315 3563 1428 3634 jam
1446 3561 1705 3625 tumultu,
1726 3560 2013 3631 perturba-

417 3662 568 3716 tione
587 3667 641 3715 et
663 3659 1020 3732 quassatione
1039 3664 1348 3724 recreatus,
1382 3671 1516 3727 pace
1539 3670 1602 3710 ac
1619 3653 2012 3724 tranquillitate

417 3755 764 3821 succedente,
783 3754 1004 3810 solitum
1028 3753 1096 3808 ad
1133 3767 1356 3808 cursum
1389 3751 1538 3806 illico
1559 3764 1681 3805 sese
1706 3744 2007 3807 revocavit,

415 3847 610 3917 suique
625 3847 828 3915 pariter
855 3861 922 3902 ac
950 3861 1134 3901 rerum
1160 3860 1298 3916 quas
1327 3843 1535 3899 ambitu
1570 3856 1672 3897 suo
1693 3839 2008 3895 continebat

415 3939 664 3993 omnium
715 3937 1245 3994 administrationem
1273 3945 1327 3992 et
1355 3935 1644 4005 imperium
1681 3947 1847 4002 capes
1865 3931 1955 3985 sit.
1983 3951 2002 3984 ι

416 4026 674 4098 Idemque
704 4029 894 4098 paucis
921 4027 1258 4098 interjectis‘:
1295 4045 1314 4079 ‹
1361 4024 1751 4092 Quamobrem,
1806 4023 2004 4092 inquit,

416 4119 561 4174 Deus
605 4119 711 4183 ille,
749 4119 845 4190 qui
896 4135 1022 4174 eum
1080 4125 1147 4175 ab
1189 4118 1346 4174 initio
1399 4125 1511 4172 tam
1537 4114 1774 4186 eleganti
1809 4113 2003 4168 ordine

414 4211 736 4281 digesserat,
752 4221 812 4264 ut
835 4220 1118 4266 nutantem
1143 4211 1322 4280 ipsum
1341 4209 1811 4276 ﬂuctuantemque
1837 4205 2001 4271 videt,

413 4311 757 4372 peramanter
783 4317 1000 4369 cavens,
1043 4319 1110 4358 ne
1136 4304 1238 4358 hac
1259 4309 1578 4371 tempestate
1612 4315 1676 4354 ac
1708 4297 1996 4368 perturba-

2118 3181 2400 3254 ὁρμηθεὶς,
2437 3180 2661 3252 σεισμὸν
2706 3181 2875 3234 πολὺν
2918 3179 2976 3233 ἐν
3011 3179 3189 3251 ἑαυτῷ
3221 3180 3412 3245 maliv,
3441 3181 3613 3252 ἀλλην
3645 3176 3713 3234 αὖ

2118 3272 2326 3345 φθορὰν
2353 3271 2508 3338 ζώων
2536 3271 2806 3326 παντοίων
2836 3272 3229 3344 ἀπειργάσατο.
3255 3273 3411 3326 Μετὰ
3436 3272 3494 3326 δὲ
3518 3273 3715 3338 ταῦτα,

2118 3365 2474 3439 προελθόντος
2508 3363 2696 3418 ἱκανοῦ
2730 3363 2948 3436 χρόνου,
2985 3364 3214 3436 θορύϐου
3249 3381 3308 3418 τε
3341 3364 3438 3418 καὶ
3465 3365 3716 3436 ταραχῆς

2117 3459 2218 3530 ήδη
2250 3458 2576 3529 παυόμενος,
2611 3457 2708 3510 καὶ
2735 3455 2846 3510 τῶν
2877 3455 3139 3527 σεισμῶν,
3167 3455 3412 3527 γαλήνης
3455 3455 3714 3508 ὲπιλαὸό-

2119 3569 2299 3623 μενος,
2322 3551 2401 3615 εῐς
2441 3567 2501 3604 τε
2539 3551 2630 3604 τὸν
2672 3549 2902 3603 εἰωθότα
2942 3549 3141 3621 δρόμον
3183 3548 3275 3602 τὸν
3317 3547 3516 3602 ἑαυτοῦ
3546 3566 3716 3602 κατα-

2114 3643 2488 3714 κοσμούμενος
2521 3642 2629 3713 ᾔει,
2665 3643 2985 3707 ἐπιμέλειαν
3010 3641 3105 3694 καὶ
3134 3641 3335 3712 κράτος
3363 3639 3504 3709 ἔχων
3551 3641 3717 3703 αὐτὸς

2111 3735 2220 3787 τῶν
2251 3736 2309 3788 ὲν
2333 3734 2481 3805 αὐτῷ
2508 3751 2568 3787 τε
2599 3733 2694 3786 καὶ
2719 3732 2934 3786 ἑαυτοῦ.
2977 3750 2996 3784 ι
3051 3732 3165 3786 Καὶ
3217 3732 3356 3802 μετά
3390 3732 3602 3804 βραχέα
3645 3728 3713 3786 αὖ

2113 3847 2247 3900 φησι
2271 3845 2284 3857 ο
2317 3850 2336 3877 ι
2371 3826 2462 3880 Διὸ
2487 3826 2551 3898 δὴ
2586 3827 2680 3880 καὶ
2706 3824 2816 3878 τότ’
2855 3824 2956 3896 ἤδη
2989 3823 3119 3887 Θεὸς
3151 3825 3180 3876 ὀ
3211 3825 3496 3896 κοσμήσας
3524 3825 3714 3887 αὑτὸν,

2113 3919 2359 3992 καθορῶν
2387 3921 2445 3971 ὲν
2475 3917 2729 3990 ἀπορίαις
2753 3917 2902 3979 ὄντα,
2935 3916 3230 3987 κηδόμενος
3259 3917 3347 3969 ἶνα
3387 3917 3483 3988 μὴ,
3510 3935 3714 3988 χειμα-

2113 4013 2280 4076 σθεὶς,
2308 4011 2414 4064 ύπὺ
2444 4009 2690 4082 ταραχῆς
2715 4007 3005 4074 διαλυθεὶς,
3035 4012 3116 4071 είς
3141 4008 3234 4061 τὸν
3257 4007 3358 4077 τῆς
3389 4011 3715 4080 ἀνομοιότη-

2107 4125 2199 4171 τος
2216 4105 2444 4175 ἄπειρον
2469 4102 2600 4155 ὄντα
2628 4102 2793 4158 τόπον
2815 4101 2934 4175 δύῃ,
2968 4100 3128 4154 πάλιν
3158 4101 3380 4173 ἔφεδρος
3414 4101 3586 4155 αὑτοῦ
3605 4102 3714 4155 τῶν

2108 4196 2386 4270 πηδαλίων
2421 4195 2733 4266 γενόμενος,
2772 4193 2841 4247 τὰ
2873 4195 3177 4265 νοσήσαντα
3231 4194 3326 4246 καὶ
3357 4193 3596 4247 λυθέντα
3655 4195 3714 4246 ὲν

2105 4293 2170 4362 τῇ
2194 4287 2312 4343 κατ’
2333 4286 2494 4340 αὑτὸν
2510 4284 2620 4358 (18)
2640 4284 2880 4358 προτέρα
2899 4285 3135 4356 περιόδῳ
3163 4284 3420 4357 στρέψας,
3435 4287 3640 4357 κοσμεῖ
3653 4303 3714 4339 τε

412 4399 562 4452 tione
593 4395 914 4467 dissipatus,
950 4396 1217 4451 immensa
1259 4393 1497 4464 quadam
1530 4389 2000 4447 dissimilitudinis

2185 4381 2662 4455 ἱὲπανελθὼν(19)
2679 4382 2946 4436 ἀθάνατον
2967 4382 3130 4436 αὐτὸν
3161 4383 3257 4435 καὶ
3281 4382 3512 4454 ἀγήρων
3539 4383 3714 4454 ἀπερ-

412 4488 676 4560 voragine
727 4489 1034 4554 hauriatur,
1064 4489 1292 4559 receptis
1321 4487 1443 4558 ejus
1488 4487 1686 4540 iterum
1728 4484 2002 4556 guberna-

2185 4477 2356 4542 ζεται.
2376 4476 2549 4530 Τοῦτο
2577 4476 2674 4548 μὲν
2700 4475 2852 4537 τέλος
2877 4474 3095 4528 πάντων
3122 4474 3354 4546 εἴρηται.
3401 4494 3418 4524 ι

440 4582 572 4646 nlis,
599 4597 774 4653 aegras
802 4582 1130 4652 luxatasque
1155 4591 1336 4652 partes
1361 4580 1426 4634 ad
1453 4579 1766 4634 institutum
1800 4576 1898 4630 ahs
1929 4589 2049 4630 sese
2069 4570 2451 4627 conversionis
2473 4569 2662 4623 orbem
2695 4577 2936 4631 revocat,
2962 4575 3126 4638 atque
3148 4566 3296 4622 omni
3328 4581 3522 4623 errore
3545 4568 3717 4624 casti-

409 4685 557 4746 guto,
589 4691 751 4732 suum
803 4677 908 4746 ipsi
945 4683 1199 4730 ornatum
1235 4674 1492 4739 restituit,
1512 4681 1566 4728 et
1588 4669 1954 4726 immortalem
1979 4679 2106 4723 eum
2129 4664 2408 4735 deinceps,
2433 4678 2498 4717 ac
2518 4661 2820 4718 senectutis
2856 4668 3134 4730 expertem
3162 4674 3287 4716 esse
3319 4658 3501 4728 jubet.
3530 4661 3715 4731 Atque

412 4770 498 4826 hic
526 4787 708 4826 rerum
731 4772 857 4828 ﬁnis
886 4774 1130 4828 omnium
1164 4771 1464 4842 appellatus
1494 4778 1596 4826 est.
1637 4788 1655 4820 ι

968 4866 1198 4923 CAPUT
1229 4866 1449 4921 ΧλΧν.

413 4953 652 5010 Mortuo;
668 4957 926 5026 quosdam
949 4956 1200 5008 revixisse
1220 4953 1381 5006 Plato
1398 4952 1603 5026 scribit,
1623 4967 1742 5004 cum
1761 4947 2000 5003 Hebrwis

693 5027 790 5079 hoc
823 5029 984 5080 etiam
1017 5028 1070 5080 in
1102 5040 1286 5096 genere
1315 5024 1668 5082 consentiens.

492 5117 692 5188 tAtqui
722 5118 949 5180 nullius,
978 5116 1224 5185 inquam,
1261 5115 1363 5170 ista
1391 5115 1475 5169 vel
1508 5111 1720 5168 numeri
1756 5111 1888 5174 sint,
1916 5108 2000 5164 vel

481 5245 507 5274 ε
537 5232 696 5306 Forte
717 5233 822 5288 del.
859 5231 1003 5295 τούς.

412 5349 685 5408 licantius.
732 5353 864 5418 Qua:
895 5351 1058 5405 verba
1098 5349 1178 5404 sic
1226 5346 1480 5412 Ficinus,
1530 5347 1634 5418 qui
1656 5345 1840 5399 statim
1873 5351 1992 5418 post

410 5423 641 5483 primam
679 5416 1052 5476 reviolutionem
1093 5420 1197 5473 orti
1231 5428 1375 5482 sunt,
1407 5431 1518 5487 quo
1547 5416 1709 5470 unico
1745 5416 1993 5468 membro

411 5491 596 5548 Graeca
621 5495 730 5549 duo
757 5494 1077 5563 complexus
1101 5499 1207 5546 est.
1234 5488 1348 5561 Ego
1369 5499 1663 5558 utrumque
1685 5498 1991 5555 exprimere

412 5574 531 5615 sum
567 5574 813 5619 conatus.

483 5635 596 5704 (l4)
636 5635 808 5691 Plato.
837 5634 1131 5704 ἐκόσμησε.

483 5695 594 5772 {Is}
647 5705 902 5770 Ἐπειδή.
941 5695 1094 5758 Plato
1121 5705 1173 5755 in
1201 5702 1392 5758 eodem
1419 5700 1676 5768 Politico,
1704 5713 1830 5770 pag.
1869 5695 1992 5752 176.

485 5779 594 5838 (.6)
636 5775 809 5840 Plato,
852 5774 1246 5842 προσαχθέντα.

2631 4843 3028 4900 ΚΕΦΛΛΑΙΟΝ
3072 4842 3196 4895 ΛΕ’.

2124 4948 2221 5012 Ὠς
2246 4942 2346 4998 καὶ
2369 4939 2622 5010 νεκροὺς
2646 4937 2954 5013 ἐγηγέρθᾳι
2979 4938 3012 4990 ό
3040 4933 3296 5013 liuida»:
3333 4933 3552 5003 ὁμοίως
3583 4934 3714 5002 τοῖς

2513 5013 2526 5031 '
2545 5011 2811 5078 Εϐραίων
2837 5008 3042 5076 λόγοις
3067 5008 3307 5072 ἱστορεῖ.

2189 5128 2206 5160 ι
2230 5106 2417 5162 Ταῦτα
2429 5105 2608 5157 τοίνυν
2623 5100 2756 5173 (20),
2773 5095 2895 5154 ὖνδ¹
2919 5096 3051 5167 ἐγὼ,
3069 5095 3219 5150 οὐδέν
3240 5095 3357 5148 ἐστι
3371 5095 3568 5169 πλήθει
3585 5096 3710 5150 οὐδὲ

2180 5353 2292 5420 (l7)
2337 5349 2674 5414 Πεσούσης.
2719 5342 2908 5420 Active
2941 5337 3210 5408 sumpsit,
3253 5351 3354 5408 pro
3388 5335 3702 5409 βαλούσης,

2107 5415 2233 5480 raro
2262 5415 2555 5477 admodum
2588 5415 2860 5483 exemplo.

2180 5495 2291 5564 (18)
2331 5491 2506 5564 Plato,
2543 5487 2664 5564 καθ’
2691 5485 2877 5564 αὐτόν.

2179 5555 2292 5635 (19}
2338 5563 2508 5635 I‘laAto,
2546 5555 2884 5635 ἐπανορθῶν.

2180 5622 2307 5706 (τ.)ίῂ
2334 5631 2525 5706 Tuom
2554 5622 2793 5706 Ῑοίνιὶνἶ
2816 5622 3320 5706 .Sequentiamleges
3362 5622 3506 5694 apud
3538 5634 3700 5680 eum-

2106 5691 2229 5763 dein
2253 5691 2392 5760 Plat.
2420 5702 2516 5758 lib.
2542 5699 2618 5755 De
2646 5696 2848 5768 republ.
2876 5691 2938 5764 x,‘
2965 5709 3089 5765 pag.
3121 5691 3225 5748 διε
