3826 6232
360 281 469 339 959

1001 281 1272 339 EUSEBU
1312 280 1794 339 CESARIENSIS
1830 281 1982 338 OPP.
2023 281 2205 337 PARS
2242 280 2308 338 ﬂ.
2349 312 2419 323 —
2454 280 2961 338 APOLOGETICA.

3514 272 3624 337 im

357 411 485 455 men
537 397 717 453 redire
753 397 970 468 jussutn
1003 412 1153 466 esse,
1197 397 1443 469 adeoque
1485 399 1592 454 hoc
1637 414 1699 455 se
1740 400 1928 455 morbo

2056 399 2207 455 Ἀλλά
2248 400 2345 453 καὶ
2394 399 2583 464 κακῶς
2622 401 2918 472 ἀκηκοέναι
2958 386 3086 464 τοὺς
3123 399 3432 469 ἀγαγόντας
3469 402 3631 457 αὑτὸν

357 504 710 561 nequaquam
741 490 959 562 penitus
995 492 1345 546 moriturum.
1401 491 1713 547 Enimvero.
1749 507 1779 546 a
1811 493 1933 561 qui-

355 581 461 638 bus
493 582 763 637 abductus
794 581 992 643 fuerat.
1024 596 1120 638 eos
1158 581 1369 637 domini
1402 582 1489 638 sui
1536 597 1672 638 voce
1697 584 1935 654 graviter

354 674 717 745 reprehensos
756 671 945 728 fuisse.
980 672 1192 744 Quippe
1218 673 1285 729 ad
1316 672 1595 729 Nicandan
1624 676 1776 730 missi
1806 691 1930 730 cum

355 762 610 827 fuissent,
645 763 716 817 ab
746 763 856 818 illis
881 763 1000 833 ejus
1028 779 1149 819 sese
1179 764 1302 819 loco
1332 775 1695 834 asportatum.
1728 765 1931 819 Nican-

353 854 454 910 das
478 865 659 909 autem
693 854 784 910 ille
829 856 995 910 cerdo
1038 855 1260 925 quidam
1296 866 1436 921 erat,
1464 865 1719 911 caeterum
1750 872 1817 911 ex
1867 858 1935 912 iis

353 959 520 1010 unus,
546 946 641 1015 qui
688 945 997 1015 palaestram
1028 946 1293 1010 terebant,
1338 947 1633 1017 multisque
1662 948 1823 1017 vulgo
1853 946 1932 1000 fa-

351 1037 582 1093 miliaris
630 1053 696 1093 ac
727 1048 909 1095 notus.
946 1038 1111 1111 564
1144 1039 1326 1106 Quare
1370 1040 1748 1096 adolescentes
1796 1040 1932 1111 iocis

351 1128 635 1185 hominem
662 1140 717 1185 et
742 1131 986 1188 dicteriis
1022 1131 1389 1196 incessebant,
1422 1132 1579 1202 quasi
1601 1131 1929 1203 aufugisset,

351 1237 418 1276 ac
452 1222 653 1277 missos
682 1223 809 1277 inde
838 1224 1176 1293 apparitores
1206 1224 1565 1293 corrupisset.
1598 1225 1718 1293 Ipse
1747 1233 1930 1279 autem

351 1313 669 1368 conturbari
699 1315 904 1383 palam,
941 1330 1006 1369 ac
1037 1314 1413 1369 vehementius
1445 1314 1800 1380 commoveri,
1830 1313 1931 1367 da-

350 1423 455 1463 nec
483 1407 704 1463 tandem
736 1405 873 1462 febri
903 1421 1201 1476 oppressus
1230 1408 1372 1461 intra
1402 1408 1546 1462 diem
1579 1408 1800 1462 tertium
1843 1424 1932 1464 re-

349 1508 514 1570 pente
558 1499 808 1555 sublatus
853 1508 959 1553 est.
1010 1500 1081 1553 At
1130 1499 1221 1555 hic
1258 1509 1447 1554 noster
1478 1500 1601 1553 vitae
1645 1501 1889 1555 redditus
1915 1542 1930 1567 ,

349 1602 626 1662 superstes
672 1590 973 1645 etiamnum
1023 1590 1253 1645 feliciter
1297 1600 1418 1655 est,
1450 1591 1724 1660 hospitum
1773 1592 1933 1646 nobis

349 1684 513 1754 longe
569 1682 955 1738 suavissimus.
998 1701 1018 1733 ι
1054 1679 1179 1735 llaec
1221 1696 1288 1735 eo
1332 1681 1535 1736 referre
1583 1680 1750 1744 volui,
1787 1680 1932 1751 quod

2034 493 2140 546 ὑπὸ
2178 490 2275 545 τοῦ
2304 492 2510 563 κυρίου.
2550 492 2910 563 Πεμφθὲντας
2943 492 3054 563 γάρ
3080 492 3173 545 ἐπὶ
3205 492 3503 556 Νικανδάν,
3535 494 3634 555 αὗτ

2031 582 2124 636 τὸν
2162 582 2320 653 ήκειν
2359 582 2473 635 ἀντ’
2515 584 2727 638 ἐκείνου
2769 581 3115 653 κομίζοντας.
3157 583 3217 637 '0
3260 581 3318 637 δὲ
3358 582 3633 646 Νικανδάς

2031 672 2100 749 ἦν
2131 681 2481 750 σκυτοτόμος,
2505 679 2680 742 ἄλλως
2711 680 2767 734 δὲ
2791 681 2899 734 τῶν
2928 683 2986 733 ἐν
3015 679 3377 751 παλαίστραις
3407 679 3630 747 γεγονό-

2032 785 2160 832 των,
2191 770 2287 822 καὶ
2311 770 2522 833 πολλοῖς
2556 770 2813 841 συνήθης,
2835 770 2930 823 καὶ
2949 768 3244 841 γνώριμος.
3266 767 3425 822 Ὅθεν
3445 769 3497 820 οί
3520 785 3634 821 νεα-

2033 860 2230 926 νίσκοι,
2254 862 2590 934 προσιόντες,
2620 862 2900 916 ἔσκωπτον
2930 862 3093 915 αὐτὸν
3125 861 3201 926 ὡς
3228 862 3633 935 ἀποδεδρακότα

2035 954 2130 1005 καὶ
2151 953 2514 1025 διεφθαρκότα
2541 955 2669 1018 τοὺς
2703 953 2911 1008 ἐκεῖθεν
2933 955 3233 1026 ὑπηρέτας.
3255 955 3427 1019 Αὐτὸς
3452 956 3634 1026 μέντοι

2032 1045 2190 1117 δῆλος
2206 1042 2285 1116 ,ἦν
2314 1046 2474 1112 εὐθὺς
2498 1047 2980 1120 ὐποθραπτόμενος
3001 1049 3096 1101 καὶ
3115 1047 3512 1119 δυσχεραίνων*
3545 1048 3636 1102 τέ-

2034 1138 2124 1201 λος
2146 1138 2203 1192 δὲ
2228 1138 2460 1208 πυρετοῦ
2506 1138 2926 1209 προσπεσόντος,
2958 1138 3214 1209 ἐξαίφνης
3253 1138 3489 1193 ἀπέθανε
3517 1157 3637 1213 τριο

2034 1232 2202 1293 ταῖος.
2222 1225 2390 1294 Οὗτος
2406 1231 2465 1284 δὲ
2480 1230 2700 1297 ἀνεϐίω,
2718 1231 2813 1284 καὶ
2837 1230 3114 1302 περίεστιν
3130 1227 3189 1284 εὖ
3206 1248 3269 1299 γε
3291 1232 3482 1294 ποιῶν,
3501 1235 3634 1302 ἡμῖν

2036 1322 2202 1387 ξένων
2231 1323 2660 1387 ἐπιεικέστατος.
2700 1343 2719 1375 ›
2756 1323 2943 1378 Ταῦτά
2977 1340 3065 1394 μοι
3104 1324 3305 1377 κείσθω
3326 1323 3413 1377 διὰ
3445 1325 3508 1378 τό
3540 1323 3636 1378 καὶ

2036 1415 2095 1465 ὲν
2124 1417 2244 1476 ταῖς
2284 1414 2551 1486 Ἐϐραίων
2581 1415 2621 1467 Γ
2625 1417 2822 1487 ραφαῖς
2862 1414 3074 1486 νεκρῶν
3106 1414 3434 1479 ἁναϐιὼσεις
3467 1416 3633 1488 φέρε-

2037 1507 2180 1560 σθαι.
2227 1507 2382 1560 Ἐπεὶ
2435 1507 2491 1560 δὲ
2534 1507 2627 1560 καὶ
2657 1507 2761 1578 γῆν
2790 1524 2912 1560 τινα
2947 1510 3006 1561 ὲν
3046 1506 3400 1575 ἐπαγγελίαις
3449 1507 3635 1577 μόνοις

2032 1601 2147 1662 τοῖς
2179 1597 2450 1666 θεοφιλέσι
2497 1597 2819 1670 δοθήσεσθαι
2875 1598 3209 1671 περιέχουσι,
3252 1598 3394 1653 κατά
3433 1598 3496 1653 τὸ
3524 1599 3632 1668 φά-

2038 1709 2167 1744 σκον
2217 1691 2416 1760 λόγιον,
2471 1711 2489 1741 ι
2546 1692 2609 1743 Ui
2655 1691 2714 1744 δὲ
2761 1694 2957 1762 πραεῖς
3009 1691 3474 1764 κληρονομήσουσι
3534 1693 3634 1765 τήν

350 1773 705 1831 Ηείιιωοιιιιιι
758 1773 955 1828 littera:
1021 1781 1269 1827 mortuos
1333 1773 1600 1842 quosdam
1668 1773 1928 1827 revixisse

2056 1784 2162 1854 (ἦν’
2212 1803 2230 1835 ι
2266 1784 2469 1855 ταύτην
2514 1782 2571 1836 δὲ
2615 1783 2937 1852 ἐπουράνιον
2987 1784 3255 1856 ὑπάρχε;ν
3296 1762 3552 1853 διασαφεῖ
3588 1762 3634 1839 τό

352 1878 638 1924 testentur.
671 1866 792 1921 iam
823 1882 977 1933 vero,
1007 1867 1268 1937 quoniam
1302 1867 1434 1936 ipsae
1480 1882 1700 1937 quoque
1734 1877 1935 1921 terram

352 1961 650 2031 quamdam
682 1960 816 2014 solis
848 1959 939 2023 iis,
992 1974 1133 2028 quos
1166 1957 1309 2013 Deus
1355 1967 1519 2023 amet,
1559 1960 1883 2028 pollicentur
1920 1977 1935 2024 ;

350 2069 462 2123 quo
484 2062 693 2123 spectat
725 2052 854 2106 illud
884 2052 1166 2105 oraculum
1197 2067 1211 2103 :
1250 2070 1268 2102 ι
1304 2050 1461 2107 Alites
1494 2061 1675 2106 autem
1705 2051 1938 2106 Incredi—

2035 1875 2261 1942 φάσκων
2299 1873 2478 1941 λόγος,
2524 1890 2540 1921 ι
2596 1870 2661 1924 Ἦ
2700 1872 2760 1924 δὲ
2813 1872 2925 1925 ἄνω
2961 1872 3317 1943 Ἰερουσαλὴμ
3369 1871 3633 1945 ἐλευθέρα

2035 1965 2203 2027 ἐστὶν,
2244 1964 2363 2035 ἥτις
2404 1963 2519 2015 ἐστὶ
2559 1963 2740 2035 μήτηρ
2779 1962 2956 2034 ἡμῶν,
2997 1982 3015 2013 ι
3044 1963 3073 2016 ὃ
3111 1980 3171 2016 τε
3213 1964 3502 2035 προφήτης
3530 1964 3631 2036 τὴν

2036 2057 2203 2128 αὐτὴν
2234 2057 2291 2110 δὲ
2327 2057 2530 2126 ταύτην
2571 2058 2635 2109 ὲκ
2673 2055 2981 2109 πολυτελῶν
3020 2057 3117 2110 καὶ
3138 2059 3335 2129 τιμίων
3368 2061 3633 2116 συνεπά-

351 2146 546 2202 tabunt
575 2144 880 2200 terram'“.
916 2164 935 2197 ι
973 2142 1126 2199 Hanc
1163 2158 1293 2199 vero
1322 2143 1598 2199 cmlestem
1632 2160 1753 2199 esse
1788 2145 1928 2199 locus

2056 2168 2123 2203 ναι
2167 2149 2329 2202 λίθων
2377 2152 2435 2203 ὲν
2488 2148 2674 2220 τρόπῳ
2724 2148 3050 2221 ἀλληγορίας
3094 2150 3390 2207 αίνίττεται
3419 2152 3629 2223 λέγων·

350 2240 442 2292 ille
470 2236 623 2291 Pauli
665 2236 949 2291 declarat:
992 2254 1011 2287 ι
1052 2235 1121 2289 At
1155 2236 1267 2299 illa,
1308 2251 1430 2306 qua:
1465 2251 1685 2291 sursum
1723 2245 1806 2292 est
1841 2235 1933 2291 Je-

351 2328 612 2393 rusalem,
659 2327 830 2383 libera
877 2336 983 2394 est,
1027 2343 1149 2399 qua:
1188 2338 1275 2381 est
1322 2339 1498 2381 mater
1541 2337 1728 2382 nostra
1776 2328 1865 2382 ⁸⁸⁸.
1904 2347 1923 2381 ι

353 2419 612 2476 Eamdem
652 2436 716 2475 ex
751 2421 1022 2491 lapidibus
1070 2421 1324 2491 pretiosis
1351 2421 1640 2475 conﬂatam
1673 2437 1814 2487 esse,
1849 2420 1930 2474 al-

349 2513 588 2584 legorice
621 2527 782 2573 sensu
816 2513 1076 2583 propheta
1109 2512 1395 2583 significat,
1423 2513 1552 2568 dum
1590 2514 1666 2567 ait
1693 2531 1707 2566 :
1745 2531 1763 2564 ι
1795 2513 1933 2567 Ecce

349 2624 453 2679 ego
483 2609 798 2679 praeparabo
824 2606 1227 2662 carbunculum
1270 2605 1505 2675 lapidem
1545 2614 1719 2668 tuum,
1751 2614 1805 2659 et
1835 2619 1935 2674 po-

348 2717 476 2756 nam
506 2702 915 2773 propugnacula
951 2710 1043 2756 tua
1067 2700 1321 2770 jjaspim,
1369 2708 1424 2753 et
1455 2698 1810 2754 fundamenta
1843 2707 1933 2751 tua

2043 2255 2062 2286 ι
2087 2236 2217 2291 Ἰδοὺ
2252 2236 2361 2305 ἐγὼ
2392 2236 2664 2307 ὲτοιμάζω
2697 2253 2778 2289 σοι
2801 2237 3049 2309 ἄνθρακα
3081 2239 3171 2293 τὸν
3196 2240 3343 2293 λίθον
3385 2260 3504 2305 σου,
3536 2246 3633 2299 καὶ

2037 2328 2187 2400 θήσω
2228 2329 2328 2392 τὰς
2370 2327 2623 2394 ἐπάλξεις
2667 2346 2759 2382 σου
2808 2329 3014 2393 ἴασπιν,
3055 2332 3150 2385 καὶ
3186 2334 3313 2397 τοὺς
3344 2333 3633 2405 θεμελίους

2038 2438 2131 2473 σου
2162 2421 2484 2494 σάπφειρον,
2523 2424 2615 2476 καὶ⁸
2656 2422 2749 2475 τὸν
2802 2423 3089 2496 περίϐολόν
3120 2442 3213 2477 σου
3257 2425 3442 2490 λίθους
3480 2428 3639 2482 ἐκλε-

2036 2513 2230 2578 κτούς·
2274 2534 2293 2566 ι
2324 2514 2421 2568 θέα
2451 2516 2527 2579 ὡς
2558 2515 2653 2568 καὶ
2681 2518 2710 2569 ὁ
2745 2516 2969 2570 Πλάτων
2999 2517 3139 2571 αὐτὰ
3164 2517 3228 2590 δὴ
3262 2519 3454 2585 ταῦτα,
3493 2522 3525 2594 ῆ
3560 2522 3634 2577 τὰ

2039 2606 2417 2676 παραπλήσια,
2448 2608 2741 2661 πεπεῖσθαι
2772 2603 2910 2661 εἶναι
2938 2607 3112 2680 ἀληθῆ
3140 2611 3199 2661 ὲν
3225 2608 3303 2679 τῷ
3334 2612 3477 2678 Περὶ
3513 2615 3636 2681 ﬁev-

2041 2696 2159 2766 χῆς
2180 2698 2452 2768 ὁμολογεῖ,
2485 2700 2763 2770 Σωκράτει
2789 2699 3064 2764 ἀνατιθεὶς
3094 2700 3185 2754 τὸν
3220 2700 3375 2770 λόγον
3402 2695 3508 2757 ὧδέ

347 2795 688 2864 npphirum,
721 2802 777 2848 et
808 2793 1073 2848 ambitum
1120 2804 1280 2846 tuum
1334 2788 1543 2861 lapides
1590 2790 1796 2843 electas
1824 2787 1892 2840 “.
1932 2808 1951 2841 ι
2000 2785 2211 2842 Videsis
2268 2791 2753 2859 quemadmodum,
2786 2792 2871 2844 vel
2916 2792 3216 2860 ipsissima,
3266 2795 3351 2847 vel
3404 2810 3635 2864 prorsus

348 2891 550 2959 allinia,
583 2888 738 2945 Plato
760 2905 887 2946 vera
920 2888 1024 2946 sibi
1052 2887 1224 2943 videri
1248 2887 1304 2941 in
1338 2885 1565 2957 Dialogo
1582 2885 1659 2940 De
1680 2886 1858 2939 animo
1897 2887 2204 2956 profitetur,
2230 2885 2321 2940 ubi
2339 2883 2619 2940 Socratem
2654 2886 2741 2941 his
2772 2885 2943 2941 verbis
2965 2886 3278 2958 loquentem
3310 2876 3655 2945 introducit..

878 3026 1107 3087 CAPUT
1157 3026 1309 3082 XXX
1319 3025 1426 3082 \‘ll.

440 3170 715 3225 Platonem
744 3168 808 3221 de
844 3178 986 3221 terra
1014 3166 1133 3228 illa,
1161 3181 1321 3234 quam
1350 3164 1609 3217 caelestem
1641 3172 1847 3229 vocant,

716 3237 955 3293 Hebreis
986 3237 1263 3290 simillima
1284 3236 1589 3288 tradidisse.

423 3374 446 3410 ι
481 3354 666 3424 Atqui,
696 3368 729 3408 ο
748 3351 806 3407 Si
826 3351 1014 3419 nimia,
1042 3366 1143 3406 nec
1168 3350 1303 3405 artis
1332 3348 1522 3405 Glauci
1550 3348 1782 3411 videtur,
1804 3362 1927 3417 qua:

348 3459 407 3506 et
455 3445 767 3519 cujusmodi
814 3460 878 3499 ea
913 3444 1025 3499 sint
1049 3456 1341 3513 exponere,
1375 3450 1428 3496 et
1456 3456 1620 3509 quam
1674 3440 1765 3494 illa
1811 3439 1929 3509 ipsa

349 3557 479 3597 \era
529 3540 641 3596 sint
674 3539 1055 3593 demonstrare
1085 3574 1101 3600 ,
1141 3533 1322 3603 majus
1373 3531 1579 3601 aliquid
1632 3530 1889 3585 existimo

349 3649 515 3704 quam
556 3642 615 3686 ut
650 3646 720 3686 eo
749 3630 832 3683 vis
857 3626 1104 3698 ejusdem
1137 3627 1270 3680 artis
1297 3625 1521 3694 aspirat.
1565 3623 1677 3676 lmo
1706 3638 1774 3677 ne
1816 3623 1924 3692 ipse

349 3724 570 3796 quidem
598 3722 836 3777 fortasse
862 3720 989 3775 huic
1014 3716 1253 3773 orationi
1283 3732 1379 3787 par
1398 3731 1519 3770 esse
1541 3730 1735 3785 queam
1763 3730 1779 3781 ;
1805 3729 1926 3781 nec,

351 3827 412 3873 ut
455 3832 655 3880 essem,
705 3812 840 3869 mihi
884 3823 1075 3868 tamen
1127 3810 1250 3864 \ita:
1301 3810 1434 3863 satis
1467 3822 1567 3877 pro
1624 3806 1925 3878 argumenti

351 3909 728 3979 magnitudine
755 3918 1043 3975 superesse
1066 3901 1411 3958 crediderim.
1446 3898 1551 3953 Sed
1592 3907 1771 3952 tamen
1794 3897 1926 3967 nihil

348 4011 514 4063 vetat,
540 3999 837 4070 quominus
865 3996 1010 4051 illius
1068 4004 1225 4048 terra:
1253 3992 1513 4061 speciem,
1545 3989 1758 4059 qualem
1793 3987 1927 4041 mihi

349 4090 573 4162 quidem
606 4104 724 4143 eam
760 4102 883 4143 esse
912 4085 1193 4155 persuasi,
1219 4093 1278 4137 et
1329 4081 1579 4152 proprias
1627 4081 1796 4149 ipsius
1846 4094 1929 4132 re-

351 4187 542 4255 giones
583 4180 895 4236 informem.
930 4177 1244 4253 Enimvero,
1273 4174 1451 4243 inquit
1487 4172 1768 4233 Simmias,
1794 4169 1929 4224 satis

351 4276 405 4331 id
444 4274 600 4329 nobis
653 4272 778 4336 erit,
830 4286 863 4323 o
898 4267 1171 4322 Socrates.
1216 4262 1468 4318 Primum
1521 4262 1708 4330 igitur,
1752 4259 1931 4327 inquit

351 4368 464 4429 ille.
518 4366 566 4420 si
597 4363 776 4418 medio
809 4362 862 4414 in
895 4360 1032 4415 caelo
1064 4356 1295 4413 rutunda
1346 4354 1437 4408 illa
1468 4363 1610 4408 terra
1641 4362 1757 4416 est,
1805 4364 1928 4404 eam

350 4477 420 4515 ne
468 4465 711 4519 corruat,
765 4470 864 4511 nec
899 4453 1083 4516 aeris,
1131 4464 1230 4505 nec
1282 4448 1506 4502 alterius
1554 4444 1931 4514 cujuscunque

349 4553 426 4607 rei
473 4560 732 4620 tanquam
783 4543 1099 4600 necessario
1151 4541 1373 4595 tibicine
1406 4538 1667 4606 indigere
1712 4546 1926 4590 statuo:

349 4641 512 4715 565
526 4655 713 4695 verum
736 4637 804 4692 ad
818 4650 937 4691 eam
957 4634 1341 4689 continendam
1362 4630 1467 4683 hoc
1491 4638 1781 4697 utrumque
1799 4627 1932 4683 satis

347 4750 493 4800 esse,
544 4741 656 4786 tum
694 4728 841 4800 quod
892 4725 1015 4782 οωιὶ
1046 4723 1330 4794 aequabilis
1379 4720 1525 4775 omni
1571 4735 1635 4774 ex
1671 4728 1824 4790 parte
1853 4718 1931 4774 si-

348 4826 606 4882 militudo
635 4824 726 4889 sit,
762 4832 874 4875 tum
912 4818 1061 4889 quod
1108 4817 1225 4886 ipsa
1256 4824 1398 4870 terra
1428 4814 1660 4885 paribus
1694 4811 1933 4881 undique

347 4917 645 4976 momentis
695 4916 890 4969 librata
928 4912 1211 4967 (-mtsistat.
1262 4908 1369 4964 Res
1415 4907 1559 4961 enim
1609 4904 1928 4978 mquilibn’s,

346 5027 475 5066 cum
530 5010 584 5064 in
637 5007 835 5064 similis
886 5005 1121 5074 alicujus
1153 5002 1400 5071 corporis
1452 5001 1631 5054 medio
1680 5000 1786 5053 sita
1820 5007 1926 5063 est,

348 5107 557 5161 nullam
594 5103 646 5157 iu
716 5110 927 5173 partem
1001 5106 1098 5153 aut
1166 5095 1343 5165 magis
1394 5103 1496 5148 aut
1546 5094 1727 5147 minus
1774 5092 1925 5145 incli-

345 5214 479 5254 nare
526 5205 702 5267 potest
754 5213 768 5249 :
830 5192 923 5249 sed
972 5190 1153 5262 potius
1203 5199 1264 5242 ut
1308 5187 1414 5242 sibi
1466 5200 1679 5255 semper
1735 5183 1931 5239 similis

345 5301 450 5358 est,
484 5290 560 5345 ita
607 5301 879 5358 nusquam
932 5283 1161 5340 omnino
1205 5288 1382 5335 nutat.
1438 5279 1615 5347 Atque
1666 5276 1772 5331 hoc
1821 5276 1932 5344 prio

347 5382 726 5454 mum,inquit,
760 5389 961 5436 statuo.
1002 5375 1069 5430 Et
1104 5382 1251 5429 recte
1292 5371 1345 5426 id
1375 5371 1595 5442 quidem
1654 5370 1730 5423 ait
1780 5368 1931 5424 Sim-

348 5478 508 5533 mias.
545 5475 769 5536 Deinde,
820 5474 1013 5545 ingens
1064 5465 1324 5540 quiddam
1383 5479 1505 5519 esse
1561 5473 1761 5519 terram
1816 5462 1933 5517 exi-

414 5592 461 5625 "
484 5590 673 5645 Matth.
713 5605 767 5653 v,
798 5590 852 5644 4.
927 5587 995 5620 ⁸⁵⁸
1029 5585 1149 5643 Gal.
1184 5599 1254 5649 tv,
1276 5582 1365 5636 27.
1441 5580 1611 5637 “lsa.
1635 5594 1746 5635 uv.
1789 5577 1876 5632 12.

417 5674 726 5766 (amauit
750 5699 976 5768 μέντοι.
1004 5697 1162 5752 Plato
1195 5696 1247 5749 in
1275 5692 1556 5768 Phaedone,
1586 5708 1635 5762 p.
1659 5689 1764 5747 598
1790 5689 1924 5768 Fici,

419 5763 530 5841 (ιη
554 5763 899 5838 Henetiam.
936 5768 1128 5823 Melius
1154 5780 1317 5837 quam
1354 5764 1661 5835 πέπυσμαι,
1694 5773 1750 5819 ιιι
1783 5763 1927 5833 apud

2548 3023 2953 3079 ΚΕΦΔΛΑΙΟΝ
2991 3025 3113 3078 ΛΖ’.

2051 3156 2146 3222 Ὡς
2176 3157 2274 3233 καὶ
2297 3154 2717 3233 τέρπερὶτῆς
2756 3155 3089 3233 inqer
3116 3158 3485 3233 ἐπφιφανίου
3517 3160 3634 3233 τῆς

2229 3232 2261 3282 ό
2286 3227 2538 3281 Πλάτων
2560 3230 2775 3295 ὁμοίως
2812 3228 3093 3295 Ἑϐραίοις
3124 3229 3434 3295 διέξεισιν.
3480 3285 3487 3289 _

2109 3359 2130 3393 ι
2161 3339 2323 3394 Ἀλλά
2370 3338 2550 3411 μέντοι
2583 3334 2718 3408 (26),
2752 3332 2798 3390 ὧ
2840 3335 3080 3409 Σιμμία,
3132 3337 3253 3409 οὐχὶ
3291 3341 3324 3409 ἡ
3370 3339 3621 3395 Γλαύκου

2030 3433 2195 3504 τέχνη
2222 3432 2286 3502 γέ
2318 3449 2407 3503 μοι
2449 3431 2595 3485 δοκεῖ
2638 3428 2777 3483 εἶναι
2809 3430 3235 3502 διηγήσασθαιᾶ
3274 3433 3325 3499 γ’
3359 3435 3510 3485 ἐστιν
3545 3434 3626 3496 ὡς

2037 3523 2219 3594 μέντοι
2252 3522 2448 3593 ἀληθῆ,
2476 3520 2854 3593 χαλεπώτερόν
2891 3538 2980 3591 μοι
3010 3522 3255 3590 φαίνεται
3287 3520 3320 3593 ἦ
3348 3522 3491 3575 κατὰ
3523 3523 3621 3593 τὴν

2024 3614 2276 3674 ,Γλαύκου
2312 3614 2524 3685 τέχνην.
2558 3613 2663 3666 Καὶ
2695 3614 2811 3684 ἅμα
2842 3613 2940 3683 μὲν
2973 3612 3084 3682 ἐγὼ
3122 3613 3252 3676 ἴσως
3278 3614 3386 3667 οὐδ’
3419 3614 3485 3667 ἂν
3508 3609 3624 3679 οἶός

2032 3721 2091 3757 τε
2119 3704 2257 3775 εἴην·
2287 3704 2402 3774 ἅμα
2441 3703 2499 3757 δὲ
2527 3705 2620 3758 καὶ
2664 3706 2711 3756 εἰ
2743 3703 3078 3774 ἠπιστάμην,
3112 3703 3141 3755 ὁ
3191 3702 3303 3773 βίος
3353 3721 3443 3773 μοι
3470 3704 3623 3758 δοκεῖ

2031 3799 2059 3848 ό
2085 3794 2234 3865 ἐμὸς,
2265 3788 2310 3848 ὦ
2332 3795 2560 3865 Σιμμία,
2592 3794 2669 3866 τῷ
2701 3797 2865 3865 μήκει
2895 3794 2989 3847 τοῦ
3019 3794 3178 3864 λόγου
3215 3796 3313 3847 οὐκ
3339 3794 3620 3866 ἐξαρκεῖν.

2034 3887 2145 3956 Τὴν
2186 3886 2366 3956 μέντοι
2401 3887 2540 3939 ἰδέαν
2569 3889 2666 3957 τῆς
2694 3886 2820 3957 γῆς,
2855 3887 2971 3940 οἵαν
2996 3887 3294 3957 πέπεισμαι
3321 3887 3435 3958 (27)
3456 3884 3623 3951 εἶναι,

2033 3975 2129 4029 καὶ
2177 3976 2305 4040 τοὺς
2354 3977 2552 4040 τόπους
2604 3976 2804 4045 αὐτῆς,
2847 3976 2997 4030 οὐδέν
3050 3994 3117 4047 με
3164 3976 3360 4030 κωλύει
3414 3977 3621 4045 λέγειν.

2033 4066 2197 4131 Ἀλλ’,
2228 4067 2332 4137 ἔφη
2363 4067 2392 4119 ό
2435 4068 2706 4138 Σιμμίας,
2740 4069 2835 4121 καὶ
2879 4067 3053 4121 ταῦτα
3100 4072 3277 4141 ἀρκεῖ.
3308 4071 3629 4142 Πέπεισμαι

2034 4159 2233 4222 τοίνυν,
2263 4155 2298 4231 ἦ
2332 4160 2378 4213 δ’
2400 4159 2494 4223 ὃς,
2535 4159 2647 4228 ἐγὼ
2681 4160 2895 4232 πρῶτον
2930 4162 3047 4231 μὲν,
3095 4163 3144 4213 εἰ
3186 4161 3335 4215 ἐστιν
3370 4164 3430 4214 ὲν
3468 4162 3627 4233 μέσῳ

2034 4252 2111 4322 τῷ
2142 4251 2355 4323 οὐρανῷ
2396 4252 2698 4323 περιφερὴς
2742 4247 2896 4313 οὖσα,
2945 4252 3109 4322 μηδὲν
3149 4253 3284 4324 αὐτῇ
3336 4253 3448 4307 δεῖν
3484 4256 3626 4325 μήτε

2033 4346 2193 4416 ἀέρος
2223 4345 2358 4416 πρὸς
2391 4345 2450 4397 τὸ
2486 4344 2561 4416 μὴ
2595 4347 2818 4408 πεσεῖν,
2845 4346 2983 4416 μήτε
3030 4344 3193 4416 ἄλλης
3236 4347 3484 4416 ἀνάγκης
3519 4363 3628 4417 μη-

2032 4439 2227 4508 δεμιᾶς
2269 4437 2526 4510 τοιαύτης
2547 4457 2558 4466 ·
2590 4438 2705 4492 ἀλλ’
2751 4440 2942 4510 ίκανήν
2976 4455 3039 4506 γε
3077 4435 3216 4492 εἶναι
3250 4438 3423 4510 αὐτὴν
3449 4441 3627 4509 ἴσχειν

2033 4527 2131 4599 τὴν
2165 4528 2453 4599 ὁμοιότητα
2494 4528 2587 4582 τοῦ
2622 4528 2852 4601 ούρανοῦ
2881 4530 3046 4583 αὐτοῦ
3078 4529 3256 4601 ἑαυτῷ
3296 4530 3500 4602 πάντη.
3531 4533 3629 4585 καὶ

2034 4622 2132 4690 τῆς
2175 4619 2279 4690 γῆς
2320 4619 2416 4691 τὴν
2466 4622 2804 4692 ἰσορροπίανο
2863 4622 3171 4695 ’ἰσόρροπον
3201 4622 3310 4693 γὰρ
3353 4625 3627 4695 πρᾶγμα,

2032 4711 2217 4780 ὁμοίου
2256 4712 2398 4775 τινὸς
2441 4715 2497 4765 ὲν
2548 4714 2698 4785 μέσῳ
2734 4713 2911 4779 τεθὲν,
2955 4716 3054 4786 οὐχ
3098 4716 3208 4782 ἕξει
3265 4716 3470 4786 μᾶλλον
3509 4717 3626 4769 οὐδ’

2032 4798 2194 4874 ἧττον
2240 4803 2503 4873 οὐδαμόσε
2538 4804 2821 4876 κλιθῆναι·
2877 4807 3079 4877 ὁμοίως
3123 4806 3167 4859 δ’
3209 4806 3360 4877 ἔχον,
3404 4808 3631 4871 ἀκλινὲς

2038 4894 2210 4965 μένει.
2255 4894 2474 4966 Πρῶτον
2506 4897 2619 4966 ’μὲν
2661 4896 2758 4968 δὴ,
2797 4892 2832 4968 ἦ
2870 4896 2914 4949 δ’
2947 4896 3039 4961 ὂς,
3085 4897 3241 4951 τοῦτο
3291 4898 3626 4969 πέπεισμαι.

2036 4987 2146 5039 Καὶ
2183 4986 2360 5059 ὀρθῶς
2401 5004 2497 5055 γε,
2545 4989 2647 5059 ἔφη
2692 4991 2721 5042 ὁ
2764 4990 3023 5061 Σιμμίας.
3068 4991 3188 5043 Ἔτι
3231 4991 3448 5054 τοίνυν,
3491 4992 3624 5061 ἔφη,

2036 5075 2306 5146 πάμμεγά
2334 5093 2387 5129 τι
2433 5073 2570 5131 εἶναι
2610 5079 2775 5142 αὐτὸ,
2808 5081 2901 5134 καὶ
2935 5082 3083 5151 ἡμᾶς
3126 5083 3328 5142 οἰκεῖν,
3363 5082 3492 5143 τοὺς
3524 5084 3629 5151 μέ-

2034 5182 2157 5236 χρις
2199 5166 2533 5237 Ἡρακλείων
2584 5170 2794 5240 στηλῶν
2842 5171 2950 5224 ἀπὺ
2998 5171 3243 5234 Φάσιδος,
3292 5174 3349 5225 ἐν
3401 5171 3628 5242 σμικρῷ

2033 5274 2140 5309 τινι
2188 5258 2392 5329 μορίῳ,
2432 5258 2619 5331 ὥσπερ
2660 5261 2789 5333 περὶ
2832 5260 3005 5331 τέλμα
3038 5261 3381 5333 μύρμηκας,
3438 5263 3472 5333 ἢ
3522 5261 3631 5332 βα-

2032 5351 2269 5421 τράχους
2311 5351 2439 5423 περί
2481 5352 2578 5424 τὴν
2620 5353 2887 5408 θάλατταν
2923 5355 3237 5420 οἰκοῦντας,
3288 5356 3386 5409 καὶ
3427 5354 3629 5419 ἄλλους

2034 5441 2222 5496 ἄλλοθι
2268 5442 2493 5506 πολλοὺς
2536 5446 2595 5499 ὲν
2638 5444 2851 5510 πολλοῖς
2892 5445 3154 5510 τοιούτοις
3194 5447 3381 5515 τόποις
3426 5449 3623 5502 οἰκεῖν.

2028 5689 2334 5744 Ριοιοιιοηι.
2369 5698 2501 5740 Nam
2537 5695 2699 5753 paulo
2737 5700 2905 5753 p051,
2944 5683 3051 5736 hoc
3095 5689 3180 5735 est
3212 5689 3371 5734 vcrsu
3404 5673 3611 5731 abhinc

2029 5761 2196 5817 tertio
2234 5759 2375 5814 idem
2411 5752 2712 5827 πέπεισμαι
2742 5752 3023 5827 repetitur.
