3826 6232
172 381 281 439 963

1390 375 1712 436 PREPAR.
1753 373 2008 433 EVANG.
2047 373 2178 433 LIB.
2218 372 2311 431 XI.

3329 370 3435 428 Μ

172 497 438 567 ςυσῶσιν,
463 498 570 570 ὅπη
598 497 662 551 ἀν
695 497 898 567 τύχωσι
929 497 1030 571 τῆς
1059 500 1183 571 γῆς.
1214 498 1414 552 Τούτου
1446 497 1504 553 δὲ
1534 492 1597 553 αὖ
1627 512 1760 552 κατ-

1871 507 2021 564 quem
2050 490 2612 566 Pyriphlegctboutem
2648 490 2955 557 nominant,
3004 492 3163 564 cuqu
3190 492 3431 562 particu-

168 591 400 661 ιντικρὺ
450 592 481 644 6
523 590 781 662 τέταρτος
812 591 1066 645 ἐκπίπτει
1098 594 1179 655 είς
1209 589 1373 644 τόπον
1400 589 1617 662 πρῶτον
1649 590 1759 643 δει-

180 682 262 738 ύν
300 700 361 737 τε
414 684 509 736 καὶ
552 684 774 756 ἄγριον,
807 682 885 746 ὠς
921 682 1174 752 λέγεται,
1218 682 1419 756 χρῶμα
1473 682 1531 736 δὲ
1568 681 1759 754 ἔχοντα

176 773 292 830 nov
317 769 428 828 οἶον
456 776 485 828 6
516 774 735 839 κυανδς,
767 775 828 829 δν
854 774 919 844 δὴ
947 773 1346 846 ἐπονομάζουσι
1375 774 1622 843 Στύγιον.
1648 774 1760 827 Καὶ

183 866 270 937 τὴν
322 865 521 937 λίμνην
567 870 713 921 ποιεῖ
751 869 781 921 6
826 868 1069 938 ποταμὸς
1116 865 1402 938 ἐμϐάλλων
1454 863 1669 933 Στύγα’
1729 865 1759 917 6

175 956 212 1011 .i‘
255 956 514 1027 ἐμπεσὼν
560 956 816 1023 ἐνταῦθα,
862 959 956 1011 καὶ
988 957 1170 1021 δεινάς
1198 956 1456 1026 δυνάμεις
1486 953 1668 1009 λαϐὼν
1701 955 1758 1006 ὲν

180 1047 246 1119 τῷ
281 1047 453 1113 ὕδατι,
485 1049 580 1112 δὺς
627 1049 771 1103 κατά
814 1048 916 1119 τῆς
964 1050 1088 1121 γῆς,
1144 1049 1238 1103 κατι⁹
1283 1046 1759 1118 περιελιττόμενος

172 1144 337 1214 ,εωρεῖ
385 1141 627 1207 ὲναντίος
668 1141 747 1213 τῷ
794 1142 1272 1215 Πυριφλεγέθοντι,
1318 1142 1414 1195 καὶ
1450 1141 1670 1209 ἀπαντᾷ
1699 1140 1758 1192 ὲν

176 1236 231 1305 ,ᾖ
276 1233 598 1307 Ἀχερουσία
639 1234 803 1308 λίμνῃ
847 1233 1176 1299 ἐξεναντίας.
1223 1235 1333 1287 Καὶ
1364 1232 1486 1286 οὐδὲ
1527 1231 1587 1284 τὸ
1632 1230 1756 1283 τού-

162 1343 261 1379 του
312 1324 457 1397 ὕδωρ
490 1327 669 1380 οὐδενὶ
724 1326 1011 1397 μίγνυται,
1065 1325 1201 1380 ἀλλὰ
1246 1326 1341 1379 καὶ
1376 1320 1528 1387 οὗτος
1574 1321 1758 1392 κύκλῳ

165 1416 488 1488 περιελθὼν,
521 1417 769 1472 ἐκϐάλλει
813 1419 892 1482 είς
936 1418 1028 1471 τὸν
1074 1418 1358 1489 Τάρταρον
1395 1415 1640 1476 ἐναντίος
1679 1411 1757 1483 τῷ

158 1498 649 1579 Πυριφλεγέθοντι.
682 1510 889 1578 Ὄνομα
921 1508 977 1562 δὲ
1009 1508 1183 1576 τούτῳ
1208 1508 1375 1571 ἐστὶν,
1407 1506 1484 1569 ὡς
1514 1502 1565 1558 οἱ
1598 1522 1755 1575 ποιη-

162 1602 259 1656 ταὶ
285 1600 524 1670 λέγουσι,
562 1602 832 1665 Κωκυτός
870 1601 1087 1655 Τούτων
1128 1602 1184 1656 δὲ
1218 1600 1362 1655 οὕτω
1410 1598 1753 1668 πεφυκότων,

163 1691 391 1746 ἑπειδάν
420 1693 723 1761 ἀφίκωνται
756 1693 806 1744 οἱ
843 1691 1289 1763 τετελευτηκότες
1319 1691 1400 1755 εἰς
1444 1689 1536 1743 τὸν
1565 1689 1751 1751 τόπον,

1860 583 1946 641 las
1978 584 2081 656 ipsi
2105 598 2325 655 quoque
2355 582 2479 650 rivi,
2506 597 2726 653 quaqua
2756 591 3028 640 terrarum
3043 583 3432 656 ϐείω-,θηρί-

1860 685 2006 731 rant.
2032 674 2173 732 Huic
2193 677 2458 732 adversus
2484 675 2613 730 item
2637 684 2890 746 quartus,
2913 676 3150 746 primum
3172 676 3227 732 in
3251 677 3433 734 locum

1859 767 2099 837 erumpit
2129 767 2469 828 horribilem,
2497 776 2558 822 ut
2583 767 2759 834 aiunt,
2782 776 2837 824 et
2868 769 3203 839 squalidum,
3232 777 3436 826 totum-

1860 874 1970 930 que
1999 860 2184 916 colore
2227 858 2462 915 caeruleo
2520 859 2784 928 persimili
2818 860 3068 927 tinctum,
3097 862 3263 933 vulgo
3314 862 3437 933 Sty-

1860 951 2008 1023 gium
2033 952 2338 1007 nominant.
2375 950 2424 1007 Is
2453 967 2562 1022 qua
2599 968 2721 1009 sese
2753 963 2906 1024 parte
2934 954 3184 1018 effundit,
3206 953 3434 1026 Stygem

1859 1057 2079 1113 quoque
2114 1042 2365 1112 paludem
2395 1042 2588 1109 ellicit,
2645 1045 2698 1099 in
2732 1060 2897 1115 quam
2947 1046 3076 1101 dum
3109 1049 3433 1118 prorumpit.

1860 1134 2019 1189 novis
2060 1134 2182 1203 ejus
2213 1149 2370 1205 aquae
2397 1135 2608 1191 viribus
2654 1136 2912 1207 majorem
2946 1138 3001 1193 in
3035 1140 3258 1195 modum
3288 1141 3436 1195 iutu-

1858 1242 2130 1293 mcscens,
2153 1227 2317 1282 altam
2345 1228 2449 1283 sub
2474 1237 2675 1283 terram
2697 1230 2863 1297 subit,
2892 1230 2981 1285 ubi
3014 1233 3177 1304 longo
3204 1234 3435 1289 circuitu

1858 1319 2121 1375 adversus
2151 1318 2530 1391 Phlegethonti
2581 1322 2837 1390 volvitur,
2888 1324 3063 1380 donec
3095 1326 3219 1396 ipsi,
3265 1328 3437 1383 altera

1858 1426 1923 1467 ex
1941 1412 2185 1482 parte,ad
2201 1412 2555 1468 Acherusiam
2572 1415 2821 1486 paludem
2840 1417 3282 1490 υσθυε-τοιῇδε
3295 1420 3436 1475 Idem

1856 1519 2023 1577 porro
2053 1506 2254 1561 undam
2301 1522 2521 1579 quoque
2571 1523 2729 1564 suam
2785 1510 2878 1563 alii
2929 1510 3251 1580 permistam
3301 1512 3436 1567 nulli

1857 1598 2146 1665 retinens,
2197 1611 2322 1669 post
2368 1602 2569 1657 multas
2610 1603 2831 1658 demum
2882 1601 3161 1667 ﬂexiones,
3213 1617 3332 1659 sese
3381 1604 3438 1659 in

1858 1689 2147 1747 Tartarum
2194 1691 2688 1764 Pyriphlegethonti
2735 1694 2989 1750 similiter
3036 1694 3301 1751 adversus
3343 1711 3439 1750 ex-

162 1777 266 1838 οἷό
285 1784 506 1854 Δαίμων
530 1784 756 1838 ἕκαστον
778 1783 1013 1855 κομίζει,
1034 1784 1247 1856 πρῶτον
1275 1783 1371 1853 μὲν
1389 1781 1758 1837 διεδικάσαντο

1871 1794 2075 1841 onerat.
2109 1786 2193 1853 Ei,
2223 1786 2268 1843 si
2299 1787 2475 1857 poetis
2521 1788 2817 1856 credimus,
2870 1789 3077 1860 Cocyto
3109 1803 3309 1845 nomen
3333 1795 3436 1844 est.

160 1876 222 1928 οἵ
243 1893 307 1929 τε
344 1875 528 1938 καλῶς
561 1876 653 1930 καὶ⁵
679 1876 840 1939 ὁσίως
881 1878 975 1931 καὶ
1005 1874 1228 1939 δικαίως
1262 1874 1576 1946 βιώσαντες,
1595 1873 1690 1927 καὶ
1714 1867 1764 1926 οἱ

1871 1876 1983 1934 Hoc
2012 1886 2156 1934 statu
2195 1893 2404 1944 rerum,
2457 1887 2518 1935 ut
2551 1880 2788 1950 primum
2820 1892 2886 1936 eo
2915 1881 3116 1936 mortui
3150 1882 3443 1945 devenere,

166 1969 243 2039 μή
270 1968 398 2029 ,Καὶ
423 1966 474 2020 οἵ
494 1969 591 2038 μὲν
615 1967 679 2020 ἂν
697 1967 889 2034 δόξωσι
910 1968 1092 2038 μέσως
1115 1966 1453 2038 βεϐιωκέναι,
1477 1962 1762 2036 πορευθέν-

161 2076 259 2121 τες
286 2058 382 2110 ἐπὶ
409 2056 501 2110 τὸν
531 2059 837 2131 Ἀχέροντα,
866 2060 1162 2122 ἀναϐάντες
1184 2059 1218 2112 ἃ
1237 2057 1301 2129 δὴ
1323 2059 1415 2110 καὶ
1441 2058 1622 2119 αὐτοῖς
1640 2055 1761 2125 67f,-

166 2151 323 2220 ματά
353 2153 519 2214 ἐστιν,
550 2153 642 2205 ἐπὶ
664 2152 849 2206 τοῦτον
881 2153 990 2224 ('56)
1017 2150 1370 2222 ἀφικνοῦνται
1401 2151 1481 2212 είς
1509 2149 1609 2218 τὴν
1630 2148 1757 2217 λίμ-

162 2259 291 2312 νην.
325 2244 435 2296 Καὶ
467 2246 583 2297 ἐκεῖ
636 2243 845 2298 οίκοῦσί
884 2262 944 2298 τε
989 2244 1083 2298 καὶ
1126 2242 1532 2313 καθαιρόμενοι,
1561 2240 1669 2293 τῶν
1702 2256 1760 2292 τε

164 2335 525 2405 ἀδικημάτων
555 2336 783 2399 διδόντες
808 2335 980 2399 δίκας,
1018 2334 1340 2389 ἀπολύονται
1367 2332 1420 2385 εἴ
1447 2332 1530 2395 τίς
1563 2349 1615 2384 τι
1643 2331 1761 2400 ἠδί-

165 2444 312 2494 κηκε
334 2445 347 2457 ·
379 2427 486 2481 τῶν
516 2446 575 2481 τε
604 2428 932 2499 εὐεργεσιῶν
963 2429 1129 2499 τιμάς
1176 2428 1450 2499 φέρονται,
1483 2424 1624 2478 κατά
1663 2423 1761 2494 τὴν

166 2517 333 2584 ἀξίαν
355 2518 586 2582 ’ἕκαστος
604 2535 618 2548 ·
651 2518 699 2571 οἳ
725 2518 769 2570 δ’
797 2519 862 2571 ἂν
883 2518 1104 2583 δόξωσιν
1135 2518 1368 2579 ἀνιάτως
1401 2516 1543 2585 ἔχειν
1577 2513 1664 2566 διὰ
1693 2514 1763 2568 τὰ

173 2611 383 2683 μεγέθη
426 2610 535 2663 τῶν
559 2612 994 2681 ἁμαρτημάτων,
1022 2610 1054 2681 ἢ
1103 2607 1405 2681 ἱεροσυλίας
1436 2605 1637 2668 πολλὰς
1669 2605 1764 2657 καὶ

174 2700 442 2770 μεγάλας,
474 2699 507 2769 ἢ
535 2701 725 2770 φόνους
757 2700 976 2762 ἀδίκους
1016 2700 1112 2752 καὶ
1155 2689 1765 2769 τ’..αρανόμους’πολλοὺς

171 2793 672 2864 ὲξειργασμένοι,ῆ
718 2792 853 2845 ἄλλα
895 2793 994 2845 ὅσα
1035 2790 1260 2844 τοιαῦτα
1304 2788 1563 2858 τυγχάνει
1603 2786 1759 2839 ὄντα·

170 2885 399 2948 τούτους
429 2885 486 2938 δὲ
515 2887 548 2955 ἡ
580 2885 931 2956 προσήκουσα
965 2886 1131 2954 μοῖρα
1174 2883 1355 2953 ρίπτει
1388 2883 1468 2944 είς
1500 2880 1591 2933 τὸν
1623 2878 1767 2950 Τάρ-

173 2994 363 3049 ταρον,
387 2977 507 3031 ὅθεν
535 2976 730 3030 οὔποτε
757 2976 1096 3029 ἐκϐαίνουσιν
1115 2991 1128 3004 ο
1159 2973 1208 3026 οἶ
1258 2974 1305 3026 δ’
1328 2972 1394 3025 ἂν
1428 2971 1620 3041 ἰάσιμα
1644 2969 1765 3040 μὲν,

179 3069 395 3138 μεγάλα
440 3070 496 3123 δὲ
534 3070 756 3135 δόξωσιν
798 3066 1180 3139 ἡμαρτηκέναι
1229 3064 1622 3137 ἁμαρτήματα,
1654 3055 1765 3115 οἷον

177 3163 315 3235 πρὸς
356 3162 565 3233 πατέρα
594 3161 628 3232 ἦ
667 3161 875 3232 μητέρα
906 3161 997 3221 ὑπ’
1029 3158 1200 3230 ὀργῆς
1244 3158 1418 3229 βίαιόν
1452 3173 1504 3210 τι
1536 3153 1771 3225 πράξαν-

175 3271 291 3318 τες,
337 3254 434 3308 καὶ
476 3254 779 3324 μεταμέλον
826 3253 1011 3315 αὐτοῖς
1054 3251 1145 3304 τὸν
1195 3250 1353 3304 ἄλλον
1393 3248 1506 3320 βίον
1557 3245 1765 3317 βιῶσιν,

175 3344 211 3411 ἢ
251 3344 364 3413 (37)
392 3342 727 3414 ἀνδροφόνοι,
756 3342 790 3412 ἢ
820 3339 1044 3410 τοιούτῳ
1080 3339 1268 3410 τρόπῳ
1296 3338 1442 3408 ἄλλῳ
1468 3337 1765 3407 γένωνται·

175 3435 403 3500 τούτους
445 3436 491 3489 δ’
534 3436 795 3506 ἐμπεσεῖν
826 3433 925 3505 μὲν
964 3435 1044 3498 είς
1078 3435 1170 3487 τὸν
1213 3430 1496 3504 Τάρταρον
1530 3430 1766 3501 ἀνάγκη,

174 3527 523 3602 ἐμπεσόντας
550 3526 608 3580 δὲ
632 3526 849 3589 αὐτοὺς,
882 3526 976 3578 καὶ
1008 3523 1254 3578 ἐνιαυτὸν
1297 3524 1415 3579 ἐκεῖ
1446 3521 1772 3593 γενομένους

176 3620 434 3678 ἐκϐάλλει
465 3620 526 3674 τὺ
560 3613 735 3691 κῦμα,
784 3619 911 3682 τοὺς
955 3618 1052 3688 μὲν
1093 3615 1469 3688 ἀνδροφόνους,
1505 3613 1646 3668 κατά
1681 3613 1775 3667 τὸν

176 3713 466 3776 κωκυτὸν,
495 3711 621 3777 τοὺς
664 3711 722 3764 δὲ
771 3708 1099 3782 πατραλῴας
1139 3709 1234 3763 καὶ
1272 3704 1600 3780 μητραλῴας
1632 3703 1774 3760 κατά

173 3807 272 3863 τὸν
291 3802 798 3876 Πυριφλεγέθοντα⁸
825 3800 1046 3855 ἐπειδὰν
1076 3800 1132 3854 δὲ
1154 3799 1476 3871 φλεγόμενοι
1508 3797 1773 3866 γένωνται

160 3897 330 3954 ’κατά
382 3895 482 3966 τὴν
530 3895 727 3965 λίμνην
769 3892 868 3964 τὴν
905 3892 1311 3965 ’Δχερουσιάδα,
1350 3890 1581 3946 ἐνταῦθα
1610 3890 1774 3962 βοῶσί

177 4007 243 4045 τε
286 3989 386 4045 καὶ
430 3989 705 4049 καλοῦσιν,
754 3988 804 4040 οἱ
848 3984 946 4057 μὲν
989 3983 1084 4047 οὓς
1129 3985 1475 4050 ἀπέκτειναν,
1508 3985 1558 4037 oi
1595 3983 1652 4037 δὲ
1683 3981 1777 4047 οὓς

182 4080 449 4155 ὕϐρισανο
484 4078 811 4141 καλέσαντες
832 4076 890 4130 δὲ
918 4074 1239 4141 ἱκετεύουσι,
1266 4076 1361 4129 καὶ
1384 4075 1594 4130 δέονται
1617 4075 1777 4129 ἐᾶσαι

184 4175 335 4242 σφᾶς
370 4171 597 4242 ἐκϐῆναι
628 4173 708 4233 είς
738 4168 837 4240 τὴν
863 4167 1081 4239 λίμνην,
1108 4168 1203 4221 καὶ¹
1231 4166 1507 4232 δέξασθαι.
1539 4166 1650 4220 Καὶ
1681 4164 1776 4218 ἐὰν

188 4267 292 4338 μὲν
316 4263 600 4325 πείσωσιν,
624 4260 936 4314 ἐκϐαίνουσί
967 4276 1026 4314 τε
1057 4260 1152 4313 καὶ
1176 4258 1404 4329 λήγουσι
1428 4257 1535 4311 τῶν
1562 4256 1775 4311 κακῶν·

183 4361 237 4412 εί
264 4356 321 4411 δὲ
355 4354 450 4427 μὴ,
481 4353 735 4425 φέρονται
764 4346 920 4415 αὖθις
956 4351 1038 4413 είς
1069 4349 1160 4402 τὸν
1192 4349 1496 4421 Τάρταρον,
1526 4346 1779 4403 κακεῐθεν

187 4449 355 4504 πάλιν
389 4448 471 4510 είς
501 4447 625 4510 τοὺς
668 4442 980 4514 ποταμούς⁸
1029 4442 1123 4496 καὶ
1162 4439 1336 4494 ταῦτα
1381 4439 1682 4509 πάσχοντες
1715 4438 1778 4491 οὐ

187 4542 460 4615 πρότερον
492 4539 775 4602 παύονται,
810 4536 940 4608 πρὶν
969 4534 1034 4590 ἂν
1059 4535 1320 4588 πείσωσιν
1357 4530 1452 4597 οὒς
1477 4530 1740 4602 ἠδίκησαν
1760 4547 1774 4562 ο

185 4635 328 4707 αὕτη
357 4632 468 4706 γὰρ
498 4634 534 4704 ἡ
567 4631 688 4703 δίκη
718 4629 825 4683 ὑπὸ
875 4628 984 4682 τῶν
1020 4626 1291 4683 δικαστῶν
1340 4624 1522 4687 αὐτοῖς
1552 4620 1774 4693 ἐτάχθη.

189 4728 256 4780 Οἱ
301 4725 361 4779 δὲ
417 4725 482 4794 δὴ
530 4723 595 4777 ἂν
644 4720 836 4788 δόξωσι
885 4719 1252 4791 διαφερόντως
1304 4714 1441 4786 πρὸς
1492 4713 1554 4768 τέ)
1620 4711 1781 4775 ὁσίως

192 4816 388 4887 βιῶναι
410 4854 426 4878 ,
469 4806 615 4866 οὗτοὶ
668 4814 805 4865 εἰσιν
858 4812 905 4863 οἱ
953 4808 1119 4862 τῶνδε
1165 4806 1265 4878 μὲν
1305 4805 1411 4858 τῶν
1444 4803 1624 4857 τόπων
1670 4801 1780 4854 τῶν

190 4912 251 4962 ὲν
293 4910 360 4978 τῇ
408 4908 479 4976 γῇ
534 4900 973 4976 ἐλευθερούμενοί
1023 4917 1082 4953 τε
1130 4900 1225 4954 καὶ
1277 4895 1779 4966 ἀπαλλαττόμενοι,

190 4992 388 5071 ὥσπερ
424 4996 832 5067 δεσμωτηρίων,
857 4994 970 5048 ἀνω
1005 4994 1061 5046 δὲ
1090 4995 1169 5055 εἰς
1220 4990 1318 5062 τὴν
1360 4987 1605 5060 καθαρὰν
1629 4985 1782 5055 οἴκη-

193 5110 282 5148 σιν
313 5086 853 5160 ἀφικνούμενοικκαὶ
887 5087 979 5139 ἐπὶ
999 5085 1096 5155 τῆς
1129 5082 1233 5153 γῆς
1266 5081 1613 5151 οίκιξόμενοι.
1647 5079 1784 5132 Τού-

191 5201 304 5239 των
363 5180 421 5234 δὲ
477 5179 655 5233 αὐτῶν
714 5179 763 5232 οἱ
818 5175 1103 5247 φιλοσοφίᾳ
1151 5173 1348 5237 ἱκανῶς
1412 5171 1782 5245 καθηράμενοι

193 5275 325 5329 ἄνευ
356 5289 419 5326 τε
444 5272 708 5343 καμάτων
730 5270 839 5341 (58)
860 5268 993 5334 ζῶσι
1024 5265 1349 5336 τοπαράπαν
1369 5265 1451 5327 εἰς
1477 5263 1568 5317 τὸν
1594 5262 1783 5316 ἔπειτα

191 5368 413 5440 χρόνον,
444 5366 538 5419 καὶ
568 5365 648 5429 εἰς
703 5365 947 5443 οἰκήσεις
991 5359 1070 5413 ἔτι
1116 5360 1319 5412 τούτων
1376 5354 1627 5419 καλλίους
1653 5357 1784 5423 ἀφι-

194 5459 477 5523 κνοῦνται,
538 5455 605 5522 ἃς
648 5454 775 5509 οὔτε
820 5454 999 5527 ῥᾴδιον
1048 5451 1307 5524 δηλῶσαι,
1356 5448 1479 5503 οὔτε
1524 5450 1553 5502 6
1598 5447 1786 5519 χρόνος

269 5639 389 5709 (56)
427 5639 602 5699 Plato.
633 5638 856 5709 τούτων.

273 5708 393 5770 (37)
433 5709 608 5764 Plato.
638 5725 742 5763 om.
1494 5771 1504 5781 .

274 5782 392 5831 t38l
433 5778 740 5831 Καιιάτων.
845 5780 974 5831 lato.
1013 5774 1300 5831 σωμάτων.
1348 5770 1504 5826 0mm

274 5769 392 5851 (38)
433 5778 751 5851 Καμάςων,
797 5769 974 5841 Plato,
1013 5774 1300 5851 σωμάτων.
1348 5770 1584 5851 Omnino
1622 5769 1788 5825 Euse-

201 5840 347 5911 bius.
366 5840 628 5924 καμάτων
657 5850 803 5920 legit,
827 5840 1285 5919 quemadmodum
1317 5854 1369 5898 et
1392 5840 1786 5907 Thcodoretus,

1864 1987 1976 2043 quo
2000 1972 2213 2028 daemon
2247 1987 2521 2043 quemque
2556 1973 2717 2044 rapit,
2764 1973 3031 2044 judicium
3084 1985 3210 2029 ante
3256 1976 3441 2029 omnia

1865 2065 2121 2132 subeunt,
2155 2073 2272 2121 tum
2306 2066 2401 2136 qui
2458 2066 2617 2132 bene,
2666 2074 2855 2122 sancte
2882 2067 3136 2139 justeque
3170 2066 3439 2128 vixerunt,

1864 2168 1979 2213 tum
2012 2158 2106 2229 qui
2157 2172 2335 2214 secus.
2369 2156 2522 2223 lude,
2570 2158 2666 2231 qui
2699 2158 2931 2213 mediam
2968 2158 3107 2213 inter
3154 2167 3445 2227 utramque

1864 2248 1990 2301 vitae
2039 2247 2306 2302 rationem
2359 2250 2599 2304 tenuisse
2646 2249 2952 2312 videantur,
2997 2249 3033 2303 ii
3081 2248 3445 2305 Acheruntem

1866 2345 2134 2407 petentes,
2162 2339 2484 2394 conscensis
2518 2339 2629 2395 illic
2660 2339 2777 2394 suis
2809 2339 3016 2413 quique
3042 2339 3330 2403 vehiculis,
3376 2341 3444 2394 ad

1866 2429 2116 2499 paludem
2156 2445 2332 2499 usque
2364 2430 2702 2486 deferuntur.
2737 2429 2815 2487 lbi
2868 2432 3072 2501 degunt
3104 2431 3442 2502 aliquandiu,

1866 2523 2041 2578 donec
2069 2538 2298 2593 prorsus
2342 2523 2567 2592 expiati,
2601 2525 2889 2594 poenisque
2928 2524 3219 2578 criminum
3256 2538 3445 2594 perso-

1865 2611 2019 2677 lutis,
2052 2611 2316 2683 quidquid
2346 2622 2471 2667 ante
2501 2614 2862 2682 peccaverint,
2890 2615 3282 2668 absolvuntur:
3309 2615 3443 2684 quin

1866 2703 2029 2757 etiam
2080 2702 2471 2758 beneﬁciorum
2522 2719 2741 2775 quoque
2787 2721 3014 2761 suorum
3063 2706 3305 2776 praemia,
3345 2720 3447 2777 pro

1868 2810 1968 2852 sua
2000 2796 2205 2866 quique
2236 2795 2502 2867 dignitate
2529 2796 2727 2852 ferunt.
2760 2800 2829 2851 At
2859 2799 2976 2869 qui,
3024 2806 3245 2868 propter
3277 2800 3449 2854 socie-

1869 2906 1991 2945 rum
2023 2891 2391 2956 atrocitatem,
2419 2889 2601 2945 locum
2631 2891 2874 2945 remedio
2915 2890 3124 2945 nullum
3161 2889 3449 2959 reliquisse

1869 2974 2176 3041 videantur,
2218 2983 2405 3044 utpote
2435 2975 2643 3030 crebris
2669 2983 2723 3028 et
2755 2974 3088 3029 immanibus
3122 2975 3446 3046 sacrilegiis.

1871 3072 1966 3120 aut
1991 3065 2242 3136 plurimis
2275 3066 2514 3121 caedibus
2544 3066 2750 3121 nefarie
2774 3074 2828 3121 et
2859 3074 3050 3121 contra
3082 3066 3227 3137 leges
3258 3081 3452 3124 omnes

1876 3159 2223 3228 perpetratis,
2258 3167 2313 3213 et
2339 3160 2461 3213 aliis
2486 3158 2757 3227 ejusmodi
2792 3159 3023 3229 piaculis
3054 3159 3274 3231 obligati
3304 3178 3317 3213 :
3348 3160 3451 3214 hos

1875 3265 2004 3305 vero
2040 3250 2203 3320 digna
2236 3250 2398 3321 plane
2429 3267 2551 3307 sors
2580 3249 2632 3307 in
2661 3248 2976 3317 Tartarum,
3004 3252 3150 3305 unde
3173 3265 3450 3321 nunquam

1870 3352 2173 3411 emergant.
2214 3344 2519 3415 praecipites
2564 3342 2696 3413 agit.
2744 3341 2865 3397 Jam
2902 3357 3042 3412 quos
3087 3358 3150 3398 ea
3196 3342 3453 3413 peccasse

1871 3435 2198 3502 constiterit,
2239 3453 2358 3506 qua:
2405 3445 2465 3490 ut
2505 3435 2851 3491 curationem
2901 3435 3214 3499 admittant,
3266 3436 3452 3507 gravia

1873 3534 2055 3581 tamen
2107 3541 2205 3597 per
2237 3542 2358 3583 sese
2406 3528 2561 3594 sint;
2615 3536 2676 3582 ut
2721 3528 2766 3580 si
2808 3528 3071 3581 adversus
3118 3536 3325 3598 patrem
3358 3537 3454 3581 aut

1873 3630 2103 3676 matrem
2150 3620 2433 3691 indignum
2467 3620 2746 3691 quidpiam
2809 3619 3089 3674 iracundia
3137 3617 3455 3673 stimulante

1873 3710 2272 3777 commiserint,
2295 3725 2500 3782 eosque
2535 3711 2741 3780 reliqua
2773 3710 3028 3779 deinceps
3050 3708 3162 3763 Vita
3192 3705 3456 3777 penitus-

1878 3791 1990 3860 rit;
2030 3803 2124 3851 aut
2161 3799 2208 3854 si
2248 3802 2354 3859 alis
2407 3814 2740 3871 quocunque
2777 3800 2942 3855 modo
2990 3798 3154 3854 credis
3201 3798 3455 3852 humana

1875 3891 1953 3946 rei
1982 3890 2223 3946 fuerint:
2251 3907 2347 3947 eos
2370 3890 2589 3962 quidem
2614 3892 2668 3946 in
2694 3890 2986 3946 Tartarum
3006 3889 3203 3947 cadere
3233 3904 3456 3946 necesse

1875 3998 1982 4050 εει,
2014 3986 2109 4041 sed
2141 3996 2323 4041 tamen
2350 3997 2544 4041 exacto
2568 3986 2696 4041 anni
2727 3988 2889 4043 unius
2917 3985 3213 4051 curriculo,
3235 3984 3454 4041 eosdem

1878 4077 2077 4135 lluctus
2104 4077 2275 4149 ejicit,
2309 4087 2364 4133 et
2409 4080 2713 4135 homicidas
2741 4080 2960 4150 quidem
2992 4088 3220 4135 caeteros
3252 4078 3306 4133 in
3350 4075 3457 4132 Co-

1877 4180 2084 4243 cytum,
2134 4171 2437 4241 parricidas
2470 4181 2651 4228 autem
2689 4172 2771 4226 vel
2820 4171 3137 4228 matriridas
3187 4170 3243 4226 in
3294 4168 3457 4242 Pyri-

1878 4262 2347 4332 phlegethontem.
2388 4260 2451 4315 lli
2484 4271 2773 4334 postquam
2811 4262 2877 4317 ad
2909 4262 3268 4318 Acherusiam
3303 4261 3461 4333 paluo

1880 4356 2002 4408 dem
2029 4354 2193 4409 delati
2229 4353 2453 4421 fuerint,
2491 4363 2605 4409 tum
2640 4356 2846 4426 ingenti
2886 4356 3130 4411 clamore
3164 4355 3459 4426 appellant.

1882 4446 1997 4502 sive
2021 4461 2165 4515 quos
2196 4444 2594 4513 interfecerint,
2623 4446 2738 4502 sive
2765 4447 2968 4518 quibus
3012 4446 3271 4517 injuriam
3317 4444 3459 4501 l'ece-

1810 4565 1854 4621 Β
1883 4533 2015 4599 rint,
2050 4534 2344 4589 obsecrant
2373 4535 2570 4590 deinde
2602 4544 2767 4605 atque
2804 4535 3165 4604 obtestantur,
3200 4536 3280 4590 uti
3315 4552 3373 4589 se
3407 4536 3459 4590 in

1885 4641 2008 4681 eam
2036 4627 2285 4697 paludem
2315 4628 2522 4694 subire,
2552 4629 2736 4698 ibique
2766 4628 2932 4698 recipi
2974 4628 3275 4701 patiantur.
3304 4626 3458 4694 Quod

1883 4718 2105 4788 quidem
2137 4719 2429 4789 impetrare
2459 4720 2504 4774 si
2544 4721 2775 4789 possint,
2811 4729 2926 4775 tum
2958 4735 3024 4775 eo
3058 4720 3316 4783 subeunt,
3349 4734 3463 4772 nia-

1884 4810 2173 4885 lorumque
2208 4827 2439 4866 suorum
2480 4811 2641 4869 linem
2687 4812 2981 4881 accipiunt.
3014 4809 3110 4865 Sin
3162 4810 3367 4873 minus,
3405 4810 3461 4864 in

1883 4899 2171 4957 Tartarum
2221 4902 2457 4972 indeque
2506 4916 2703 4956 rursus
2751 4900 2804 4954 in
2854 4899 3078 4955 ﬂumina
3128 4899 3458 4954 referuntur.

1883 4990 2007 5058 Quo
2058 4990 2311 5060 supplicii
2356 5004 2553 5061 genere
2604 5003 2714 5043 non
2751 4996 2877 5042 ante
2926 4987 3251 5053 liberantur,
3295 5002 3462 5057 quam

1883 5100 1978 5140 eos
2009 5083 2213 5155 quibus
2246 5081 2497 5152 injuriosi
2548 5080 2774 5144 fuerint,
2818 5079 3133 5135 cxorarint:
3162 5078 3281 5134 haec
3315 5079 3464 5132 enim

1885 5176 1993 5232 illis
2019 5191 2049 5230 a
2088 5173 2367 5244 judicibus
2390 5172 2686 5229 constituta
2714 5186 2878 5243 poma
2902 5179 3004 5226 est.
3036 5167 3342 5232 Postremo,
3369 5166 3466 5237 qui

1885 5267 2168 5322 excellenti
2200 5267 2433 5337 quadam
2465 5275 2521 5321 et
2548 5265 2748 5321 eximia
2776 5264 2900 5320 vita:
2934 5261 3298 5319 sanctimonia
3325 5275 3467 5333 prae-

1885 5358 2450 5423 stitissevideantur,ii
2466 5359 2684 5413 demum
2699 5374 2761 5414 ex
2782 5357 3010 5412 terrenis
3027 5354 3469 5424 hiscelocis,qui-

1887 5453 2115 5509 busdam
2135 5450 2303 5525 569
2331 5450 2490 5523 quasi
2506 5449 2817 5507 carceribus
2834 5448 3011 5506 educti
3030 5455 3193 5519 atque
3228 5445 3442 5502 liberati

1891 5639 1947 5685 ut
1977 5639 2190 5703 constat
2212 5644 2276 5683 ex
2309 5630 2484 5698 primo
2509 5646 2667 5686 versu
2703 5629 2895 5685 litterae
2918 5627 2983 5694 D,
3030 5628 3172 5685 infra
3212 5629 3317 5686 hac
3340 5645 3466 5703 pag.

1890 5702 1981 5755 ubi
2015 5700 2204 5755 eadem
2237 5716 2339 5773 vox
2368 5712 2421 5755 et
2460 5703 2741 5773 repetitur,
2773 5710 2825 5755 et
2859 5715 2982 5756 cum
3020 5703 3306 5773 scripturae
3340 5700 3467 5758 ver—

1892 5773 1974 5827 bis
2001 5771 2365 5842 componitur.
