3826 6232
382 372 487 427 ιιι

383 500 448 540 ac
481 498 700 542 Sursum
731 485 782 539 in
812 485 1004 554 purius
1036 486 1256 556 aliquod
1291 486 1624 542 domicilium
1653 488 1947 558 sedemque

2062 487 2235 550 ἱκανὸς
2255 486 2312 540 ὲν
2333 485 2412 556 τῷ
2443 486 2693 558 παρόντι.

382 577 738 646 transcripti,
786 591 948 647 supra
999 585 1201 632 terram
1251 578 1474 650 degunt.
1519 578 1640 646 Quo
1679 581 1840 634 etiam
1885 597 1950 635 ex

384 685 633 731 numero,
686 668 780 738 qui
841 666 1202 737 philosophiae
1252 684 1416 738 opera
1470 669 1671 738 expiati
1727 671 1950 724 omnino

383 761 704 830 purgatique
732 759 1108 822 discesserint,
1143 759 1177 813 ii
1212 775 1315 814 non
1345 760 1504 815 modo
1533 765 1651 816 sine
1687 763 1948 819 molestiis

379 867 496 904 arvo
547 850 879 919 sempiterno
929 851 1158 912 vivunt,
1212 851 1306 905 sed
1356 851 1519 906 etiam
1575 853 1626 907 in
1677 854 1946 908 domicilia

379 943 538 1013 longe
569 943 748 998 adhuc
789 942 1056 998 nobiliora
1107 943 1445 1012 perveniunt,
1479 960 1602 1012 quae
1645 961 1742 1000 nec
1769 946 1948 1002 verbis

377 1034 685 1089 describere
714 1032 872 1088 facile
904 1034 996 1097 sit,
1030 1049 1129 1088 nec
1155 1049 1246 1103 per
1275 1042 1489 1101 tempus
1519 1051 1948 1092 commemorare

381 1123 514 1178 mihi
536 1123 648 1192 jam
678 1123 860 1178 liceat.
891 1123 1162 1178 Caeterum
1196 1123 1484 1178 videndum
1517 1126 1672 1179 nobis
1719 1136 1822 1188 est.
1872 1128 1944 1181 mi

383 1214 632 1277 Simmia,
667 1224 728 1268 ut
765 1217 928 1270 rebus
964 1219 1062 1270 abs
1093 1232 1179 1271 me
1228 1218 1664 1272 commemoratis
1706 1219 1944 1280 adducti,

374 1309 632 1360 virtutem
665 1322 728 1361 ac
757 1307 1100 1376 prudentiam
1147 1308 1248 1362 hac
1290 1309 1341 1362 in
1372 1309 1480 1362 vita
1513 1310 1767 1378 consequi
1798 1312 1946 1365 omni

375 1397 721 1453 contentione
743 1400 1079 1454 Studeamus.
1105 1400 1330 1470 Dignum
1357 1401 1502 1454 enim
1557 1403 1861 1470 praemium,
1894 1413 1948 1456 et

373 1503 570 1559 magna
602 1488 848 1558 quadarn
879 1503 1002 1557 spes
1031 1489 1353 1543 ostenditur.
1384 1508 1401 1538 ι
1439 1487 1714 1542 Hactenus
1769 1488 1942 1542 Plato.

373 1577 606 1633 Tu'vero
637 1594 762 1634 cum
805 1579 890 1632 his
918 1579 1062 1634 illius
1101 1599 1113 1632 :
1140 1598 1156 1629 ι
1195 1577 1250 1631 1η
1283 1580 1556 1633 domicilia
1586 1580 1741 1650 longe
1768 1579 1946 1633 adhuc

379 1671 647 1724 nobiliora
704 1671 1048 1740 perveniunt,
1085 1686 1207 1740 quze
1261 1687 1360 1726 nec
1406 1673 1589 1726 verbis
1635 1673 1946 1728 describere

373 1760 530 1814 facile
563 1761 657 1826 sit,
689 1776 789 1816 nec
824 1776 918 1830 per
947 1772 1158 1831 tempus
1184 1765 1312 1816 mihi
1341 1764 1455 1832 jam
1481 1763 1661 1826 liceat,
1703 1781 1721 1814 ι
1757 1762 1944 1817 confe-

1031 371 1300 427 EUSEBII
1340 372 1824 428 CIESARIENSIS
1859 373 1946 428 ΟΡ

2062 372 2237 427 PARS
2278 372 2341 426 11.
2383 398 2452 413 -
2493 371 3002 427 APOLOGETICA.

3534 371 3638 427 9η

2768 485 2927 539 Ἀλλά
2975 501 3178 539 τουτων
3213 485 3278 556 δὴ
3323 485 3484 539 ἕνεκα
3509 489 3636 558 χρὴ,

2058 572 2134 632 ὧν
2167 577 2578 650 διεληλύθαμεν,
2609 571 2653 630 ὦ
2679 577 2906 648 Σιμμία,
2941 579 3050 630 πᾶν
3100 579 3293 640 ποιεῖν,
3342 575 3482 630 ὥστε
3510 580 3640 650 ἀρε-

2055 669 2156 738 τῆς
2179 668 2273 720 καὶ
2296 668 2612 738 φρονήσεως
2635 669 2692 720 έν
2725 667 2802 737 τῷ
2833 667 2932 737 βίῳ
2961 670 3267 738 μετασχεῖν.
3320 667 3497 722 Καλὸν
3529 668 3639 739 γὰρ

2055 759 2116 812 τὸ
2135 756 2314 822 ἆθλον,
2345 759 2438 811 καὶ
2469 760 2501 828 ἠ
2532 758 2685 821 ἐλπὶς
2709 759 2939 829 μεγάλη.
2982 778 3000 810 ι
3025 756 3206 811 Ταῦτα
3235 761 3263 812 ὁ
3288 759 3527 813 Πλάτων.
3562 761 3634 815 Σὺ

2055 851 2110 904 δέ
2141 868 2206 919 γε
2234 851 2573 922 παραθήσεις
2622 851 2722 921 τῷν
2777 869 2795 902 ι
2823 852 2931 904 Καὶ
2974 853 3054 914 εἰς
3084 853 3327 922 οἰκήσεις
3387 853 3637 916 καλλίους

2055 942 2427 1009 ἀφικνοῦνται,
2461 943 2526 1005 ἃς
2555 941 2678 994 οὕτε
2736 942 2915 1012 ῥᾴδιον
2965 941 3221 1010 δηλῶσαι,
3271 943 3393 995 οὒτε
3445 945 3636 1014 χρόνος

2059 1033 2240 1097 ἱκανὸς
2269 1034 2328 1085 ὲν
2357 1033 2434 1103 τῷ
2476 1033 2756 1104 παρόντι,ι
2807 1034 2866 1086 τὸ
2919 1034 3050 1102 παρ’
3086 1034 3217 1102 ἡμῖν
3265 1032 3439 1097 οὕτως
3491 1034 3633 1104 ἕχον

2060 1143 2079 1175 ι
2129 1124 2438 1193 Ὀφθαλμὸς
2461 1123 2570 1196 γὰρ
2599 1125 2700 1177 οὐκ
2725 1120 2853 1188 εἶδε,
2888 1125 2980 1178 καὶ
3017 1122 3110 1186 οὖς
3143 1127 3242 1178 οὐκ
3299 1127 3638 1196 ἤκουσεδιαὶ

2054 1213 2145 1265 ἐπὶ
2170 1213 2397 1284 καρδίαν
2419 1213 2706 1284 ἀνθρώπου
2733 1215 2832 1268 οὐκ
2853 1215 3043 1285 ἀνέϐη,
3073 1215 3108 1269 ἀ
3137 1217 3429 1287 ἡτοίμασεν
3449 1219 3476 1269 ό
3505 1217 3638 1278 Θεὸς

2052 1308 2162 1368 τοῖς
2185 1304 2471 1372 ἀγαπῶσιν
2492 1305 2706 1358 αὐτόν-ι
2743 1309 2860 1368 ταῖς
2910 1305 2967 1358 δὲ
3012 1307 3329 1377 εἰρημέναις
3390 1310 3636 1378 οἰκήσεσι

2051 1396 2131 1461 τὸ,
2166 1415 2186 1447 t
2216 1396 2424 1460 Πολλὰς
2469 1391 2609 1451 εἶναι
2647 1397 2800 1469 παρά
2839 1397 2916 1468 τῷ
2958 1398 3133 1470 Πατρὶ
3168 1401 3281 1462 τοῖς
3333 1398 3631 1466 θεοςιλέσιν

2051 1488 2485 1558 ἐπηγγελμένας·
2518 1507 2536 1540 ι
2568 1489 2662 1542 καὶ
2694 1491 2806 1553 τοῖς
2830 1489 2962 1561 περὶ
3012 1489 3104 1542 τοῦ
3143 1489 3638 1561 Πυριφλεγέθοντος

2051 1580 2286 1651 λεχθεῖσι
2337 1581 2400 1634 τὺ
2464 1584 2576 1645 τοῖς
2627 1581 2882 1634 ἀσεϐέσιν
2923 1579 3291 1652 ὴπειλημένον
3350 1582 3466 1652 πῦρ
3507 1583 3638 1635 αἰὼ-

2051 1689 2182 1733 νιον,
2214 1672 2355 1726 κατὰ
2381 1672 2474 1725 τὸν
2500 1673 2634 1744 πρὸς
2663 1673 2858 1735 αὐτοὺς
2877 1673 3154 1740 φάσκοντα
3197 1674 3464 1745 Ἐϐραίων
3503 1691 3637 1744 προ-

2057 1763 2254 1831 φήτηψ
2305 1781 2322 1812 ι
2349 1763 2445 1825 Τίς
2471 1763 2763 1832 ἀναγγελεῖ
2791 1764 2902 1832 (59)
2937 1765 3086 1833 ὑμῖν,
3116 1765 3196 1817 ὃτι
3240 1765 3351 1836 πῦρ
3383 1765 3636 1829 καίεταις

371 1868 460 1906 ras
495 1852 654 1906 velim
696 1861 942 1906 nostrum
971 1853 1105 1906 illud
1141 1869 1153 1904 :
1192 1872 1209 1904 ι
1249 1852 1390 1920 Quia
1430 1867 1529 1908 nec
1554 1853 1744 1907 oculus
1790 1853 1947 1916 vidit,

2062 1849 2134 1913 τίς
2155 1852 2445 1921 ἀναγγελεῖ
2478 1855 2605 1924 ὑμῖν
2629 1853 2718 1906 τὸν
2763 1855 2927 1906 τόπον
2945 1854 3036 1906 τὸν
3062 1853 3310 1918 αἰώνιον;
3347 1875 3364 1906 ι
3406 1857 3500 1908 καὶ
3532 1856 3639 1908 πάι

370 1958 472 1996 nec
501 1942 650 1997 auris
679 1944 910 2006 audivit,
946 1959 1046 1998 nee
1078 1945 1130 1998 in
1161 1960 1257 1999 cor
1291 1944 1530 1999 hominis
1559 1944 1950 2010 ascenderunt,

369 2052 490 2106 qua:
520 2036 839 2105 praeparavit
859 2035 1000 2090 Deus
1020 2037 1361 2107 diligentibus
1385 2052 1444 2092 se
1462 2037 1504 2068 ³⁷
1524 2079 1538 2097 ,
1553 2037 1951 2106 ιὶιειιιίιιιθοιιιιι

372 2129 483 2183 illis
511 2128 760 2198 pluribus.
785 2130 1094 2195 domiciliis,
1118 2129 1262 2199 quod
1295 2131 1522 2185 habetur
1553 2131 1606 2183 in
1634 2129 1942 2200 Evangelio:

378 2237 396 2270 ι
436 2219 632 2275 Multas
659 2222 799 2290 apud
835 2221 1047 2276 Patrem
1082 2239 1102 2273 ι
1135 2222 1201 2276 iis
1223 2223 1314 2291 qui
1347 2220 1515 2276 Deum
1544 2221 1797 2290 diligunt,
1825 2237 1955 2276 con-

369 2310 590 2366 stitutas
617 2326 739 2366 esse
771 2331 788 2363 ι
818 2313 1132 2367 mansiones
1150 2313 1237 2367 ⁸⁷⁸.
1263 2332 1281 2364 ι
1306 2313 1439 2366 Cum
1467 2313 1534 2368 iis
1565 2329 1683 2379 qua:
1704 2313 1769 2368 de
1799 2311 1954 2384 Pyri-

373 2399 760 2468 phlegethoate
787 2400 928 2455 dicta
960 2411 1106 2465 sunt,
1141 2404 1526 2472 sempiternum
1561 2403 1735 2474 ignem
1773 2403 1952 2472 impiis

368 2492 766 2554 deauntiatum,
807 2491 964 2562 juxta
1017 2494 1147 2549 illud
1180 2495 1388 2550 Hebraei
1425 2496 1700 2564 propheta:
1732 2515 1744 2550 :
1771 2514 1794 2546 ι
1819 2495 1951 2560 Quis

369 2583 719 2639 annuntiabit
748 2586 932 2652 vobis,
959 2586 1103 2656 quod
1138 2587 1280 2657 ignis
1313 2587 1545 2641 ardeat?
1582 2589 1708 2657 quis
1739 2603 1952 2642 annon-

370 2677 524 2731 tiahit
550 2678 701 2733 vobis
721 2679 897 2732 locum
921 2689 1184 2734 mternum
1209 2679 1293 2732 ⁸⁸⁸1
1317 2699 1334 2732 ι
1365 2678 1430 2733 Ει
1453 2696 1643 2736 rursus
1668 2700 1681 2734 :
1705 2700 1720 2730 ι
1737 2679 1950 2735 Vermis

369 2783 559 2823 eorum
605 2784 714 2824 non
749 2770 1035 2836 morietur,
1069 2780 1123 2826 et
1153 2771 1292 2842 ignis
1323 2787 1430 2825 non
1470 2773 1871 2841 exstinguetur,
1895 2780 1950 2826 et

369 2869 526 2914 erunt
557 2861 610 2914 in
641 2861 902 2917 visionem
935 2863 1082 2917 omni
1103 2865 1252 2935 carni
1273 2864 1359 2916 ιδ’.
1381 2883 1398 2914 ι
1421 2863 1632 2929 Quibus
1651 2864 1814 2918 etiam
1829 2863 1950 2917 vide

370 2965 534 3018 quam
587 2954 801 3023 egregie
857 2951 1012 3006 Plato
1057 2955 1395 3017 consentiat,
1443 2954 1596 3016 dum,
1634 2954 1830 3022 impios
1891 2953 1947 3007 in

376 3040 666 3096 Tartarum
689 3044 1059 3098 detrudendos
1080 3044 1373 3107 allirmans,
1401 3044 1696 3114 subiungit,
1734 3063 1751 3094 ι
1792 3041 1947 3098 Unde

373 3147 651 3201 ntutquam
681 3142 984 3202 emergant.
1027 3153 1047 3186 ι
1099 3133 1342 3204 Itemque
1373 3134 1490 3204 pios
1529 3135 1581 3188 in
1621 3134 1792 3187 beatis
1824 3134 1946 3203 qui-

2052 1942 2153 1995 λιν·
2190 1962 2207 1994 ι
2233 1944 2290 1996 '0
2313 1943 2528 2015 σκώληξ
2561 1944 2739 1997 αὐτῶν
2769 1946 2830 1998 οὐ
2859 1945 3191 2016 τελευτήσει,
3219 1947 3312 1998 καί
3340 1946 3398 1998 τὸ
3429 1947 3537 2016 πῦρ
3571 1947 3635 1999 οὗ

2053 2033 2428 2105 σϐεσθήσεται,
2470 2037 2566 2088 καὶ
2594 2036 2804 2090 ἔσονται
2846 2040 2926 2102 εἰς
2982 2039 3170 2110 ὅρασιν
3211 2040 3354 2107 πάσῃ
3412 2037 3631 2108 σαρκί.»

2051 2126 2220 2196 Τήρει
2248 2127 2328 2189 δὲ,
2363 2127 2439 2190 ὡς
2465 2128 2558 2181 καὶ
2605 2129 2633 2180 ὀ
2680 2129 2904 2182 Πλάτων
2951 2130 3190 2200 συνᾴδων
3229 2129 3458 2192 τούτοις,
3509 2130 3639 2192 τοὺς

2050 2218 2267 2280 ἀσεϐεῖς
2324 2218 2494 2273 εἰπὼν
2549 2221 2820 2290 χωρήσειν
2875 2222 2955 2284 εἰς
3006 2221 3309 2292 Τάρταρον,
3371 2220 3636 2289 ἐπιλέγει,

2056 2330 2073 2360 ι
2099 2309 2262 2363 Ὅθεν
2289 2310 2484 2365 οὔποτε
2509 2312 2872 2366 ἐκϐαίνουσι.)
2909 2313 3020 2366 Καὶ
3067 2310 3136 2368 αὖ
3176 2313 3335 2366 πάλιν
3377 2316 3506 2377 τοὺς
3542 2315 3638 2367 εὑ-

2053 2401 2231 2465 σεϐεῖς
2265 2402 2526 2472 ζήσεσθαι
2558 2403 2726 2456 εἰπὼν
2761 2405 2819 2458 ὲν
2852 2405 3164 2476 μακαρίοις,
3195 2404 3526 2476 προστίθησι
3553 2405 3641 2457 λέ-

2050 2511 2184 2562 γων,
2221 2513 2240 2545 ι
2265 2495 2625 2568 Τοπαράπαν,
2656 2496 2751 2552 καὶ
2767 2498 2846 2561 εἰς
2878 2497 2968 2551 τὸν
2995 2497 3185 2552 ἔπειτα
3211 2499 3454 2569 χρόνον.»
3475 2497 3640 2552 Ἀλλά

2049 2587 2142 2640 καὶ
2169 2587 2248 2650 τὸ,
2279 2607 2296 2638 ι
2313 2590 2472 2642 Ἀνευ
2488 2591 2750 2660 καμάτων
2779 2612 2796 2642 ι
2824 2591 3110 2662 εἰρημένον
3134 2591 3225 2643 ὑπ’
3246 2591 3432 2652 αὑτοῦ,
3451 2592 3639 2662 ὅμοιον

2047 2679 2114 2731 ἂν
2137 2678 2222 2749 εἴη
2245 2677 2342 2749 τῷ,
2371 2699 2388 2730 ι
2413 2682 2649 2752 Ἀπέδρα
2669 2681 2850 2753 ὀδύνη,
2869 2683 2962 2735 καὶ
2979 2683 3144 2753 λύπη,
3163 2684 3255 2736 καὶ
3274 2684 3595 2754 στεναγμός.
3611 2701 3634 2736 ι

2047 2771 2273 2823 Φάσκων
2303 2771 2358 2824 δὲ
2389 2773 2514 2836 τοὺς
2555 2773 2649 2825 ἐπὶ
2673 2774 2764 2827 τὸν
2799 2774 3088 2845 Ἀχέροντα
3133 2775 3531 2846 πορευομένους
3559 2774 3639 2844 μὴ

2051 2859 2237 2922 ἁπλῶς
2265 2861 2358 2912 ἐπὶ
2415 2861 2601 2914 τοῦτον
2653 2863 3018 2930 ἀφικνεῖσθαι,
3067 2863 3199 2916 ἀλλά
3244 2862 3640 2924 ἀναϐαίνοντας

2055 2953 2318 3024 πρότερον
2341 2952 2376 3006 ἀ
2401 2953 2464 3024 δὴ
2492 2955 2674 3018 αὐτοῖς
2717 2957 2968 3025 ὸχήματά
3023 2958 3157 3020 ἐστι,
3200 2956 3322 3008 τίνα
3373 2957 3506 3008 ποτὲ
3530 2957 3641 3026 ἄρα

2051 3044 2119 3096 τὰ
2150 3045 2403 3116 ὀχήματα
2434 3045 2676 3115 βούλεται
2708 3048 3011 3117 σημαίνειν,
3045 3048 3076 3119 ἢ
3110 3048 3180 3100 τὰ
3213 3047 3464 3118 σώματα,
3503 3051 3581 3111 εἰς
3603 3047 3641 3100 ἀ

2050 3132 2320 3187 ἀναϐᾶσαι
2365 3137 2422 3187 αἱ
2468 3135 2577 3188 τῶν
2623 3135 3086 3214 τετελευτηκότων
3111 3137 3301 3206 ψυχαὶ,
3325 3139 3423 3190 σὺν
3453 3139 3640 3201 αὐτοῖς

373 3223 604 3278 busdam
632 3223 928 3280 domiciliis
961 3226 1204 3281 victuros
1228 3227 1606 3295 pronuntians,
1638 3225 1806 3290 addit,
1846 3242 1940 3294 pe-

2062 3223 2432 3295 τιμωροῦνται,
2463 3224 2604 3278 κατὰ
2642 3224 2712 3277 τά
2766 3207 2894 3296 παρ’
2942 3225 3211 3295 Ἑϐραίοις
3239 3224 3637 3295 νενομισμένας

373 3314 538 3379 nitus,
597 3331 806 3386 ervoque
854 3317 1189 3385 sempiterno.
1244 3313 1402 3383 Quod
1455 3325 1634 3370 autem
1685 3318 1781 3380 ait,
1830 3317 1942 3369 sine

373 3407 495 3460 ullis
523 3409 735 3462 omnino
784 3409 1058 3474 molestiis,
1086 3419 1280 3464 nostro
1323 3410 1446 3462 huic
1487 3409 1765 3478 geminum
1810 3418 1940 3464 est:

373 3518 394 3551 ι
439 3498 784 3569 Fugitdolor,
825 3511 879 3555 et
909 3501 1149 3562 tristitia,
1182 3510 1237 3555 et
1256 3501 1489 3569 gemitus
1529 3499 1595 3552 δ’.
1628 3518 1648 3550 ι
1683 3499 1944 3571 Denique,

2062 3316 2220 3369 Ἀλλά
2241 3317 2350 3388 γὰρ
2382 3317 2572 3388 ἱκανὴν
2611 3319 2705 3370 καί⁵
2744 3317 2898 3370 τοῦδε
2946 3318 3040 3371 τοῦ
3068 3316 3227 3384 λόγου
3282 3317 3639 3388 περιγραφὴν

2051 3408 2351 3478 εἰληφότος,
2378 3410 2470 3461 ὲπί
2501 3409 2560 3462 τὸ
2589 3409 2888 3464 δωδέκατον
2916 3409 3018 3479 τῆς
3044 3407 3462 3479 Εὑαγγελικῆς
3493 3425 3642 3477 προ-

2051 3502 2441 3569 παρασκευῆς
2470 3503 2846 3572 μεταϐήσομαι
2885 3502 3242 3574 σύγγραμμα.

373 3598 498 3648 dum
535 3595 898 3650 Acherontem
930 3595 1082 3650 illum
1103 3595 1420 3658 subeuntes,
1452 3610 1558 3647 non
1607 3595 1923 3663 simpliciter
1949 3611 2014 3649 eo
2052 3596 2306 3651 devenire
2351 3598 2558 3658 statuit.
2601 3599 2692 3650 sed
2719 3613 3020 3652 conscenso
3070 3609 3159 3652 tan
3190 3613 3278 3650 um
3310 3612 3414 3652 suo
3447 3610 3643 3666 quem-

372 3703 477 3758 que
503 3688 786 3752 vehiculo;
838 3702 962 3756 quae
1015 3688 1232 3743 tandem
1289 3688 1405 3756 ipse
1440 3686 1689 3740 vehicula
1723 3687 2028 3754 signiﬁcare
2067 3688 2202 3753 vult,
2263 3687 2366 3741 nisi
2415 3704 2674 3757 corpora,
2730 3689 2930 3758 quibus
2994 3690 3186 3743 redditi
3251 3689 3639 3744 defunctorum

374 3779 566 3844 animi,
600 3779 764 3834 simul
793 3794 917 3834 cum
958 3778 1047 3840 iis.
1115 3788 1176 3833 ut
1229 3778 1427 3833 docent
1457 3776 1806 3832 Hebraaorum
1840 3777 2029 3831 littera:
2067 3779 2428 3833 crucientur?
2482 3778 2681 3833 Verum
2725 3785 3040 3846 enimvero,
3101 3798 3223 3836 cum
3276 3782 3364 3836 hic
3422 3798 3643 3850 quoque

375 3874 507 3930 liber
531 3874 732 3944 justam
767 3873 819 3927 in
849 3874 1273 3945 magnitudinem
1304 3873 1623 3939 excreverit,
1653 3875 1718 3927 ad
1746 3873 2125 3929 duodecimum
2158 3872 2487 3944 Evangelij
2524 3878 2930 3944 prwparationis
2967 3878 3218 3931 volumen
3267 3887 3638 3933 transeamus.
3665 3878 3676 3889 '

765 4059 2101 4175 ΠΡΟΠΑΡΑΣΚΕΥΙ-ΙΣ
2192 4050 3260 4170 ΕΥΑΓΓΕΛΙΚΗΣ

1412 4239 1849 4327 ΒΙΒΛΙΟΝ
1923 4233 2623 4323 ΔΩΔΕΚΑΤΟΝ.

381 4467 1389 4562 PB/EPARATIONIS
1462 4466 2258 4560 EVANGELICfE
2338 4466 2694 4554 LIBER
2791 4461 3634 4556 DUODECIMUS.

551 4681 714 4753 570
739 4681 1165 4739 DUODECIMI
1193 4681 1401 4738 LIBRI
1451 4683 1748 4742 CAPITA.

377 4775 429 4833 i.
463 4774 736 4849 Hebraeos,
767 4777 928 4829 etiam
959 4777 1310 4849 consentiente
1348 4776 1593 4840 Platone,
1629 4796 1758 4849 quos
1787 4781 1949 4835 insti-

443 4845 678 4921 tuebant,
711 4864 803 4921 eos
835 4856 971 4921 recte
996 4847 1103 4921 ﬁde
1118 4850 1357 4921 quadam
1380 4845 1803 4921 disciplinarum.
1829 4868 1947 4921 qua:

445 4918 584 4990 quod
608 4917 1014 4990 imperfectiores
1035 4916 1207 4970 adhuc
1244 4928 1432 4983 essent,
1460 4920 1594 4973 nihil
1625 4916 1937 4990 exquireret,

446 4987 761 5056 informatus
792 4988 1037 5042 coluisse.

375 5057 431 5112 2.
462 5056 648 5111 Fidem
677 5058 741 5110 ab
772 5059 884 5129 ipso
910 5073 1112 5129 quoque
1143 5057 1387 5123 Platone,
1421 5059 1677 5114 virtutum
1713 5062 1948 5116 omnium

453 5130 740 5181 maximam
769 5127 969 5181 haberi.

379 5196 540 5272 5._lis
589 5214 706 5272 qua:
744 5198 809 5251 de
849 5199 1048 5272 animo,
1095 5199 1455 5272 similibusque
1488 5200 1759 5267 dicuntur,
1790 5202 1949 5272 [idem

443 5267 736 5322 habendam
761 5284 891 5331 esse,
918 5283 982 5321 ea:
1011 5267 1212 5338 Legum
1244 5267 1534 5323 undecimo.

1983 4695 2029 4751 D
2096 4686 2268 4744 ΤΑΔΕ
2301 4683 2644 4739 ΠΕΡῙΕΧΕΙ
2692 4684 2777 4735 T0
2821 4681 3251 4735 ΔΩΔΕΚΑΤΟΝ
3273 4682 3606 4736 ΒΙΒΛΙΟΝ.

2055 4780 2124 4836 α’.
2147 4781 2274 4832 Ὅτι
2299 4775 2398 4831 καὶ
2432 4774 2583 4827 κατὰ
2619 4771 2907 4826 Πλάτωνα
2947 4771 3072 4838 τοῖς
3101 4770 3522 4840 εἰσαγομένοις
3545 4769 3648 4837 ὀρ-

2124 4848 2239 4914 θῶς
2275 4845 2551 4914 Ἑϐραίων
2580 4843 2786 4909 παῖδες
2839 4843 3191 4965 ἀπερίερὲον
3227 4839 3341 4920 thy
3374 4839 3494 4894 τῶν
3533 4856 3647 4908 μα-

2124 4917 2398 4965 ουιιὰτων
2445 4915 2652 4965 πίστιν
2687 4913 2784 4965 διὰ
2820 4913 2887 4965 τὸ
2931 4912 3076 4965 ὰτελ
3113 4933 3144 4965 c
3173 4914 3374 4965 αὐτων
3400 4909 3646 4965 προεδί-

2123 4909 2398 4987 Οηιὶάτωὶθ
2445 4915 2652 4967 πίστιν
2687 4913 2784 4966 διὰ
2820 4913 2887 4966 τὸ
2931 4909 3144 4978 ἀτελὲς
3173 4911 3374 4965 αὐτῶν
3400 4909 3646 4978 παρεδί-

2127 4989 2338 5042 δοσαν.

2057 5059 2122 5130 β’,
2151 5059 2278 5130 "an
2299 5056 2553 5130 μεγίστη
2583 5051 2701 5106 τῶν
2728 5050 2954 5120 ἀρετῶν
2975 5051 3074 5105 καὶ
3103 5056 3254 5106 κατὰ
3279 5051 3573 5107 Πλάτωνα
3601 5051 3639 5120 ιζ

2126 5125 2330 5193 πίστις
2354 5125 2658 5193 τυγχάνει.

2056 5197 2124 5267 γ’.
2151 5200 2283 5250 ’Ὅτι
2306 5189 2321 5193 ⁷
2342 5189 2656 5272 «(drepani
2680 5192 2790 5272 Δδεῖ
2812 5192 3102 5272 τοῖς-’περὶ
3153 5191 3362 5272 ψυχῆς
3387 5189 3640 5272 λεγομέ-

2130 5287 2276 5332 νοις,
2307 5267 2403 5320 καὶ
2450 5266 2566 5329 τοῖς
2620 5263 2833 5328 ἄλλοις
2874 5263 2997 5327 τοῖς
3050 5263 3180 5329 περὶ
3217 5263 3336 5315 τῶν
3360 5264 3645 5316 τοιούτων

2125 5339 2346 5407 λόγοις,
2376 5337 2494 5390 ἀπὸ
2523 5333 2627 5388 τοῦ
2666 5333 2989 5386 ἑνδεκάτου
3025 5333 3141 5386 τῶν
3166 5334 3386 5404 Νόμων.

449 5425 492 5455 ⁸⁷
528 5425 547 5478 1
583 5425 710 5481 Cor.
749 5441 812 5488 ιι,
848 5427 901 5482 9.
978 5428 1044 5460 ⁸⁷⁸
1074 5425 1230 5481 Joan.
1258 5444 1368 5489 xiv,
1400 5427 1454 5482 εὶ.
1533 5428 1577 5461 ⁸⁸
1611 5431 1712 5483 lsa.
1764 5445 1948 5492 xum,

2066 5470 2082 5486 .
2155 5431 2222 5464 ’⁸⁸⁸
2250 5433 2523 5491 lsa.t.xvt,
2565 5430 2654 5484 2.5.
2732 5428 2775 5459 δ’
2809 5427 2914 5484 lsa.
2941 5429 3214 5491 xxvaO.

454 5539 579 5612 (59),
611 5541 707 5605 Τίς
741 5540 1088 5611 ἀναγγελεῖ,
1136 5553 1239 5596 etc.
1291 5543 1363 5597 I:a
1402 5544 1776 5612 Septuaginta.
1823 5543 1952 5599 Vul-

385 5619 541 5731 {atus
571 5611 726 5678 longe
760 5613 1040 5666 dissimilis
1067 5629 1079 5639 ·
1103 5614 1233 5675 Quis
1265 5616 1455 5680 poterit
1487 5615 1722 5668 habitare
1759 5615 1955 5676 deleo-

420 5680 462 5729 is
497 5695 614 5730 cum
650 5680 767 5731 iane
805 5682 1119 5731 devorante?
1147 5693 1239 5731 aut
1285 5686 1398 5731 anis
1430 5685 1688 5731 habitabit
1722 5699 1786 5731 ea:
1814 5686 1955 5731 vobis

420 5680 462 5729 is
497 5680 767 5750 contigue
805 5682 1119 5734 devorante?
1147 5693 1239 5734 aut
1285 5686 1398 5750 quis
1430 5685 1688 5736 habitabit
1722 5699 1786 5736 ea:
1814 5686 1957 5738 vobis

385 5762 496 5800 rum
539 5749 813 5801 ardoribus
840 5752 1214 5818 sempiternis?
1256 5749 1532 5817 llehraicc,
1561 5761 1674 5812 “aut
1713 5760 1805 5814 tn.
1843 5757 1957 5824 quis

2059 5544 2313 5598 habitabit
2340 5548 2362 5599 ?
2391 5543 2765 5613 Septuaginta,
2791 5543 2973 5605 credo,
3008 5541 3253 5613 legerunt
3282 5547 3389 5598 ’την
3413 5540 3646 5613 inquis

2063 5617 2369 5670 nuntiabit?
2400 5614 2454 5666 In
2485 5611 2826 5674 line'versus,
2854 5628 2951 5679 pro
2980 5611 3261 5664 ardoribus
3283 5611 3643 5675 semniternis,

2063 5685 2195 5739 lleb.
2231 5693 2369 5748 επ]
2404 5693 2600 5744 πωπω.
2651 5684 2754 5751 foci
2791 5682 3127 5743 a'ternitatis,
3184 5679 3539 5752 Septttaginta
3568 5681 3648 5734 leo

2065 5758 2208 5825 gisse
2242 5760 2490 5811 γιιιυιιιιιι·
2527 5763 2684 5818 DtD‘:
2705 5793 2720 5816 ,
2752 5753 2800 5806 id
2833 5759 2915 5808 est
2950 5752 3113 5804 locus.
