3826 6232
478 335 588 393 055

1116 326 1391 386 EUSEN
1426 321 1916 383 WWSIS
1952 319 2058 378 0P]

2216 318 2333 375 llis
2368 318 2435 374 ll.
2474 349 2547 359 —
2582 315 3092 375 APOLOGETICA.

3647 317 3749 371 936

472 445 854 521 Ψῆάι
876 461 915 502 a
958 443 1126 501 nobis
1170 441 1640 516 disputationibus
1697 439 2052 495 constitutum

2216 410 2468 508 ιπροσθεν
2497 433 2688 501 λόγους
2719 430 3032 499 διεξελθεῖν,
3064 430 3141 496 ὡς
3167 429 3278 502 ἄρα
3339 432 3398 483 αἱ
3431 430 3542 484 τῶν
3574 430 3730 485 τελευ

481 541 535 597 id
584 542 794 604 fuisse,
845 536 1227 593 defunctorum
1286 535 1523 600 animos,
1579 541 1935 605 pesteaquam
1966 544 2059 597 ex

480 648 710 701 corpore
742 629 1119 699 migraverint,
1158 643 1339 682 rerum
1392 627 1755 681 humanarum
1787 637 1974 678 curam
2005 619 2055 673 vi

478 725 711 793 quadam
749 722 966 791 propria
1002 720 1305 788 suscipere.
1356 716 1412 771 Id
1447 716 1591 784 quod
1624 713 1929 769 rationibus
1963 727 2055 765 ve-

481 818 555 871 ris
610 817 717 869 illis
765 816 1027 885 quidem,
1082 814 1179 868 sed
1232 812 1569 882 longioribus
1624 807 1842 879 probari
1896 808 2053 861 solet.

480 909 678 964 Verum
718 910 820 962 hoc.
870 907 923 961 in
975 921 1189 974 genere,
1243 921 1366 959 cum
1397 905 1521 958 aliis
1574 919 1695 974 quze
1735 902 1836 956 hac
1884 901 1951 955 de
1997 914 2058 953 re

478 1016 585 1056 non
622 1003 785 1070 vulgo
834 1008 1045 1052 tantum
1097 1006 1152 1051 et
1190 997 1415 1067 passim,
1456 996 1549 1053 sed
1590 995 1752 1048 etiam
1804 1008 1869 1047 ex
1905 992 2054 1046 omni

438 1092 739 1147 -memoria
793 1089 1162 1153 celebrantur,
1214 1087 1459 1141 habenda
1513 1086 1690 1151 tides;
1743 1094 1853 1139 tum
1888 1083 2053 1138 etiam

477 1182 878 1253 legislatoribus
938 1181 1014 1235 ita
1071 1180 1481 1243 statuentibus,
1548 1178 1652 1233 nisi
1722 1185 1902 1231 tamen
1961 1189 2055 1230 eos

477 1283 722 1329 amentes
750 1272 977 1328 omnino
1010 1270 1182 1327 fuisse
1216 1272 1368 1326 velis.
1414 1288 1434 1323 ι
1486 1267 1610 1324 ίΙςεε
1640 1267 1814 1322 Plato.
1862 1265 2052 1347 Atqui,

419 1394 426 1401 -
476 1363 908 1419 Machabzeorum
960 1363 1123 1417 etiam
1164 1363 1219 1417 in
1258 1361 1413 1424 libro,
1453 1361 1606 1416 visus
1668 1358 1935 1414 Jeremias
1971 1358 2053 1412 di-

418 1494 423 1501 ρ
476 1456 641 1518 citur,
673 1471 798 1510 cum
843 1455 958 1510 vita
990 1455 1103 1525 jam
1156 1454 1375 1510 functus
1416 1462 1584 1518 esset,
1625 1468 1785 1508 orare
1829 1467 1928 1523 pro
1956 1466 2057 1522 po.

476 1549 609 1619 pulo
629 1548 723 1610 “',
758 1548 917 1618 quasi
957 1548 1237 1603 hominum
1265 1547 1445 1603 adhuc
1467 1546 1521 1600 in
1552 1546 1710 1601 terris
1742 1543 2052 1614 degentium

472 1641 639 1696 saluti
670 1642 1027 1711 prospiceret.
1073 1639 1284 1709 Quibus
1317 1639 1469 1694 Plato
1498 1640 1657 1694 ﬁdem
1688 1638 2053 1693 adhibendam

470 1747 598 1790 esse
623 1733 959 1804 pronuntiat.

1091 1845 1320 1903 CAPUT
1353 1845 1441 1902 IV.

476 1956 813 2013 Fabularum
878 1960 1068 2029 specie.
1109 1976 1392 2028 puerorum
1445 1961 1652 2014 animos
1680 1959 1867 2029 primis
1920 1975 2060 2028 pra:-

545 2030 871 2154 ielptionibus
907 2028 1312 2099 informandus,
1383 2047 1448 2085 ea:
1492 2028 1721 2084 secundo
1781 2028 1856 2084 De
1898 2045 2061 2099 repu-

605 2116 707 2154 ica.

605 2116 707 2155 ica.

549 2230 572 2263 ι
598 2209 920 2268 Orationum
954 2228 1139 2284 porro,
1156 2213 1333 2284 inquit
1362 2213 1525 2279 idem,
1549 2229 1747 2285 genera
1772 2213 1881 2269 duo
1908 2222 2057 2281 sunt,

2160 527 2443 597 τησάντων
2466 524 2637 597 ψυχαὶ
2663 524 2893 597 δύναμιν
2945 523 3126 595 ἔχουσί
3180 541 3305 579 τινα
3341 522 3751 596 τελευτήσασαι.

2164 617 2260 671 καὶ
2289 615 2398 670 τῶν
2426 617 2547 671 κατ’
2580 615 2691 686 (ﬂ)
2727 614 3049 687 ἀνθρώπους
3075 614 3414 686 πραγμάτων
3442 612 3738 683 ἐπιμελοῦ-δ

2162 724 2271 759 ται.
2309 705 2494 759 Ταῦτα
2527 704 2749 777 ἀληθεῖς
2786 703 2905 775 μὲν,
2939 704 3139 776 μακροὶ
3176 703 3234 757 δέ
3266 705 3373 757 εἰσι
3409 703 3753 774 περιέχοντες

2162 797 2331 866 λόγοι.
2359 795 2643 850 Πιστεύειν
2668 795 2724 850 δὲ
2753 798 2873 858 ταῖς
2889 812 2948 848 τε
2977 795 3165 858 ἄλλαις
3194 795 3404 864 φήμαις
3423 792 3609 864 χρεὼν
3629 795 3756 863 περὶ

2160 889 2230 943 τὰ
2260 889 2504 952 τοιαῦτα,
2539 888 2681 942 οὕτω
2745 886 2966 951 πολλαῖς
3015 888 3108 940 καὶ
3142 886 3346 959 σφόδρα
3380 886 3645 949 παλαιαίς
3672 884 3758 939 ού-

2164 998 2304 1047 σαιςο
2342 980 2615 1035 πιστεύειν
2644 981 2699 1036 δὲ
2730 982 2960 1044 καὶτοῖς
2999 977 3349 1049 νομοθετοῦσι
3400 976 3552 1030 ταῦθ’
3586 975 3758 1040 οὕτως

2161 1073 2324 1144 ἔχειν,
2361 1074 2535 1145 ἄνπερ
2577 1073 2651 1145 μή
2685 1073 3050 1126 παντάπασιν
3079 1069 3312 1140 ἄφρονες
3371 1068 3701 1138 φαίνωνται.
3734 1087 3754 1118 ι

2161 1169 2271 1222 Καὶ
2294 1169 2350 1220 ὲν
2382 1169 2448 1238 τῇ
2484 1164 2650 1238 βίϐλῳ
2681 1164 2737 1219 δὲ
2765 1164 2875 1218 τῶν
2909 1162 3284 1219 Μακκαὸαίων
3334 1160 3551 1230 λέγεται
3590 1157 3760 1232 Ἱερεο

2163 1259 2290 1332 μίας
2315 1260 2343 1313 ὁ
2373 1260 2660 1331 προφήτης
2693 1256 2831 1329 μετὰ
2860 1255 2959 1329 τήν
3003 1255 3323 1327 ἀπαλλαγὴν
3354 1254 3446 1308 τοῦ
3492 1253 3614 1325 βίου
3671 1253 3759 1307 εὖ·

2160 1351 2385 1424 χύμενος
2407 1349 2635 1424 ὁρᾶσθαι
2668 1351 2808 1423 ὑπὲρ
2858 1347 2953 1403 τού
2979 1346 3133 1413 λαοῦ,
3169 1347 3245 1412 ὼς
3279 1345 3537 1417 φροντίδα
3572 1344 3758 1399 ποιώ

2164 1460 2321 1515 μενος
2351 1442 2459 1496 τῶν
2500 1443 2591 1495 ἐπὶ
2642 1441 2746 1511 γῆς
2800 1438 3121 1510 ἀνθρώπων.
3177 1441 3270 1492 Δεῖ
3300 1438 3378 1501 δὲ,
3410 1438 3550 1509 φησι
3580 1439 3681 1517 καὶ
3728 1439 3757 1491 ό

2162 1536 2405 1600 Πλάτων,
2428 1535 2633 1598 τεύτοις
2662 1534 2955 1588 πιστεύειν.

2705 1844 3102 1899 ΚΕΦΛΛΑΙΟΝ
3130 1845 3205 1898 Δ’.

2163 1958 2289 2012 Ὀτι
2316 1954 2523 2025 δεήσει
2548 1956 2618 2010 ἑν
2640 1955 2906 2026 σχήματι
2937 1957 3145 2026 μύθων
3180 1952 3290 2026 τὰς
3316 1953 3755 2026 πρώτας-*εἰσιν

2231 2021 2425 2097 γωγὰς
2448 2027 2574 2091 τοῖς
2600 2021 2777 2097 παὶσῖ
2803 2021 3213 2096 παραδιδόναι,
3247 2022 3365 2080 ἀπὸ
3421 2024 3529 2080 τοῦ
3551 2021 3754 2079 Beud-

2228 2096 2343 2169 ρου
2378 2097 2491 2168 τῆς
2529 2096 2830 2161 Πολιτείας.

2240 2230 2260 2263 ι
2301 2210 2489 2280 Λόγων
2517 2209 2574 2263 δὲ
2602 2209 2711 2280 (45)
2746 2208 2923 2263 διττὸν
2949 2203 3108 2272 εἶδος·
3144 2207 3205 2262 τὸ
3228 2207 3327 2279 μὲν
3350 2205 3576 2279 ἀληθὲς,
3609 2204 3676 2259 τὺ
3699 2202 3758 2259 δὲ

475 2316 665 2357 verum
698 2310 753 2357 et
783 2300 1001 2358 falsum.
1047 2302 1124 2357 Ita
1159 2313 1260 2358 est.
1298 2304 1365 2358 Et
1412 2312 1643 2373 utroque
1678 2318 1813 2373 puer
1851 2303 1932 2358 sic
1976 2305 2058 2358 in-

2216 2305 2368 2369 ευδές.
2428 2335 2495 2347 —
2522 2303 2649 2357 Ναί.
2684 2333 2753 2344 -
2785 2300 3113 2355 Παιδευτέον
3165 2299 3224 2354 δὲ
3275 2301 3335 2352 ὲν
3397 2296 3754 2397 ἀμφοτέροις·

475 2387 798 2445 formandus
842 2391 963 2453 erit,
1003 2399 1062 2445 ut
1106 2390 1319 2446 initium
1374 2406 1405 2445 a
1438 2388 1579 2445 falso
1626 2391 1879 2447 ducatur.
1916 2390 2059 2458 Quid

477 2480 616 2535 velis
646 2480 895 2550 equidem
926 2496 1033 2534 non
1065 2481 1202 2536 satis
1231 2480 1490 2551 intelligo.
1523 2480 1604 2535 Tu
1628 2497 1777 2546 vero,
1811 2482 2057 2553 inquam,

475 2585 587 2625 non
618 2571 871 2641 intelligis
898 2571 1110 2627 fabulas
1138 2588 1168 2627 a
1199 2573 1357 2629 nobls
1395 2574 1632 2641 primum
1657 2574 1821 2646 576
1846 2576 2057 2630 narrari

474 2663 661 2733 pueris
691 2664 865 2720 solere
895 2682 909 2720 :
941 2665 1085 2734 quod
1115 2680 1246 2721 sane
1272 2681 1464 2736 genuS,
1491 2675 1545 2721 ut
1571 2667 1819 2721 universe
1845 2667 2057 2736 loquar,

472 2752 532 2807 in
565 2751 703 2809 falso
725 2769 890 2824 prope
917 2765 1182 2819 versatur,
1218 2758 1431 2811 tametsi
1456 2756 1586 2812 huic
1613 2757 1725 2813 veri
1759 2757 1923 2812 etiam
1957 2758 2059 2813 ali—

472 2845 607 2915 quid
646 2860 930 2916 aspersum
962 2856 1065 2903 est.
1097 2846 1307 2903 Pueros
1335 2856 1517 2903 autem
1548 2849 1602 2902 in
1636 2849 1837 2905 fabulis
1880 2851 2057 2920 prius,

480 2947 646 3002 quam
674 2936 727 2988 in
765 2936 1066 3006 gymnasiis
1104 2951 1445 2992 exercemus.
1498 2936 1660 2991 Sane.
1702 2957 1719 2990 ι
1749 2937 1825 2993 lta
1880 2938 2053 2994 Plato.

476 3023 742 3081 Similiter
798 3026 1042 3083 Hebraeis
1097 3028 1150 3082 id
1206 3030 1378 3083 moris
1424 3038 1550 3096 est,
1616 3038 1678 3084 ut
1740 3031 2056 3088 hominibus

2161 2397 2424 2469 πρότερον
2452 2395 2509 2448 δὲ
2539 2396 2597 2446 ὲν
2627 2395 2741 2454 τοῖς
2770 2390 3038 2462 ψευδέσιν.
3074 2390 3149 2443 υύ
3176 2387 3448 2460 μανθάνω,
3479 2385 3614 2456 ἔφη,
3639 2385 3758 2449 πῶς

2160 2489 2357 2559 λέγεις.
2386 2487 2461 2541 Ού
2500 2484 2810 2557 μανθάνεις,
2872 2478 2941 2554 ἦν
2972 2482 3019 2535 δ’
3056 2479 3190 2551 ἐγὼ,
3239 2480 3322 2534 ὅτι
3388 2476 3611 2548 πρῶτον
3643 2478 3758 2538 τοῖς

2162 2580 2391 2643 παιδίοις
2421 2578 2620 2650 μύθους
2644 2576 2875 2647 λέγομεν
2900 2591 2914 2640 ;
2949 2573 3122 2628 Τοῦτο
3151 2572 3211 2625 δέ
3243 2588 3373 2633 που,
3404 2569 3482 2633 ὡς
3540 2568 3610 2622 τὺ
3636 2568 3759 2623 ὅλον

2161 2674 2354 2733 εἰπεῖν,
2378 2669 2573 2740 ψεῦδος
2636 2667 2716 2720 ἔνι
2759 2666 2854 2721 καὶ
2896 2664 3093 2737 ἀληθῆ.
3129 2663 3401 2735 Πρότερον
3446 2660 3506 2714 δὲ
3565 2659 3759 2731 μύθοις

2161 2762 2298 2834 πρὸς
2328 2761 2398 2814 τὰ
2418 2759 2603 2814 παιδία
2632 2760 2665 2830 ἢ
2695 2757 3016 2829 γυμνασίοις
3033 2754 3313 2828 χρώμεθα.
3339 2752 3500 2806 Ἔστι
3520 2750 3751 2805 ταῦτα.)

2160 2851 2347 2907 Ταῦτα
2378 2854 2407 2906 δ
2439 2834 2688 2904 Πλάτων,
2740 2849 2850 2901 Καὶ
2904 2846 3035 2917 παρ’
3092 2844 3364 2914 Ἐὁραίοις
3407 2842 3467 2896 δὶ
3519 2839 3626 2903 τὰς
3654 2839 3760 2909 τῆς

2126 2944 2345 2999 -ὲνθέου
2395 2942 2621 3015 Γραφῆς
2674 2940 2915 3013 ἱστορίας
2971 2939 3085 3003 τοῖς
3136 2935 3354 3008 νηπίοις
3412 2934 3516 2999 τὰς
3576 2931 3757 3004 ψυχὰς

2161 3033 2547 3105 ἁπλούστερον,
2578 3032 2769 3104 ὥσπερ
2817 3029 2969 3093 τινὰς
3004 3028 3226 3101 μύθους,
3266 3027 3389 3091 ἔθος
3420 3026 3539 3080 ἐστὶ
3574 3043 3757 3100 παρα-

476 3116 665 3172 animo
716 3119 896 3174 adhuc
948 3118 1272 3182 infantibus,
1327 3120 1525 3175 divinae
1558 3120 2058 3191 Scriptnraahisto-

2216 3123 2374 3177 Βόναι·
2410 3125 2521 3186 τοῖς
2570 3122 2614 3175 δ’
2650 3119 3185 3192 ὲγγεγυμνασμένοις
3214 3117 3314 3190 τήν
3370 3117 3485 3183 ἕξιν
3507 3118 3613 3181 τὰς
3649 3117 3756 3171 τῶν

476 3207 609 3273 rias,
643 3206 950 3263 fabularum
980 3212 1343 3280 quarumdam
1395 3213 1589 3274 instar,
1623 3213 1925 3283 simplicius
1951 3231 2055 3269 nu-

476 3299 710 3369 (liusque
742 3303 1000 3369 tradant;
1034 3303 1103 3359 iis
1153 3318 1302 3368 vero,
1338 3305 1539 3373 quibus
1589 3305 1786 3360 mentis
1836 3306 2055 3363 habitus

477 3388 644 3445 fuerit
667 3394 1055 3449 exercitatione
1086 3395 1380 3460 robustior,
1411 3396 1572 3451 altius
1610 3397 1739 3450 illud
1768 3397 2055 3453 doctrinm—

2158 3213 2331 3282 λόγων
2367 3212 2665 3284 βαθυτέρας
2692 3214 2788 3266 καὶ
2842 3209 3177 3282 δογματικὰς
3209 3208 3467 3281 θεωρίας,
3518 3207 3612 3263 διὰ
3657 3208 3758 3277 τῆς

2159 3306 2499 3377 καλουμένης
2549 3303 2947 3384 δευτερώσεως,
2997 3304 3093 3357 καὶ
3140 3301 3439 3376 σαφηνείας
3493 3302 3607 3356 τῶν
3632 3301 3759 3356 λαν·

2163 3397 2430 3456 θανόντων
2457 3396 2583 3458 τοὺς
2606 3395 2832 3459 πολλοὺς
2857 3394 3163 3465 νοημάτων.

477 3495 584 3551 qne
625 3481 841 3551 plenum
898 3484 1368 3552 contemplationis
1424 3501 1596 3555 genus
1660 3498 1895 3545 tractare
1954 3506 2055 3545 con

2216 3497 2281 3549 ιι.
2327 3485 2474 3555 quod
2544 3485 2657 3552 illa,
2706 3501 2871 3556 quam
2922 3495 3143 3551 vocant,
3194 3484 3495 3551 deuterosi,
3542 3486 3760 3542 ctillu-

473 3575 673 3631 striore
701 3578 934 3647 quadam
961 3579 1269 3650 ignotorum
1298 3580 1459 3649 vulgo
1488 3597 1777 3638 sensorum
1808 3585 2175 3656 explicatione
2207 3582 2545 3636 continetur.

1099 3666 1329 3723 CAPUT
1368 3668 1429 3725 ν.

479 3756 721 3813 Fabulae
777 3760 956 3830 pueris
1010 3777 1113 3815 non
1157 3765 1481 3829 perniciosas
1522 3763 1684 3830 ullas,
1714 3766 1806 3821 sed
1849 3774 2056 3823 tantum

938 3831 1091 3886 utiles
1123 3849 1175 3886 οι
1188 3834 1436 3887 cinendas
1465 3851 1595 3888 esse.

558 3938 577 3970 ι
615 3918 767 3975 Νοειί
795 3923 1147 3992 νει-ο.νίηιιιιίι
1179 3922 1353 3991 Plato,
1385 3926 1608 3979 maximi
1649 3929 1913 3984 momenti
1938 3945 2059 3986 esse

481 4012 667 4079 operis
716 4012 978 4082 cujusque
1010 4016 1363 4086 principium,
1418 4032 1482 4071 ac
1528 4020 1823 4087 praesertim
1870 4022 1922 4075 in
1967 4024 2061 4092 ju-

482 4113 619 4152 vene
667 4102 908 4170 quolibet
957 4114 1143 4159 tenero
1200 4106 1380 4162 adhuc
1429 4117 1593 4178 atque
1644 4108 1905 4166 ﬂexibili:
1943 4122 2054 4168 tum

449 4234 455 4243 .
482 4190 627 4243 enim
657 4208 718 4245 ea
750 4194 1003 4261 maxime,
1032 4212 1196 4265 quam
1229 4198 1547 4267 impressam
1572 4201 1769 4270 cuique
1797 4204 2053 4267 volueris,

482 4277 705 4349 ﬁngitur
732 4280 1086 4353 induiturque
1112 4284 1308 4341 forma.
1346 4285 1580 4344 Prorsus
1614 4289 1665 4343 id
1697 4292 1938 4360 quidem.
1969 4293 2055 4348 An

487 4370 652 4440 igitur
677 4387 896 4441 pueros,
942 4389 1134 4432 omnes
1168 4380 1477 4447 prorniscue
1503 4379 1736 4446 fabulas,
1786 4393 1837 4437 et
1863 4399 1891 4438 ιι
1919 4400 2057 4453 quo-

2686 3668 3087 3723 ΚΕΦΑΛΑῘΟΝ
3137 3669 3213 3724 Ε’.

2162 3765 2293 3818 Ὀτι
2319 3762 2406 3832 μὴ
2433 3762 2576 3827 τοὺς
2598 3760 2941 3826 ἐπιϐλαόεῖς
2982 3762 3214 3832 μύθους
3242 3761 3370 3826 τοῖς
3405 3762 3603 3825 παισί,
3644 3763 3757 3832 μό-

2231 3830 2380 3898 νοὺς
2402 3833 2469 3886 δὲ
2505 3832 2650 3898 τοὺς
2684 3833 3026 3900 ὠφελίμους
3055 3830 3261 3896 δεήσει
3295 3830 3683 3899 κατεπᾴδεοδ.

2236 3946 2256 3979 ι
2290 3926 2498 3981 Οὐκοῦν
2530 3922 2664 3978 οἷσθ’
2705 3923 2842 3994 (46),
2891 3923 2973 3976 ὃτι
3017 3923 3162 3995 ἁρχὴ
3206 3923 3409 3988 παντὸς
3448 3923 3615 3996 ἔργου
3660 3925 3760 3995 μέ-

2162 4034 2367 4087 γιστον,
2398 4017 2573 4079 ἄλλως
2604 4032 2666 4069 τε
2712 4014 2776 4086 δή
2836 4016 2930 4068 καὶ
2982 4013 3089 4085 νέῳ
3120 4013 3214 4067 καὶ
3262 4013 3460 4085 ἁπαλῷ
3510 4013 3755 4085 ὁτῳοῦν,

2168 4111 2403 4183 μάλιστα
2429 4108 2539 4181 γὰρ
2573 4108 2637 4179 δὴ
2664 4106 2785 4160 τότε
2822 4106 3117 4160 πλάττεται
3170 4107 3264 4161 καὶ
3293 4106 3537 4161 ἐνδύεται
3562 4107 3756 4171 τύπος,

2162 4203 2220 4256 ὃν
2249 4202 2313 4256 ἄν
2362 4219 2447 4265 τις
2501 4199 2755 4271 βούληται
2809 4198 3215 4271 ἐνσημήνασθαι
3260 4199 3500 4269 ἑκάστῳ.
3543 4199 3755 4271 Κομιδῇ

2166 4292 2266 4365 μὲν
2281 4287 2526 4363 οὖν.⁷Αρ’
2548 4286 2639 4345 οὖν
2674 4289 2873 4362 ῥᾳδίως
2902 4290 3044 4344 οὕτω
3066 4292 3388 4362 παρήσομεν
3412 4289 3538 4353 τοὺς
3571 4291 3759 4344 ἐπιτυ-

2162 4385 2357 4456 χόντας
2390 4383 2594 4456 μύθους
2627 4381 2966 4445 πλασθέντας
3008 4382 3228 4436 ἀκούειν
3252 4382 3380 4447 τοὺς
3410 4380 3633 4446 παῖδας,
3662 4384 3760 4437 καὶ

482 4480 702 4537 cunque
748 4468 901 4524 lictas
946 4471 1157 4535 audire,
1210 4473 1483 4544 simulque
1516 4475 1702 4529 animo
1750 4480 2057 4532 contrarias

2216 4475 2457 4548 ιμὸάνειν
2491 4476 2548 4527 ἐν
2574 4477 2692 4537 ταῖς
2714 4473 2913 4544 ψυχαῖς
2940 4473 3017 4537 ὡς
3042 4472 3337 4527 ὲπιτοπολὺ
3380 4474 3635 4538 ἐναντίας
3667 4474 3754 4528 δό-

484 4568 547 4615 ut
594 4560 887 4629 plurimum
922 4561 993 4617 iis
1028 4564 1336 4632 opiniones.
1386 4582 1526 4635 quas
1579 4568 1671 4621 ubi
1728 4571 2061 4627 maturiores

486 4651 711 4719 fuerint,
741 4654 939 4709 habere
968 4655 1091 4711 illos
1121 4657 1374 4724 velimus,
1418 4667 1618 4713 temere
1646 4675 1711 4716 ac
1742 4661 1931 4715 leviter
1960 4663 2063 4717 im-

466 4744 674 4801 .bibere
730 4747 1045 4815 patiemur?
1094 4747 1152 4802 ld
1204 4763 1335 4803 vero
1398 4749 1710 4806 nullatenus
1771 4754 2059 4822 patiemur.

498 4834 745 4891 Primum
797 4851 930 4908 ergo
979 4838 1158 4902 nobis,
1192 4847 1255 4894 ut
1277 4840 1454 4906 video,
1488 4841 1541 4895 in
1600 4843 1720 4899 illos
1757 4844 2063 4902 fabularum

488 4929 727 4984 artiﬁces
768 4929 1056 5000 diligenter
1108 4930 1496 5001 inquirendum
1542 4933 1758 5000 erit,'ut
1787 4952 1927 5007 quas
1958 4938 2065 5009 ipsi

493 5028 636 5075 recte
682 5027 891 5075 etcum
944 5022 1210 5092 dignitate
1239 5025 1623 5089 conﬂuxet-int,
1664 5028 1959 5098 seligamus
2001 5043 2066 5084 ac

488 5111 783 5188 probemus
811 5129 825 5168 :
866 5127 1006 5181 quas
1040 5114 1222 5169 minus
1250 5115 1499 5181 honeste,
1531 5117 1920 5187 repudiemus:
1950 5128 2063 5175 tum

490 5205 733 5274 probata)
762 5220 884 5273 quae
922 5203 1147 5272 fuerint,
1208 5208 1350 5276 apud
1408 5209 1649 5263 nutrices
1697 5223 1762 5264 ac
1814 5219 2066 5278 parentes

490 5292 830 5352 etlicieudum
873 5294 998 5361 erit,
1047 5304 1107 5350 ut
1158 5310 1252 5350 eas
1307 5298 1491 5366 pueris
1542 5297 1774 5353 subinde
1822 5312 2064 5365 narrent,

442 5440 447 5447 ,
492 5384 694 5453 quibus
729 5399 920 5438 eorum
950 5386 1164 5439 animos
1214 5387 1386 5443 multo
1414 5389 1588 5457 magis
1639 5390 1861 5457 lingant,
1901 5406 2066 5458 quam

494 5490 723 5544 corpora
761 5477 1035 5533 manibus.
1067 5476 1217 5543 Quas
1246 5490 1427 5533 antem
1469 5479 1576 5535 illis
1607 5496 1751 5537 nunc
1786 5482 2066 5549 occinunt,

553 5566 598 5625 ’ξ
638 5567 678 5619 ll
710 5566 885 5620 Much.
927 5583 1019 5633 xv,
1054 5568 1140 5628 12.
1178 5570 1263 5625 Η.

469 5688 481 5697 -
502 5723 545 5735 η
567 5655 679 5735 (μ)
716 5658 827 5711 καὶ
861 5657 979 5711 τῶν
1007 5658 1179 5715 κατά.
1222 5660 1405 5724 Plato,
1502 5661 1610 5715 τῶν
1639 5664 1815 5735 κατά,
1844 5666 2066 5721 rectius.

2165 4568 2259 4633 ξας
2288 4568 2543 4630 ἐκείναις,
2578 4565 2646 4629 ἃς
2677 4565 2899 4619 ἐπειδὰν
2958 4564 3343 4631 τελειωθῶσιν,
3397 4565 3545 4636 ἔχειν
3575 4566 3761 4637 οἰησό-

2167 4653 2305 4727 μεθα
2323 4654 2432 4707 δεῖν
2450 4652 2646 4716 αὐτούς
2660 4669 2676 4720 ;
2692 4653 2817 4707 Οὐδ’
2839 4652 3145 4707 ὁπωστιοῦν
3161 4655 3509 4726 παρήσομεν.
3527 4654 3760 4730 Upim»

2168 4745 2266 4812 μὲν
2300 4744 2365 4816 δή
2399 4746 2551 4815 ἡμῖν,
2587 4745 2664 4808 ὡς
2693 4744 2888 4810 ἔοικεν,
2923 4745 3241 4800 ἐπιστατέον
3269 4750 3384 4811 τοῖς
3416 4747 3760 4819 μυθοποιοῖς⁹

2164 4836 2259 4889 καὶ
2287 4837 2345 4890 ὃν
2376 4836 2477 4908 μὲν
2520 4834 2587 4890 ἂν
2617 4836 2781 4891 καλὸν
2846 4836 3016 4908 μῦθον
3075 4823 3401 4910 ποιήσωσιν,
3447 4839 3758 4911 ἐγκριτέον⁴

2164 4927 2222 4981 ὃν
2281 4927 2325 4980 δ’
2369 4928 2435 4982 ἂν
2470 4926 2567 5000 μή,
2605 4929 2950 5003 ἀποκριτέον.
2986 4931 3127 4996 Τοὺς
3169 4932 3215 4986 δ’
3243 4933 3604 5004 ἐγκριθέντας
3642 4934 3761 4990 πεί.

2167 5036 2333 5091 σομεν
2359 5019 2460 5084 τὰς
2480 5021 2689 5093 τροφάς
2735 5038 2797 5075 τε
2831 5024 2925 5077 καὶ⁵
2951 5023 3197 5096 μητέρας
3215 5024 3397 5093 λέγειν
3427 5028 3543 5090 τοῖς
3576 5026 3760 5091 παισὶ,

2166 5111 2261 5166 καὶ
2288 5111 2542 5166 πλάττειν
2583 5114 2682 5178 τὰς
2736 5113 2916 5186 ψυχὰς
2969 5115 3152 5171 αὐτῶν
3201 5118 3317 5181 τοῖς
3377 5118 3574 5189 μύθοις
3621 5120 3760 5174 πολὺ

2170 5202 2370 5273 μᾶλλον
2398 5202 2526 5275 ἢ.τὰ
2562 5202 2790 5275 σώματα
2831 5208 2954 5271 ταῖς
3007 5207 3216 5280 χερσίν.
3268 5200 3370 5262 Ὧν
3402 5208 3462 5262 δὲ
3519 5210 3619 5264 νῦν
3667 5209 3760 5268 ‘5-

2167 5307 2324 5359 γουσι
2343 5292 2470 5355 τοὺς
2492 5291 2719 5358 πολλοὺς
2739 5294 3052 5366 ἐκϐλητέον.
3086 5314 3104 5347 ι
3153 5297 3265 5350 Καὶ
3308 5297 3480 5354 ταῦτα
3531 5297 3640 5371 πρὸ
3660 5296 3759 5352 τοῦ

2169 5381 2454 5444 Πλάτωνος
2477 5382 2793 5452 πεφύλακτο
2818 5386 2949 5455 παρ’
2993 5384 3284 5457 Ἑϐραίοις.
3313 5386 3511 5459 Οἱγὰρ
3542 5388 3760 5458 ἔχοντες

2172 5471 2393 5544 Πνεῦμα
2413 5472 2575 5536 θεῖον,
2601 5473 2940 5546 διακριτικὸν
2964 5475 3315 5548 πνευμάτων,
3340 5477 3666 5551 ἐδοκίμαζον
3690 5475 3758 5533 τὰ

2243 5668 2601 5751 (ξιόλΛργων
2649 5671 2738 5727 δέ.
2789 5672 2961 5741 Plato,
2997 5676 3093 5732 lib.
3127 5693 3165 5733 ll
3201 5677 3274 5732 De
3301 5678 3533 5748 repet!"
3564 5692 3623 5751 ι).
3649 5675 3759 5734 ιεε

500 5720 679 5811 Malim
712 5737 890 5783 tamen
926 5740 1213 5805 utramque
1262 5720 1472 5787 vocem"
1488 5734 1729 5790 adhiberi
1764 5720 1930 5811 ﬁstul
1963 5720 2069 5791 τῶν
2172 5720 2530 5811 εειξιίξῗὶιῖίιὶῖξ

500 5795 663 5853 κατὰ.

2246 5808 2356 5878 (46)
2403 5810 2641 5866 Οὐκοῦν
2670 5809 2843 5871 οἷσθ’.
2880 5815 3053 5883 Plato,
3087 5816 3214 5875 ibid.
