3826 6232
86 265 178 322 961

1232 266 1557 324 ΡΒΕΡᾹΒ.
1600 267 1851 324 EVA'SG.
1891 265 2021 324 LIB.
2059 266 2176 322 XII.

3240 267 3348 326 962

85 382 272 456 ποίηκε
294 384 422 465 τοὺς
447 385 505 439 ὲν
538 385 665 457 ᾅδου
688 387 781 440 τὸν
826 385 916 440 ἀεὶ
957 387 1146 459 χρόνον
1198 389 1664 463 τιμωρουμένους,

1774 388 1925 443 nullo
1959 386 2068 444 utin
2102 400 2341 459 tempore
2368 387 2729 443 subeuntibus
2758 394 3125 457 spectaculum
3151 401 3216 443 ac
3241 404 3355 444 mo-

85 477 372 543 Ίάνταλον,
411 479 508 533 καὶ
535 480 793 549 Σίσυφον,
829 481 922 534 καὶ
949 482 1163 537 Τιτυόν.
1196 482 1463 555 Θερσίτην
1485 482 1668 547 δὲ,καὶ

84 570 238 635 εἴτις
286 572 443 636 ἄλλος
498 571 732 645 πονηρὸς
777 567 847 644 ἦν
880 571 1119 644 ἰδιώτης,
1170 574 1346 639 οὐδεὶς
1398 573 1666 645 πεποίηκε

86 663 348 736 μεγάλαις
397 663 691 736 τιμωρίαις
741 663 1097 737 συνεχόμενον
1151 665 1228 729 ὡς
1294 665 1532 721 ἀνίατον.
1590 666 1666 718 Οὐ

83 756 206 828 γὰρ,
232 754 410 828 οἶμαι,
451 757 579 828 ἐξῆν
602 756 771 828 αὐτῷ·
820 757 903 810 διὸ
936 758 1029 812 καὶ
1074 758 1555 832 εὐδαιμονέστερος
1597 754 1667 831 ἦν

82 848 108 919 ἢ
137 843 222 913 οἷς
248 849 397 919 ἐξῆν.
446 848 607 903 Ἀλλὰ
657 849 790 921 γὰρ,
807 849 811 853 ’
828 843 875 904 ὦ
901 849 1245 916 Καλλίκλεις,
1276 853 1343 905 ὲκ
1371 851 1482 905 τῶν
1509 851 1667 906 δυνα-

84 941 257 1010 μένων
280 942 389 995 εἰσὶ
420 940 517 995 καί
545 943 595 995 οἱ
624 941 831 1013 σφόδρα
861 943 1088 1014 πονηροὶ
1118 942 1429 1014 γιγνόμενοι
1453 943 1664 1015 ἅνθρω-

83 1047 170 1085 ποι
204 1031 329 1086 οὐδὲ
362 1032 468 1103 μὴν
497 1030 695 1086 κωλύει
723 1033 818 1087 καὶ
845 1035 903 1087 ὲν
929 1032 1138 1098 τούτοις
1176 1034 1415 1104 ἀγαθοὺς
1463 1035 1662 1108 ἄνδρας

83 1120 448 1191 ἐγγίγνεσθαι.
475 1123 586 1176 Καὶ
628 1121 833 1195 σφόδρα
886 1140 951 1192 γε
981 1123 1130 1188 ἀξιον
1178 1124 1417 1193 ἄγασθαι
1440 1125 1551 1180 τῶν
1580 1143 1667 1194 γι-

82 1212 379 1282 γνομένων·
410 1212 644 1283 χαλεπὸν
680 1212 791 1284 γὰρ
817 1207 1016 1284 (55),ὧ
1049 1214 1392 1279 Καλλίκλεις,
1420 1217 1515 1271 καὶ
1539 1216 1666 1270 πολι

80 1302 170 1359 λοῦ
203 1306 430 1359 ἐπαίνου
453 1304 625 1372 ἄξιον,
658 1307 717 1359 ὲν
744 1306 958 1379 μεγάλῃ
984 1306 1202 1379 ἐξουσία
1232 1308 1524 1379 γενόμενον
1567 1308 1664 1363 τοῦ

79 1396 283 1451 ἀδικεῖν
310 1398 532 1463 δικαίως
575 1398 881 1454 διαῦιῶναι.
939 1400 1138 1469 Ὀλίγοι
1184 1398 1243 1455 δὲ
1296 1398 1574 1471 γίγνονται
1609 1404 1661 1457 οἱ

80 1488 329 1543 τοιοῦτοι⁸
381 1490 507 1544 ἐπεὶ
570 1489 664 1544 καί¹
721 1489 910 1545 ἐνθάδε
974 1486 1069 1545 καὶ
1119 1492 1301 1547 ἄλλοθι
1354 1493 1662 1563 γεγόνασιν,

78 1576 228 1652 οἶμαι
260 1580 317 1634 δὲ
346 1581 554 1636 ἔσονται
583 1584 677 1636 καὶ
701 1581 850 1638 άλλοι
901 1582 1099 1652 ἁγαθοί
1150 1583 1353 1656 ταύτην
1396 1585 1497 1657 τὴν
1526 1587 1661 1659 ἀρε-ι

77 1674 174 1744 τὴν
224 1672 319 1727 τοῦ
385 1673 610 1739 δικαίως
674 1673 1026 1746 διαχειρίζειν
1069 1674 1107 1730 ἃ
1154 1676 1221 1730 ἄν
1250 1693 1334 1741 τις
1367 1677 1662 1750 ἐπιτρέπῃ*

1771 484 1946 538 nilum
1980 484 2234 552 suspensi
2266 482 2576 537 videantur.
2618 480 2740 548 Quo
2782 481 3006 550 quidem
3039 496 3071 536 tt
3099 497 3348 549 numero,

1769 574 1816 628 si
1867 589 2057 627 verum
2109 573 2270 628 Polus
2322 581 2530 639 narrat,
2577 580 2632 626 et
2672 570 3025 638 Archelaum,
3071 581 3128 627 et
3180 573 3351 629 alium

1769 665 2023 735 quemvis
2056 664 2292 719 similem
2343 666 2393 720 ei
2426 675 2717 737 tyrannum
2751 662 2998 719 futurum
3029 666 3349 733 pronuntio.

1769 752 1936 827 579
1962 755 2102 823 Quitt
2124 756 2289 811 etiam
2313 765 2573 828 tyrannos
2594 772 2694 826 ego
2714 757 3172 828 quamplurimos,
3194 771 3352 828 reges

1768 851 1896 905 item
1927 864 1992 904 ac
2016 850 2310 920 principes,
2356 850 2563 920 quique
2594 850 2649 905 in
2687 850 3218 920 rerumpublicarum
3252 851 3351 906 ad-

1769 941 2173 997 ministratione
2219 942 2416 997 versati
2465 943 2595 1008 sint,
2646 942 2919 1011 ejusmodi
2960 944 3219 1013 (θιιιιιψιοΔ
3233 943 3349 1013 jam

1768 1050 1918 1089 nunc
1947 1048 2070 1088 esse
2095 1033 2356 1089 existimo
2386 1048 2399 1087 ε
2426 1033 2574 1103 quod
2604 1032 2642 1088 ii
2669 1032 2807 1099 fere,
2835 1032 2965 1088 dum
2996 1049 3096 1089 sua
3127 1034 3217 1088 illa
3246 1049 3350 1104 po-

1767 1133 1965 1181 testate
1997 1126 2316 1190 abutuntur,
2346 1126 2729 1195 indignissima
2764 1141 2995 1197 quaeque
3037 1141 3103 1181 ac.
3136 1127 3350 1182 teterri-

1767 1233 1856 1272 tna
1899 1226 2117 1287 patrare
2153 1219 2556 1274 consueverint.
2599 1217 2774 1288 Cujus
2808 1232 2941 1275 sane
2971 1218 3048 1273 rei
3079 1216 3351 1274 Homerus

1765 1310 1930 1365 etiam
1962 1311 2120 1366 testis
2149 1317 2254 1376 est,
2293 1310 2424 1366 dum
2458 1325 2616 1381 reges
2645 1310 2771 1366 illos
2801 1324 2865 1365 ac
2896 1311 3173 1381 principes
3203 1309 3348 1365 Tan-

1767 1406 1963 1470 talum,
1996 1402 2316 1475 Sisyphum,
2361 1403 2601 1475 Tltyum,
2637 1403 2731 1474 qui
2767 1404 2949 1474 pomis
2973 1404 3115 1474 apud
3146 1402 3351 1459 inferos

1768 1495 2120 1566 sempiternis
2150 1496 2484 1562 crucientur,
2517 1484 2633 1550 'sua
2678 1494 2732 1549 in
2774 1495 2927 1566 poesi
2973 1504 3347 1565 repraesentat.

1768 1586 1903 1643 Nam
1932 1585 2236 1644 Thersitem
2282 1588 2527 1659 quidem,
2579 1587 2681 1643 aut
2725 1589 2773 1644 si
2828 1589 2955 1660 quis
3004 1603 3071 1644 ex
3120 1588 3351 1659 privatis

1769 1680 1912 1735 alius
1951 1680 2234 1751 improbus
2264 1679 2451 1743 fuerit,
2481 1692 2643 1734 nemo
2678 1679 2857 1735 adhuc
2888 1688 3147 1750 tanquam
3195 1679 3349 1734 insa-

77 1758 153 1829 ιῖς
186 1765 245 1819 δὲ
278 1769 372 1819 καὶ
402 1767 543 1821 πάνυ
563 1762 847 1839 ἐλλόγιμος
889 1767 1079 1837 γέγονε
1101 1769 1192 1821 καὶ
1222 1769 1304 1831 είς
1321 1770 1447 1832 τοὺς
1469 1746 1664 1834 ἄλλους

1771 1746 2395 1842 ηαὺὶιειηέτονὶοτίὺυε
2444 1771 2730 1841 suppliciis
2778 1746 3024 1841 illigavit.
3063 1768 3175 1825 Nec
3200 1769 3348 1826 enim

78 1859 366 1929 Ἕλληνας,
401 1859 738 1933 Ἀριστείδης
773 1864 803 1915 ὁ
851 1862 1189 1934 Λυσιμάχου.
1215 1863 1278 1915 Ol
1300 1862 1357 1917 δὲ
1384 1862 1590 1930 πολλοὶ,
1619 1859 1666 1919 ὧ

74 1951 288 2023 ἄριστε,
322 1952 485 2007 κακοί
510 1953 748 2023 γίνονται
780 1954 923 2026 (56),
953 1953 1063 2009 τῶν
1091 1955 1150 2008 δὲ
1170 1955 1467 2011 δυναστῶν.
1487 1958 1668 2030 Ὅπερ

74 2040 165 2098 οὖν
195 2045 403 2114 ἔλεγον,
436 2046 657 2101 ἐπειδὰν
687 2049 715 2101 ὁ
767 2046 1144 2120 Ῥαδάμανθυς
1192 2050 1399 2113 ὲκεῐνος
1424 2049 1667 2105 τοιοῦτόν

74 2156 193 2192 τινα
221 2137 387 2212 λάϐῃ,
417 2138 546 2193 ἄλλο
575 2137 671 2210 μὲν
690 2141 819 2212 περί
849 2140 1016 2194 αὐτοῦ
1043 2140 1146 2194 οὐκ
1178 2135 1319 2194 οἶδεν
1355 2141 1527 2207 οὐδὲν,
1556 2142 1665 2195 οὐδ’

72 2231 242 2294 ὅστις,
278 2229 391 2283 οὔθ’
440 2223 699 2295 ὧντινων,
732 2233 815 2285 ὅτι
859 2231 916 2285 δὲ
968 2231 1207 2303 πονηρός
1247 2248 1352 2295 τις·
1384 2232 1479 2286 καὶ
1510 2232 1668 2287 τοῦτο

73 2320 328 2384 κατιδὼν,
359 2321 686 2393 ἀπέπεμψεν
723 2325 803 2387 εἰς
829 2323 1112 2395 Τάρταρον
1161 2323 1663 2395 ἐπισημηνάμενος,

73 2414 166 2466 ὲάν
192 2430 258 2467 τε
308 2414 546 2485 ἰάσιμος,
571 2414 665 2468 ὲάν
697 2432 758 2468 τε
810 2414 1031 2477 ἀνίατος
1087 2413 1217 2485 δοκῇ
1253 2408 1413 2468 εἶναι.
1486 2415 1545 2468 '0
1586 2408 1664 2482 δὲ,

72 2506 255 2557 ἐκεῖσε
303 2505 658 2575 ἀφικόμενος,
685 2506 754 2560 τὰ
784 2506 1130 2578 προσήκοντα
1184 2507 1406 2576 πάσχει.
1464 2507 1665 2578 Ἐνίοτε

71 2595 144 2660 δὲ,
171 2595 344 2666 ἄλλην
382 2596 596 2651 εἰσιδὼν
650 2598 814 2660 ὁσίως
881 2597 1211 2668 βεϐιωκυῖαν
1244 2600 1338 2652 καὶ
1381 2600 1499 2670 μετ’
1535 2599 1666 2671 άλη-

72 2686 240 2751 θείας,
280 2687 474 2757 ἀνδρὸς
502 2686 709 2740 ἰδιώτου
742 2688 774 2758 ἦ
811 2687 971 2745 ἄλλου
999 2688 1146 2751 τινὸς
1173 2688 1373 2759 ψυχήν
1410 2689 1665 2760 (μάλιστα

73 2778 268 2847 pbd»;
301 2777 413 2848 ἐγώ
444 2796 608 2850 φημι,
637 2773 683 2834 ὦ
716 2780 1058 2844 Καλλίκλεις,
1090 2781 1381 2850 φιλοσόφου
1410 2781 1477 2834 τὰ
1502 2781 1665 2835 αὑτοῦ

72 2879 405 2949 πράξαντος,
430 2879 525 2932 καὶ
554 2878 616 2931 οὐ
655 2878 1285 2950 πολυπραγμονήσαντος
1335 2880 1393 2932 ὲν
1425 2878 1504 2949 τῷ
1541 2877 1664 2950 βίῳ)

1771 1863 1910 1933 ipse,
1939 1863 2160 1934 opinor,
2189 1861 2315 1917 talis
2346 1876 2473 1917 esse
2512 1870 2745 1933 poterat,
2796 1872 2947 1917 tanto
3000 1862 3223 1933 quidem
3277 1862 3350 1917 iis

1769 1953 2000 2016 felicior,
2032 1954 2239 2025 quibus
2267 1954 2321 2009 id
2342 1954 2562 2010 licebat.
2596 1954 2944 2024 Quanquam,
2971 1956 3045 2008 mi
3072 1953 3347 2016 Callicles,

1766 2062 1832 2100 ex
1868 2061 1936 2101 eo
1967 2047 2188 2116 quidem
2227 2047 2593 2115 potentiorum
2629 2060 2858 2098 numero
2893 2045 3352 2100 sceleratissimus

1765 2155 1890 2196 esse
1925 2148 2177 2202 constat;
2209 2140 2303 2194 sed
2335 2149 2515 2194 tamen
2554 2139 2691 2192 nihil
2752 2148 2898 2192 vetat
2933 2138 3233 2207 quominus
3263 2137 3351 2192 in-

1766 2240 1848 2286 ter
1892 2246 1990 2287 eos
2024 2232 2177 2301 probi
2217 2233 2384 2287 etiam
2437 2233 2702 2288 exsistant
2735 2232 2924 2300 aliqui,
2962 2247 3102 2301 quos
3154 2230 3351 2285 merito

1767 2337 1901 2378 sane
1943 2322 2205 2393 majorem
2235 2323 2293 2377 in
2324 2324 2546 2378 modum
2593 2323 2869 2399 suscipere
2894 2324 3208 2376 debeamus.
3242 2320 3350 2375 Res

1768 2415 1913 2469 enim
1944 2415 2276 2484 perdillicilis
2303 2424 2408 2477 est,
2443 2415 2516 2469 nti
2551 2413 2822 2482 Callicles,
2860 2425 2914 2468 et
2938 2429 3150 2469 summa
3189 2413 3351 2468 laude

1768 2508 1955 2579 digna,
1995 2525 2120 2564 cum
2169 2511 2469 2565 maximam
2500 2498 2704 2563 habeas
2746 2508 3004 2577 peccandi
3045 2507 3348 2571 licentiam,

1764 2602 1912 2671 juste
1947 2602 2151 2657 vivere.
2184 2601 2387 2668 Quales
2418 2602 2609 2671 utique
2655 2601 2813 2671 pauci
2846 2600 3067 2670 quidam
3118 2599 3350 2654 subinde

1767 2697 2083 2751 exsistunt:
2117 2711 2243 2750 nam
2271 2706 2327 2752 et
2357 2698 2466 2759 hic,
2496 2707 2550 2752 et
2586 2696 2713 2752 alibi
2756 2693 3001 2747 nonnulli
3026 2693 3139 2762 jam
3174 2691 3346 2754 fuere,

1767 2796 1823 2840 et
1851 2786 1944 2841 alii
1968 2786 2222 2856 posthac,
2253 2788 2469 2857 Opinor,
2500 2789 2662 2842 etiam
2696 2785 2865 2841 futuri
2898 2795 3027 2840 sunt
3057 2800 3117 2838 ea
3149 2774 3349 2836 virtute

1766 2886 2109 2948 praestantes,
2143 2879 2251 2949 qtia
2282 2895 2369 2934 res
2401 2879 2523 2933 ﬁdei
2549 2894 2665 2934 suae
2693 2877 2998 2932 commissa.-
3023 2890 3147 2928 cum
3177 2873 3347 2942 aequi-

69 2972 289 3044 ἠγάσθη
322 2989 384 3025 τε
405 2973 499 3025 καὶ
517 2974 597 3035 είς
625 2972 884 3043 μακάρων
912 2971 1111 3042 νήσους
1142 2970 1457 3040 ἀπέπεμψε.
1483 2970 1664 3024 Ταῦτα

1770 2978 1880 3023 tate
1926 2979 2251 3025 tractantur.
2289 2970 2439 3037 Quos
2488 2971 2629 3025 inter
2682 2984 2825 3023 unus
2876 2968 2964 3023 ille
3006 2965 3350 3021 clarissimus

68 3064 123 3118 δὲ
153 3064 337 3119 ταῦτα
397 3066 492 3119 καὶ
528 3065 749 3128 Αἰακός.
801 3065 1092 3135 Ἐκάτερος
1123 3064 1181 3117 δὲ
1228 3063 1434 3117 τούτων
1469 3062 1664 3134 ῥάϐδον

1771 3057 1894 3123 fuit,
1924 3069 2088 3130 atque
2117 3061 2349 3115 aliorum
2386 3063 2549 3116 etiam
2586 3062 2899 3116 Graecorum
2935 3057 3077 3113 fama
3107 3056 3349 3112 celeber-

70 3156 212 3226 ἔχων
235 3157 471 3221 δικάζει.
499 3158 557 3211 Ὀ
578 3156 634 3209 δὲ
658 3152 845 3220 Μίνως
876 3156 1190 3210 ἐπισκοπῶν
1224 3155 1478 3225 κάθηται,
1502 3153 1663 3225 μόιως

1770 3152 1969 3219 rimus,
2020 3152 2315 3218 Aristides,
2356 3152 2668 3226 Lysimachi
2720 3154 2886 3208 ﬁlius.
2919 3150 2994 3206 Ut
3048 3150 3345 3222 plurimum

70 3248 209 3318 ἔχων
266 3247 502 3320 χρύσεον
549 3249 824 3319 σκῆπτρον
849 3286 864 3312 ,
924 3247 1001 3310 ῶς
1060 3264 1225 3318 φησιν
1290 3246 1579 3310 Ὀδυσσεὺς
1632 3248 1662 3299 ὁ

1770 3252 1952 3298 tamen
2011 3246 2278 3309 virorum,
2315 3247 2541 3316 optime,
2573 3245 2911 3315 potentiores
2942 3243 3174 3313 improbi
3222 3257 3348 3297 esse

82 3340 220 3411 Ὀμή
229 3357 328 3410 ρου
357 3340 486 3394 ἰδεῖν
511 3338 692 3405 αὐτὸν,

1770 3335 1966 3390 solent.
1996 3335 2267 3391 Caeterum
2311 3338 2457 3407 quod
2510 3337 2622 3406 jam
2678 3348 2803 3390 ante
2830 3335 2965 3399 dixi,
2998 3334 3350 3389 Rhadaman-

76 3433 199 3486 thus
238 3435 351 3496 iile.
413 3435 506 3489 ubi
548 3434 814 3505 ejusmodi
852 3435 1050 3505 aliquis
1093 3449 1220 3489 suas
1274 3432 1328 3487 in
1380 3447 1579 3489 manus
1633 3430 1865 3495 venerit,
1927 3444 2029 3485 nec
2081 3431 2330 3501 quisnam
2375 3430 2463 3484 ille
2512 3432 2602 3497 sit,
2662 3445 2762 3484 nec
2794 3430 2995 3499 quibus
3044 3439 3202 3482 natus
3252 3443 3348 3495 pa-

74 3524 337 3592 rentibus,
408 3541 511 3581 nec
568 3525 714 3582 aliud
772 3528 1000 3583 omnino
1046 3526 1344 3597 quidquam
1409 3527 1476 3581 de
1534 3526 1654 3597 ipso
1713 3524 1904 3590 novit;
1956 3540 2124 3579 unum
2183 3525 2286 3579 hoc
2343 3525 2542 3594 quippe
2591 3524 2760 3588 novit,
2832 3521 3140 3592 improbum
3193 3521 3348 3574 illum

72 3617 324 3672 essezid
357 3619 503 3688 quod
561 3619 649 3674 ubi
703 3620 999 3690 perspexit,
1052 3621 1107 3674 in
1169 3613 1459 3674 Tartarum
1526 3618 1784 3673 amandat
1823 3618 1987 3683 illico,
2040 3617 2312 3686 simulque
2346 3617 2638 3687 signiﬁcat,
2705 3627 2888 3670 utrum
2942 3615 3225 3682 sanabilis,
3275 3630 3345 3667 an

73 3710 401 3765 insanabilis
432 3725 556 3766 esse
595 3711 860 3766 videatur.
898 3710 1020 3778 Quo
1054 3712 1143 3767 ille
1175 3710 1471 3783 profectus,
1500 3709 1652 3778 justo
1689 3709 1958 3780 supplicio
1985 3709 2278 3764 cruciatur.
2330 3708 2474 3765 Idem
2524 3709 2689 3762 alium
2735 3706 3026 3779 quemdam
3073 3707 3344 3771 animum,

73 3805 163 3874 qui
225 3814 418 3860 sancte
467 3805 783 3876 integreque
835 3805 1051 3863 vixerit.
1102 3805 1396 3876 aliquando
1445 3803 1864 3867 contemplatus,
1919 3817 2015 3857 seu
2062 3803 2278 3871 privati,
2341 3818 2437 3858 seu
2494 3802 2717 3856 alterius
2757 3801 3131 3871 cujuscunque
3180 3797 3347 3853 fuerit

75 3896 354 3967 (qualem,
390 3895 465 3949 mi
493 3896 759 3961 Callicles,
788 3895 1094 3965 philosophi
1115 3896 1368 3965 equidem
1429 3893 1674 3948 animum
1714 3909 1837 3950 esse
1894 3893 2182 3961 conﬁrmo,
2225 3894 2341 3966 qui,
2382 3910 2470 3950 res
2503 3909 2632 3950 suas
2663 3910 2850 3966 agens,
2885 3894 3020 3949 nihil
3051 3896 3342 3950 admodum

74 3989 174 4044 hac
202 3991 259 4044 in
294 3990 402 4043 vita
436 4003 558 4044 sese
599 3987 790 4041 alienis
829 3985 1197 4057 immisceat),
1251 3984 1527 4040 laudatum
1586 3998 1712 4039 eum
1749 3983 2098 4039 vehementer
2144 3984 2210 4039 ad
2274 3985 2558 4039 beatorum
2598 3984 2805 4039 insulas
2844 3985 3182 4041 transmittit.
3219 3983 3346 4041 Ilaec

72 4082 258 4137 eadem
333 4080 470 4134 ﬁunt
516 4080 585 4135 ab
634 4075 826 4135 Aﬁaro.
880 4079 981 4146 Qui
1054 4090 1282 4148 uterque
1345 4078 1555 4148 virgam
1621 4091 1784 4131 manu
1826 4087 2050 4146 tenens,
2109 4079 2214 4133 hoc
2251 4078 2517 4148 judicium
2572 4088 2806 4133 exercet.
2864 4078 2936 4133 At
2981 4094 3112 4135 vero
3169 4078 3347 4136 Minos

73 4184 336 4245 tanquam
362 4189 610 4229 summus
643 4174 907 4243 cognitor,
938 4174 1084 4227 solus
1118 4187 1343 4227 aureum
1376 4179 1652 4240 sceptrum
1693 4170 1987 4241 praeferens
2047 4173 2297 4228 considet
2348 4191 2362 4226 :

74 4272 221 4326 ricus
254 4284 385 4323 eum
421 4283 541 4323 sese
567 4268 768 4322 vidisse
794 4276 1047 4333 testatur,

2424 4171 2698 4242 quomodo
2747 4170 2969 4243 Ulysses
3008 4171 3099 4227 ille
3120 4220 3125 4231 ,
3144 4169 3346 4227 Home-

72 4387 348 4454 Χρύσεωο
395 4378 709 4453 σκῆπτρον
774 4384 1027 4453 ἔχοντα,
1089 4380 1515 4454 θεμιστεύοντα
1572 4376 1664 4431 νέ-

1846 4380 2052 4435 Aurata
2081 4381 2136 4433 ἰὴ
2176 4388 2381 4448 sceptro
2421 4376 2685 4446 defunctis
2718 4392 2909 4445 ponere
2925 4375 3077 4446 jura.

1358 4448 1625 4517 Ῐκυσσιν.

84 4567 229 4639 Ἐγὼ
257 4567 359 4640 μὲν
386 4561 504 4630 οὖν,
534 4556 579 4621 ὦ
604 4566 951 4630 Καλλίκλεις,
982 4559 1089 4618 ὑπὸ
1122 4563 1327 4618 τούτων
1350 4563 1458 4616 τῶν
1492 4561 1667 4631 λόγων

80 4661 408 4731 πέπεισμαι,
458 4660 553 4712 καὶ
590 4657 779 4711 σκοπῶ
815 4658 963 4720 ὅπως
989 4656 1101 4725 (57)
1149 4652 1533 4723 ἀποφανοῦμαι
1588 4649 1666 4721 τῷ

78 4756 237 4824 κριτῇ
262 4752 341 4815 ὡς
371 4748 699 4821 ὑγιεστάτην
752 4747 890 4819 ἔχων
936 4748 1036 4817 τὴν
1064 4746 1268 4817 ψυχήν.
1297 4740 1525 4815 Χαίρειν
1572 4739 1665 4796 οὖν

77 4844 242 4907 ἐάσας
281 4842 383 4906 τὰς
427 4840 593 4911 τιμὰς
643 4840 753 4910 (58)
780 4838 888 4893 τῶν
951 4836 1161 4891 πολλῶν
1209 4834 1531 4908 ἀνθρώπων,
1565 4834 1665 4904 τὴν

76 4935 336 5010 ὀλήθειαν
359 4931 545 4987 ἀσκῶν
590 4930 924 5003 πειράσομαι
954 4928 1033 4999 τῷ
1078 4927 1213 4992 δντι,
1247 4926 1324 4991 ὡς
1382 4924 1449 4980 ἂν
1500 4924 1668 4978 δύνω-

79 5044 197 5098 μαι,
239 5026 520 5097 βέλτιστος
543 5021 639 5087 ὢν,
663 5023 757 5076 καὶ
794 5022 914 5093 ζῇν,
951 5021 1046 5074 καὶ
1070 5018 1290 5072 ἐπειδὰν
1311 5017 1663 5088 ἀποθνήσκω,

77 5118 466 5188 ἀποθνήσκειν.
498 5111 810 5186 Παρακαλῶ
836 5107 894 5165 δὲ
927 5111 1020 5164 καὶ
1058 5111 1186 5173 τοὺς
1223 5108 1417 5171 ἄλλους
1456 5107 1665 5170 πάντας

76 5206 424 5280 ἀνθρώπους,
460 5203 581 5259 καθ’
608 5205 732 5259 ὅσον
780 5202 1037 5274 δύναμαι·
1065 5198 1171 5255 καί
1196 5199 1261 5271 δὴ
1299 5199 1395 5254 καί¹
1422 5198 1481 5252 σὲ
1521 5199 1669 5252 ἀντι-

76 5298 410 5373 παρακαλῶ,
449 5298 543 5351 ἐπὶ
579 5295 771 5351 τοῦτον
808 5293 902 5351 τὸν
952 5294 1066 5364 βίον
1089 5293 1185 5347 καὶ
1210 5293 1305 5346 τὸν
1334 5290 1522 5360 ἀγῶνα
1542 5289 1667 5343 τοῦ·

148 5421 266 5506 (55)
313 5432 593 5506 Χαλσεᾷν
612 5431 746 5506 γάρ.
773 5430 1028 5487 Clemens
1063 5427 1415 5506 Alexandrtn.
1442 5425 1667 5506 innPro-

81 5495 306 5574 triplice
328 5546 343 5569 ,
380 5504 471 5557 ubi
507 5503 576 5557 de
610 5495 965 5574 imperatore,
1010 5501 1105 5570 qui
1154 5499 1452 5574 Antinoum
1478 5495 1666 5574 _G_any-

80 5566 294 5629 modem
328 5566 492 5628 suum
526 5566 835 5627 consecrari
868 5566 1130 5640 iusserat,
1161 5570 1224 5622 οὐ
1256 5568 1366 5639 γὰρ
1396 5566 1663 5620 κωλύεται

83 5645 283 5716 ῥᾳδίως
323 5643 613 5716 ἐπιθυμία,
650 5642 811 5710 φόϐον
836 5642 935 5716 οὐκ
974 5641 1187 5716 ἔχουσα.

160 5706 274 5783 (ὅῦᾗ
315 5706 848 5783 Κακοῖγίγγονται.
887 5706 1375 5783 Apu'dPlatonem,
1400 5708 1547 5783 hunc
1578 5706 1663 5783 lo-

84 5776 211 5845 cum
243 5776 316 5840 ita
345 5776 668 5855 conceptum
707 5783 882 5852 leges,
912 5776 1071 5836 κακοὶ
1118 5781 1393 5850 γίγνονται
1441 5776 1549 5831 τῶν
1575 5776 1665 5829 δυα-

1781 4560 1790 4569 ·
1839 4540 2015 4609 Hujns
2059 4553 2159 4609 ego
2206 4534 2537 4591 narrationis
2583 4533 2636 4587 vi
2670 4541 2832 4601 atque
2871 4533 3192 4587 auctoritate
3221 4548 3345 4603 per-

1779 4642 1996 4693 suasus,
2025 4631 2354 4690 oCalIicles,
2386 4627 2545 4681 video
2593 4626 2758 4679 etiam
2808 4634 2972 4695 atque
3023 4625 3210 4691 etiam,
3249 4640 3344 4695 qut

1766 4727 1986 4782 tandem
2024 4725 2265 4778 animum
2306 4720 2479 4792 judici
2533 4734 2696 4789 quam
2753 4717 3162 4787 integerrintum
3193 4718 3346 4771 exbio

1765 4823 1946 4879 beam.
1985 4816 2149 4889 580
2174 4815 2354 4883 Quare
2382 4814 2639 4869 omnibus
2662 4812 2809 4883 vulgi
2839 4812 3140 4866 honoribus
3166 4812 3347 4865 valere

1762 4914 1953 4986 jussis,
1984 4911 2150 4966 unius
2197 4910 2251 4963 in
2305 4906 2551 4962 veritatis
2604 4905 2928 4959 tractatione
2977 4902 3255 4965 assiduus,
3292 4902 3344 4955 id

1766 5003 1994 5058 omnino
2021 5016 2202 5071 agam,
2240 5006 2505 5068 quantum
2538 4995 2592 5048 in
2629 5009 2720 5049 me
2749 4993 2874 5057 erit,
2916 4992 2994 5046 uti
3027 5001 3080 5046 et
3107 4992 3346 5062 optimus

1764 5098 1969 5162 vivam,
2014 5104 2069 5149 et
2107 5091 2451 5148 moriendum
2483 5104 2607 5146 cum
2651 5087 2776 5151 erit,
2828 5085 3034 5140 moriar
3082 5083 3343 5153 optimus.

1770 5190 1914 5258 Quin
1946 5189 2084 5244 alios
2114 5187 2277 5243 etiam
2318 5198 2512 5239 omnes
2540 5195 2640 5253 pro
2674 5194 2790 5234 mea
2847 5176 3100 5232 facultate
3133 5175 3344 5249 hortor,

1770 5294 1930 5352 teque
1959 5282 2096 5336 adeo
2127 5278 2391 5348 majorem
2440 5274 2496 5329 in
2535 5272 2756 5328 modum
2791 5270 3059 5335 obtestor,
3093 5266 3171 5322 uti
3203 5265 3346 5324 hanc
3373 5349 3379 5356 _

1767 5416 1996 5474 ναστῶν.
2027 5416 2203 5493 Ὅπερ
2229 5407 2322 5493 σξν
2351 5410 2557 5479 ελεγον,
2585 5405 2826 5493 έπξξδάνν
2854 5412 2959 5493 ἦθ’
3046 5472 3120 5493 ,τι
3161 5472 3172 5482 -
3209 5468 3341 5493 .ε--ε

1843 5488 1957 5560 (57)
1996 5472 2207 5540 Σκοπῶ
2259 5472 2464 5547 ὅπως,
2510 5488 2638 5560 etc._
2665 5475 2781 5558 ν.οκ
2831 5477 3020 5544 utique
3045 5472 3345 5560 Christiani

1770 5548 2012 5614 hominis
2055 5570 2149 5609 ore,
2191 5566 2465 5621 sensuque
2493 5548 2849 5618 dignissima,
2881 5558 3112 5621 quasque
3158 5557 3347 5621 viseer-

1770 5610 1995 5684 detn'ac
2027 5626 2277 5681 Stolidant
2305 5610 2692 5677 nonnullorum
2741 5610 3088 5672 securitatem
3119 5618 3172 5668 et
3204 5610 3346 5668 ﬁdu~

1771 5702 1913 5753 cium
1941 5698 2172 5767 jugulat.

1844 5760 1957 5842 (58]
1999 5766 2148 5821 Plato
2182 5762 2323 5818 addi:
2353 5760 2474 5826 τάς.
