3826 6232
474 271 586 327 967
1149 269 1415 326 ευςειιιι
1454 267 1928 325 (ἒΑΞὸᾹΙῖὶΕΧδΙΞ
1960 268 2017 323 Ol

2161 269 2340 326 PARS
2378 270 2552 363 ll..—
2578 244 3084 336 spumantes.
3601 274 3699 333 aut

460 388 639 444 omnis
666 396 769 451 est,
791 388 883 456 qui
911 386 1101 441 ducem
1155 389 1275 441 vita:
1310 400 1580 443 rationem
1623 397 1921 457 sequatur;
1955 389 2017 441 ita

2132 389 2463 463 διαφυλάξῃς
2514 392 2573 444 τὺ
2629 409 2704 463 μη
2765 392 3089 456 σπουδάζειν
3140 404 3235 443 επι
3290 408 3404 453 τοις
3458 402 3696 462 ονομασι,

458 481 711 549 quisquis
751 481 910 533 etiam
953 479 1190 533 caruerit
1212 521 1227 544 ,
1261 481 1306 534 is
1336 492 1390 534 et
1435 480 1653 534 fatttilta:
1684 496 1796 533 suae
1828 492 2017 549 postea

2141 474 2536 547 πλουσιώτερος
2603 479 2685 540 εἰς
2747 478 2807 531 τὸ
2875 480 3052 550 γῆρας
3118 480 3440 550 ἀναφανήσῃ
3518 484 3702 551 gnavi;-

457 570 683 633 creahit,
713 584 813 623 nec
838 569 946 624 ullo
973 569 1135 623 modo
1155 570 1309 650 .reip.
1342 571 1492 626 utilis
1521 586 1643 624 esse
1673 570 1889 639 poterit,
1923 568 2020 623 sed
2126 582 2283 629 σεως.
2321 586 2340 618 ι

457 664 639 736 potius
680 662 822 730 quod
867 663 938 716 ab
999 662 1101 717 hoc
1146 663 1479 732 cognitionis
1542 677 1740 733 genere
1803 662 2101 729 imparatus
2139 660 2230 721 sit,
2290 658 2343 713 in
2384 658 2657 729 plerisque
2704 659 2960 714 omnibus
3010 661 3212 716 damno
3261 676 3326 716 ac
3384 661 3703 716 detrimento

456 753 581 806 erit.
628 774 646 805 ι
695 752 819 809 llaec
858 755 973 823 ipse
1006 754 1059 807 in
1083 752 1329 824 Legibus.
1382 752 1637 823 Idemque
1668 754 1721 806 iu
1774 751 2027 816 Politico,
2066 750 2161 805 ubi
2211 765 2406 818 parum
2436 750 2723 805 admodum
2755 766 2858 806 nos
2900 752 2967 806 de
3000 752 3181 807 verbis
3218 767 3285 807 ac
3335 755 3568 809 vocibus
3621 770 3707 809 so-

455 843 635 901 licitos
674 861 796 901 esse
845 845 1046 915 jubet:
1100 863 1120 897 ι
1172 843 1359 908 Recte,
1397 846 1595 915 inquit,
1632 844 1707 898 mi
1751 841 2044 897 Sor-rates:
2083 840 2177 910 qui
2203 840 2249 893 si
2295 840 2622 911 exquisitam
2656 841 2948 897 verborum
2996 856 3185 896 curam
3239 840 3540 913 defugeris,
3595 859 3707 899 ma-

449 936 604 1006 jores
619 937 922 1007 prudentim
942 938 1162 993 divitias
1186 938 1453 992 senectuti
1487 947 1592 992 tua:
1611 934 1976 1007 comparabis.
2007 953 2027 985 ι

1047 1022 1282 1084 ΟΑΡυΤ
1311 1026 1408 1084 IX.

453 1140 806 1215 Defugicndos
860 1157 970 1199 esse
1014 1146 1374 1267 magiﬂratus.
1407 1141 1491 1196 Ea:
1517 1141 1687 1211 primo
1744 1137 1822 1195 De
1868 1153 2026 1208 repn-

1220 1228 1319 1266 ica.

1220 1228 1319 1266 ica.

530 1302 792 1358 Hebraica
818 1303 977 1357 docet
999 1302 1227 1357 historia
1252 1300 1493 1370 primum
1517 1300 1756 1355 omnium
1783 1299 2019 1356 Movseln

449 1393 640 1463 populi
695 1391 1059 1462 principatum
1112 1391 1460 1447 deprecatum
1511 1406 1670 1456 esse,
1718 1391 1809 1446 ubi
1860 1397 2020 1445 suum

451 1481 607 1536 illum
655 1490 713 1536 et
742 1480 1089 1535 oraculorum
1131 1488 1186 1533 et
1234 1479 1585 1534 consiliorum
1626 1487 1905 1534 auctorem
1951 1478 2025 1532 ita

451 1566 784 1637 compellat:
824 1583 843 1617 ι
891 1562 1152 1627 Obsecro,
1201 1561 1452 1627 Domine,
1482 1563 1690 1635 produc
1719 1564 1884 1618 alium
1931 1565 2022 1620 nui

450 1656 506 1712 id
538 1657 731 1727 possit,
780 1669 945 1727 quem
982 1654 1259 1711 missurus
1290 1656 1368 1712 sis
1389 1656 1465 1713 “.
1500 1673 1522 1707 ι
1566 1654 1772 1710 Deinde
1795 1648 2021 1709 Sautem

448 1728 670 1822 quoque
694 1748 932 1804 latebras
955 1748 1357 1819 qumﬁtantem,
1402 1765 1471 1803 ne
1511 1762 1739 1819 regnum
1782 1750 2024 1819 suscipe-

448 1852 554 1904 ret,
590 1857 653 1895 ac
676 1840 997 1910 prophetam
1029 1837 1321 1895 leremiam
1350 1852 1552 1894 munus
1581 1840 1894 1909 impositum
1925 1841 2020 1896 de-

442 1934 700 2011 ‘trectauli
741 1933 975 1988 similem
1029 1933 1177 1988 facit.
1216 1932 1374 1999 Quod
1426 1933 1779 2002 magisuatus
1827 1934 2016 2004 depre-

446 2027 606 2083 candi
655 2026 968 2087 consilium,
1019 2026 1149 2079 audi
1200 2023 1664 2095 quemadmodum
1712 2024 1866 2079 Plato
1899 2033 2024 2079 tan-

447 2131 613 2184 quam
667 2131 886 2185 :equum
945 2115 1346 2184 honestumque
1400 2115 1600 2168 laudet.
1667 2133 1686 2163 ι
1739 2113 2022 2169 Manifeste

452 2206 641 2276 igitur.
678 2206 875 2276 inquit,
906 2205 1216 2261 conlectum
1259 2207 1310 2261 id
1342 2216 1443 2270 est,
1490 2207 1563 2260 mi
1594 2206 2019 2276 Thrasymacho,

446 2309 619 2353 artem
654 2299 880 2364 nullam,
906 2298 1393 2368 magistratuumque
1424 2300 1633 2353 null’um
1666 2314 1778 2353 suae
1800 2297 2018 2351 utilitati

447 2391 685 2448 servire:
732 2393 825 2446 sed
873 2392 1077 2461 potius,
1110 2390 1255 2460 quod
1306 2390 1416 2459 jam
1461 2406 1490 2443 a
1526 2390 1680 2445 nobis
1710 2398 1860 2443 tanto
1893 2398 2019 2442 ante

444 2484 650 2539 dictum
692 2492 797 2550 est,
827 2485 877 2537 id
926 2499 1094 2538 unum
1129 2484 1274 2553 quod
1314 2482 1544 2538 subditis
1574 2483 1863 2537 commodo
1896 2489 2019 2536 esse

442 2576 640 2646 possit,
670 2589 777 2629 non
818 2590 1136 2645 comparare
1164 2574 1347 2638 modo,
1385 2576 1477 2629 sed
1510 2575 1675 2628 etiam
1725 2574 2016 2642 imperem,

447 2669 522 2720 ita
555 2676 614 2721 ut
642 2665 918 2721 inferioris
949 2681 1184 2735 semper,
1227 2681 1334 2721 non
1364 2675 1545 2720 autem
1575 2665 1878 2735 superioris
1925 2679 2017 2718 ra-

440 2756 684 2811 tionibus
712 2759 982 2811 consulat.
1036 2755 1378 2826 Quapropter
1421 2756 1524 2810 hoc
1557 2755 1743 2819 etiam,
1778 2752 2017 2824 Thrasy-

445 2848 641 2903 maehe
669 2848 1015 2913 suavissime,
1055 2848 1280 2918 jamjam
1314 2848 1410 2904 abs
1453 2862 1539 2901 me
1570 2848 1889 2909 addebatur,
1922 2858 2019 2899 ne-

442 2939 652 2992 minem
700 2950 797 2993 sua
834 2949 1023 3008 sponte
1057 2955 1122 2993 ac
1169 2940 1436 2994 volentem
1472 2939 1762 3009 imperare,
1813 2939 2020 2993 alieno-

439 3043 676 3101 rumque
726 3032 992 3085 malorum
1045 3032 1381 3085 curationem
1416 3032 1713 3100 suscipere,
1744 3032 1840 3087 sed
1868 3040 2017 3085 mer-

442 3122 633 3177 cedem
683 3123 971 3193 Gagitare:
1010 3122 1152 3192 quod
1184 3124 1231 3176 is
1267 3122 1360 3192 qui
1410 3130 1528 3175 arte
1572 3124 1708 3177 bene
1739 3123 1819 3177 uti
1853 3123 2018 3185 volet,

2654 1019 3050 1073 ΚΕΦΑΛΑΙΟΝ
3092 1018 3173 1072 Θ’.

2131 1124 2261 1187 Ὅτι
2291 1132 2413 1186 δεοι
2441 1097 2683 1200 φεύγειν
2731 1128 3095 1210 τὰς’-ἀρχάς.
3158 1129 3297 1184 ’Λπὸ
3324 1129 3432 1184 τοῦ
3477 1128 3708 1199 πρώτου

2703 1199 2812 1268 τῆς
2844 1199 3141 1263 Πολιτείας.

2198 1284 2311 1365 Τῆς
2362 1295 2493 1366 παρ’
2534 1286 2806 1364 Ἑϐραίοις
2853 1291 3072 1363 γραφῆς
3106 1291 3322 1364 πρῶτον
3379 1292 3711 1364 εἰσαγούσης

2127 1378 2364 1439 Μωῦσέα
2393 1380 2826 1455 παραιτούμενον
2850 1382 2949 1453 τὴν
2979 1382 3075 1436 τοῦ
3118 1382 3250 1438 λαοῦ
3278 1386 3620 1454 προστασίαν
3643 1383 3712 1437 δι’

2129 1470 2204 1531 ὧν
2246 1475 2380 1548 πρὸς
2410 1475 2502 1529 τὸν
2549 1473 2957 1546 χρηματίζοντα
2994 1473 3188 1546 ἔφησε,
3227 1493 3245 1526 ι
3268 1475 3490 1546 Δέομαι,
3512 1475 3707 1550 Κύριε,

2127 1569 2473 1640 προχείρισαι
2502 1563 2659 1622 ἄλλόν
2689 1555 2781 1620 τὸν
2824 1558 3144 1636 δυνάμενον,
3190 1555 3253 1620 ὃν
3284 1567 3607 1633 ἀποστελεῖς
3625 1585 3639 1598 ’
3682 1587 3704 1620 a

2125 1659 2360 1713 κᾶπειτα
2388 1648 2479 1712 τὸν
2509 1648 2684 1712 Σαοὺλ
2713 1647 3181 1729 κρυπαζόμενον,
3208 1657 3346 1729 πρὸς
3375 1657 3435 1711 τὸ
3466 1657 3543 1729 μὴ
3574 1660 3708 1712 ἀνα-

2125 1740 2378 1815 δέξασθαι
2408 1748 2505 1821 τὴν
2532 1747 2829 1819 βασιλείαν,
2855 1747 2949 1801 καὶ
2973 1747 3064 1801 τὸν
3114 1749 3400 1821 προφήτην
3439 1749 3709 1821 Ἱερεμίαν

2121 1832 2685 1913 ’ύποπαραιτούμενονο
2716 1839 3025 1893 ὑπάκουσον
3052 1840 3201 1904 ὅπως
3224 1840 3319 1894 καὶ
3338 1841 3367 1893 ὁ
3392 1840 3623 1894 Πλάτων
3648 1840 3709 1894 τὸ

2119 1931 2338 1999 εὔλογον
2365 1929 2466 2000 τῆς
2516 1929 2897 2001 παραιτήσεως
2949 1929 3249 1999 συνίστησι,
3304 1927 3478 1996 λέγων
3508 1928 3704 1993 οὕτως·

2128 2044 2145 2075 ι
2183 2022 2413 2086 οὐκοῦν,
2444 2016 2491 2075 ὦ
2517 2020 2848 2093 Θρασύμαχε
2894 2020 3028 2091 (64),
3062 2020 3219 2074 τοῦτο
3246 2020 3345 2091 ἤδη
3381 2020 3561 2092 δῆλον,
3625 2021 3706 2074 ὅτι

2119 2115 2346 2186 οὐδεμία
2379 2114 2541 2185 τέχνη
2596 2109 2719 2167 οὐδὲ
2748 2114 2889 2185 ἀρχὴ
2934 2113 2994 2168 τὸ
3027 2115 3165 2185 αὐτῇ
3212 2113 3486 2183 ὠφέλιμον
3530 2131 3710 2183 παρα-

2124 2205 2400 2269 σκευάζει,
2436 2203 2572 2270 ἀλλ’,
2595 2204 2730 2277 ὅπερ
2770 2204 2936 2259 πάλαι
2993 2204 3274 2275 ἐλέγομεν,
3314 2204 3376 2257 τὸ
3420 2203 3499 2276 τῷ
3536 2206 3705 2278 ἀρχο-

2126 2297 2271 2368 μένῳ
2304 2289 2400 2351 καὶ
2425 2296 2851 2367 παρασκευάζει,
2912 2299 3007 2351 καὶ
3060 2297 3356 2358 ἐπιτάττει,
3402 2287 3463 2352 τδ
3493 2298 3707 2352 ἐκείνου
3819 2321 3822 2368 ;

2121 2388 2398 2459 συμφέρον
2429 2387 2712 2453 ἐλάττονος
2762 2388 2914 2453 ὄντος
2943 2389 3241 2455 σκοποῦσα,
3275 2390 3388 2444 ἀλλ’
3419 2391 3483 2444 οὑ
3503 2390 3568 2443 τὸ
3613 2391 3708 2445 τοῦ
3820 2387 3821 2429 Υ

2120 2480 2447 2553 κρείττονος.
2479 2480 2577 2534 Διὰ
2597 2480 2661 2552 δὴ
2686 2480 2859 2535 ταῦτα
2890 2480 3086 2551 ἔγωγε,
3120 2476 3166 2535 ὦ
3198 2482 3320 2551 φίλε
3344 2481 3707 2556 Θρασύμαχε,

2121 2571 2213 2625 καὶ
2248 2571 2371 2643 ἄρτι
2400 2572 2585 2641 ελεγον
2619 2571 2821 2643 μηδένα
2861 2572 3066 2627 ἐθέλειν
3104 2573 3300 2626 ἑκόντα
3350 2575 3565 2646 ἄρχειν,
3613 2578 3711 2630 καὶ

2120 2662 2190 2715 τά
2223 2663 2478 2735 ἀλλότρια
2538 2663 2684 2716 κακά
2742 2664 3213 2735 μεταχειρίζεσθαι
3265 2665 3706 2733 ὲπανορθοῦντα,
3822 2708 3823 2715 η

2121 2754 2258 2808 ἀλλά
2318 2753 2507 2825 μισθὸν
2536 2755 2729 2821 αἰτετν,
2755 2755 2838 2808 ὅτι
2870 2756 2899 2807 ὁ
2952 2754 3160 2826 μέλλων
3216 2755 3397 2820 καλῶς
3443 2757 3708 2829 τῇτέχνῃ

2123 2846 2370 2919 πράξειν,
2404 2847 2645 2900 οὐδέποθ’
2678 2846 2854 2918 ἑαυτῷ
2884 2847 2945 2901 τὸ
2970 2847 3241 2918 βέλτιστον
3287 2850 3540 2920 πράττει,
3563 2851 3707 2904 κατά

2122 2937 2320 3007 τέχνην
2345 2936 2669 3003 ἐπιτάττων,
2697 2936 2832 2991 ἀλλά
2856 2937 2933 3009 τῷ
2960 2938 3264 3011 ἀρχομένῳ.
3311 2933 3411 2993 Ὧν
3441 2940 3507 3011 δὴ
3541 2941 3707 2993 ἕνεκα

2127 3026 2338 3098 μισθὸν,
2380 3028 2456 3090 ὡς
2488 3027 2652 3092 ἔοικε,
2681 3028 2763 3081 δεῖ
2781 3029 3045 3100 ὑπάρχειν
3078 3032 3190 3095 τοῖς
3215 3030 3497 3101 μέλλουσιν
3524 3031 3710 3102 ἐθελή-

2129 3135 2242 3172 σειν
2285 3118 2491 3189 ἀρχειν,
2586 3121 2866 3193 ἀργύριον,
2898 3122 2932 3192 ἢ
2971 3123 3153 3194 τιμήν·
3188 3122 3222 3193 ἢ
3248 3123 3473 3195 ζημίαν,
3503 3122 3601 3177 ἐὰν
3630 3124 3709 3195 μὴ

454 3228 572 3267 suae
606 3228 909 3283 nunquam,
966 3214 1012 3267 si
1059 3215 1222 3267 modo
1253 3215 1387 3267 artis
1430 3213 1651 3268 ductum
1706 3214 2024 3283 imperando
2128 3212 2391 3283 ἄρχωσι.»

444 3313 726 3369 sequetur,
769 3305 861 3359 sed
908 3304 1185 3360 inferioris
1231 3305 1517 3367 duntaxat,
1565 3307 1783 3359 utilitati
1812 3305 2121 3375 prospiciet.
2161 3306 2241 3361 Ac
2271 3321 2553 3381 propterea
2595 3321 2740 3380 quos
2788 3309 3046 3365 libentius
3076 3310 3345 3380 imperare
3389 3308 3566 3371 voles,
3615 3308 3707 3372 iis,

441 3411 654 3466 opinor,
689 3408 783 3452 aut
809 3395 1025 3466 aliquod
1057 3396 1173 3453 sive
1209 3397 1437 3466 argenti,
1492 3397 1608 3451 sive
1635 3397 1860 3454 honoris
1889 3398 2172 3469 prmmium
2218 3405 2441 3459 omnino
2489 3401 2899 3474 preponendum
2947 3402 3070 3469 erit,
3119 3413 3213 3458 aut
3260 3412 3407 3460 certe
3467 3400 3709 3461 interea.

441 3490 751 3561 dusptena:
781 3498 979 3554 metus,
1012 3488 1067 3542 ui
1107 3498 1395 3559 capessant
1422 3488 1729 3559 imperium.
1772 3509 1790 3542 ο

959 3579 1121 3650 533
1153 3579 1385 3635 CAPUT
1438 3580 1505 3634 χ.

796 3673 872 3727 De
900 3674 1070 3741 justo,
1097 3689 1162 3727 ea:
1196 3684 1364 3728 mente
1404 3674 1666 3728 Platonis.

514 3760 865 3816 Hebraeorum
895 3778 959 3816 ex
985 3764 1224 3817 oraculis
1251 3763 1624 3832 intelligimus,
1651 3779 1773 3820 cum
1799 3766 2015 3818 illorum

438 3855 756 3926 prophetas,
794 3865 908 3910 tum
963 3857 1101 3910 alios
1131 3857 1295 3911 etiam
1344 3856 1651 3925 integritate
1678 3866 2017 3927 praestantes,

440 3944 856 4015 indignissimas
885 3960 1131 4015 quasque
1181 3946 1411 4015 injurias
1440 3956 1604 4017 atque
1636 3949 2015 4014 contumelias,

443 4034 768 4103 nullumque
800 4049 907 4087 non
955 4036 1255 4103 periculum
1292 4036 1504 4091 fortiter
1544 4039 1852 4107 pertulisse.
1902 4038 2019 4103 Quo

442 4125 498 4178 in
534 4140 749 4193 genere,
783 4141 948 4194 quam
988 4125 1196 4181 Platoni
1230 4142 1353 4182 cum
1400 4130 1536 4197 ipsis
1563 4131 1776 4199 egregie
1823 4141 2019 4185 cnnve-

444 4218 579 4284 niat,
605 4233 670 4272 ex
702 4219 769 4273 iis
798 4235 920 4288 quae
950 4221 1192 4275 secundo
1231 4220 1305 4276 De
1352 4222 1619 4292 repubtica
1649 4224 1888 4292 scripsit,
1935 4223 2018 4277 in-

441 4310 671 4379 telliges.
711 4330 730 4362 ι
767 4309 923 4364 Nunc
948 4310 1133 4380 igitur,
1159 4311 1355 4381 inquit,
1383 4314 1675 4368 constituta
1703 4314 1801 4369 hac
1828 4315 2015 4384 injusti

440 4401 682 4456 hominis
713 4402 925 4472 specie,
980 4402 1208 4455 alterum
1257 4418 1380 4457 cum
1414 4420 1480 4459 eo
1505 4406 1713 4473 justum
1770 4409 2016 4462 oratione

441 4502 624 4549 nostra
648 4493 1014 4560 conferamus,
1037 4494 1218 4549 virum
1255 4495 1555 4565 simplicem
1579 4512 1643 4551 ac
1665 4512 2013 4567 generosum,

437 4586 661 4656 quique,
697 4593 756 4638 ut
792 4584 1088 4658 Alscbylus
1122 4586 1217 4652 ait,
1274 4587 1476 4656 probus
1503 4602 1657 4654 esse,
1707 4604 1812 4644 non
1845 4590 2015 4645 videri

438 4675 585 4729 velit.
623 4673 689 4728 Et
718 4674 960 4745 quidem,
1002 4676 1331 4731 removenda
1371 4676 1527 4732 nobis
1559 4678 1629 4732 ab
1660 4693 1728 4735 eo
1755 4678 1856 4734 viri
1886 4679 2015 4734 boni

439 4766 649 4835 species
692 4767 873 4820 omnis
914 4776 1021 4823 est.
1051 4765 1186 4821 Nam
1230 4769 1276 4823 si
1306 4768 1494 4839 justus
1539 4785 1661 4827 esse
1713 4771 2010 4837 videbitur,

441 4870 563 4911 eam
612 4856 927 4926 opinionem
960 4859 1195 4914 honores
1233 4863 1495 4915 continuo
1543 4877 1881 4934 muneraque
1926 4880 2013 4920 sc-

436 4955 695 5017 queutur.
731 4949 812 5002 Ita
860 4949 1099 5003 dubitari
1141 4951 1336 5006 merito
1367 4953 1582 5022 poterit,
1630 4965 1811 5010 utrum
1844 4957 2014 5027 aequi-

436 5039 569 5096 tatis
628 5040 852 5107 studio,
899 5056 967 5095 an
1024 5057 1310 5097 munerum
1360 5054 1522 5114 atque
1568 5046 1837 5102 bonorum
1892 5063 2008 5120 spe,

438 5130 600 5183 talem
628 5130 752 5184 vita:
778 5130 1041 5185 rationem
1082 5131 1247 5186 ineat.
1300 5133 1484 5189 Rebus
1528 5137 1693 5207 igitur
1730 5139 2008 5206 omnibus,

435 5231 796 5293 praeterquam
829 5222 1068 5294 justitia,
1092 5225 1412 5294 spoliandus
1443 5229 1567 5294 erit,
1601 5229 1761 5300 eique
1790 5241 2011 5285 contra-

431 5316 553 5369 rius
601 5316 828 5369 omnino
870 5317 1040 5386 priori
1095 5318 1170 5373 illi
1205 5334 1426 5388 sensus,
1456 5338 1857 5394 successusque
1906 5326 2010 5379 tri-

505 5493 552 5526 “
580 5494 749 5551 Exod.
782 5512 857 5563 tv,
891 5500 977 5554 l3.

2666 3604 3064 3657 ΚΕΦΑΛΑΙΟΝ
3094 3605 3149 3658 Ῑ’.

2370 3695 2505 3763 Περὶ
2550 3694 2656 3747 τοῦ
2691 3693 2839 3748 κατὰ
2867 3694 3161 3749 Πλάτωνα
3193 3692 3453 3751 δικαίου.

2192 3776 2316 3839 Τῶν
2341 3786 2471 3858 παρ’
2514 3785 2783 3857 Ἑϐραίοις
2814 3786 3010 3854 λογίων
3043 3786 3171 3850 τοὺς
3204 3788 3334 3859 παρ’
3354 3788 3544 3852 αὐτοῖς
3569 3805 3708 3861 προ-

2121 3882 2319 3951 φήτας,
2343 3876 2438 3933 καὶ
2466 3877 2707 3943 δικαίους
2739 3878 2940 3952 ἄνδρας
2965 3878 3152 3951 ὖόρείς
3182 3880 3415 3951 ἐσχάτας
3444 3875 3543 3935 καὶ
3566 3897 3707 3953 προ-

2119 3970 2523 4041 πηλακισμοὺς,
2549 3969 2728 4022 πάντα
2747 3986 2805 4023 τε
2839 3970 3079 4023 κίνδυνον
3100 3970 3381 4042 εὐθαρσῶς
3409 3971 3710 4040 ὑπομεῖναι

2116 4054 2496 4122 διδασκόντων,
2523 4059 2591 4113 τὰ
2631 4059 2839 4131 συνῳδὰ
2862 4060 2960 4130 τῆς
2986 4059 3272 4125 Πλάτωνος
3297 4060 3393 4114 καὶ
3417 4064 3550 4134 περὶ
3578 4063 3707 4115 τούς

2116 4168 2209 4205 του
2234 4149 2393 4221 δόξης
2425 4149 2616 4221 μάθοις
2650 4150 2714 4205 ἂν
2740 4149 2846 4204 ἀπὸ
2870 4149 3035 4204 τῶνδε
3069 4150 3231 4205 αὐτοῦ
3262 4152 3371 4205 τῶν
3401 4154 3707 4223 φιυνῶν,ἃς

2117 4242 2176 4295 ὲν
2202 4240 2282 4312 τῷ
2329 4240 2568 4312 δευτέρῳ
2615 4240 2850 4293 τέθειται
2901 4241 2999 4312 τῆς
3051 4243 3385 4308 Πολιτείας.
3450 4262 3470 4295 ι
3500 4244 3607 4299 Τὸν
3654 4246 3706 4300 δ’

2117 4328 2210 4385 οὖν
2245 4328 2357 4403 (65)
2386 4331 2625 4385 τοιοῦτον
2659 4330 2861 4396 θέντες,
2894 4331 2985 4385 τὸν
3038 4331 3244 4387 δίκαιον
3274 4329 3340 4388 αὖ
3380 4335 3512 4407 παρ’
3535 4337 3708 4391 αὑτὸν

2116 4423 2355 4494 ἱστῶμεν
2384 4423 2461 4495 τῷ
2494 4423 2657 4495 λόγῳ,
2681 4423 2849 4494 ἄνδρα
2882 4422 3087 4478 ἀπλοῦν
3116 4426 3211 4478 καὶ
3260 4430 3530 4494 γενναῖον,
3581 4432 3707 4482 κατ’

2115 4512 2399 4584 Αἰσχύλον,
2451 4514 2513 4566 οὐ
2567 4513 2766 4576 δοκεῖν,
2828 4514 2941 4567 ἀλλ’
2971 4509 3112 4569 εἶναι
3154 4512 3361 4585 ἀγαθὸν
3421 4517 3704 4577 ἐθέλοντα.

2130 4603 2476 4675 Ἀφαιρετέον
2498 4604 2554 4657 δὲ
2580 4600 2642 4657 τὸ
2671 4604 2867 4658 δοκεῖν.
2899 4605 2961 4658 El
2996 4605 3104 4678 γὰρ
3129 4604 3270 4670 δόξει
3301 4605 3507 4671 δίκαιος
3532 4605 3707 4674 εἶναι,

2115 4695 2329 4749 ἔσονται
2369 4694 2518 4767 αύτῷ
2565 4696 2721 4767 τιμαὶ
2773 4696 2870 4750 καὶ
2917 4696 3137 4769 δωρεαὶ,
3191 4697 3436 4752 δοκοῦντι
3470 4701 3709 4774 τοιούτῳ

2117 4784 2275 4840 εἶναι.
2313 4785 2538 4855 ’Ἄδηλον
2566 4783 2659 4841 οὖν
2683 4785 2794 4839 εἴτε
2831 4786 2925 4840 τοῦ
2951 4787 3183 4851 δικαίου,
3209 4787 3319 4841 εἴτε
3343 4788 3452 4843 τῶν
3478 4790 3710 4863 δωρεῶν

2114 4892 2175 4928 τε
2203 4876 2297 4929 καὶ
2328 4875 2503 4948 τιμῶν
2528 4876 2691 4931 ἕνεκα
2722 4877 2959 4942 τοιοῦτος
3004 4878 3111 4950 είη.
3143 4878 3464 4953 Γυμνωτέος
3478 4880 3543 4953 δὴ
3570 4882 3712 4936 πάν-

2115 4985 2224 5021 των
2252 4967 2389 5038 πλὴν
2426 4968 2789 5040 δικαιοσύνης,
2825 4971 2920 5023 καὶ
2963 4970 3216 5041 ποιητέος
3271 4973 3533 5035 ἔναντίως
3581 4973 3707 5030 διει-

2116 5060 2367 5130 κείμενος
2394 5060 2471 5131 eq;
2492 5061 2760 5133 προτέρῳ.
2780 5061 2960 5133 Μηδὲν
2990 5061 3099 5133 γὰρ
3123 5062 3324 5117 ἀδικῶν
3349 5062 3508 5131 δόξαν
3528 5065 3709 5135 ἐχέτω

2113 5151 2215 5221 τῆς
2266 5151 2528 5223 μεγίστης
2580 5151 2811 5218 ἀδικίας,
2876 5153 2963 5206 ἵνα
3025 5152 3485 5226 βεϐασανισμένος
3527 5152 3566 5229 ᾗ
3622 5158 3707 5221 εις

2113 5238 2476 5311 δικαιοσύνην,
2510 5241 2587 5313 τῷ
2623 5242 2698 5314 μὴ
2731 5241 3021 5311 τέγγεσθαι
3062 5244 3167 5296 ὑπὸ
3209 5244 3566 5310 κακοδοξίας,’
3606 5247 3708 5301 καὶ

2116 5328 2224 5382 τῶν
2248 5330 2341 5381 ἀπ’
2374 5330 2545 5401 αὐτῆς
2570 5332 2927 5403 γιγνομένων.
2969 5332 3105 5386 Ἀλλ’
3131 5333 3272 5387 ἔστω
3322 5334 3708 5407 ἀμετάστατος

508 5604 597 5672 (64
659 5607 912 5672 Οὐκοῦν,
941 5603 990 5662 ὦ
1027 5612 1070 5664 Θ
1145 5613 1400 5683 σύμαχε.
1436 5613 1613 5679 Plato,
1648 5616 1743 5668 Iih.
1781 5633 1791 5663 ι
1825 5616 1896 5671 οε
1920 5633 2017 5678 rep:

508 5605 619 5745 (ὅδὲ
662 5676 773 5731 Τὸν
803 5676 851 5730 δ’
892 5675 1022 5734 οὖν.
1064 5627 1244 5745 grato,
1288 5700 1324 5738 It
1361 5684 1433 5738 De
1470 5686 1691 5745 republ.,
1732 5701 1847 5745 pag.
1876 5688 2007 5743 425.

2132 5661 2146 5689 ,
2176 5636 2297 5693 pag.
2321 5623 2424 5678 417
2454 5618 2649 5679 Ficini.

508 5672 618 5745 (65)
662 5676 773 5731 Τὸν
803 5676 851 5730 δ’
892 5675 1022 5734 οὖν.
1064 5672 1244 5747 Plato,
1288 5672 1433 5738 ιίόε
1470 5672 1691 5755 τῳῶι,
1732 5701 1847 5757 pag.
1876 5672 2007 5743 ηδ’.
