3826 6232
146 302 251 358 969

1292 304 1639 387 Ριιλεριιιη
1666 303 1918 361 EVANG.
1962 304 2092 361 LIB.
2133 306 2247 361 xu.

3298 307 3404 365 970

155 423 316 493 μέχρι
347 420 598 488 θανάτου,
630 423 802 479 δοκῶν
830 427 928 496 μὲν
956 423 1096 482 εἶναι
1127 428 1310 490 ἀδικος
1356 427 1446 481 διὰ
1482 426 1621 498 βίου,
1650 425 1719 480 ὢν

1831 428 2100 484 buendus.
2152 429 2301 484 idem
2335 430 2481 484 enim
2513 440 2568 486 et
2609 430 2760 485 omni
2802 441 2982 486 careat
3025 429 3315 502 iniustitia,
3348 438 3405 485 et

149 515 206 568 δὲ
225 513 434 576 δίκαιος
454 513 585 586 (66).
600 533 619 565 ι
643 516 755 568 Kal.
779 517 916 586 μετά
942 516 1148 589 βραχέα
1171 517 1432 584 ἐπιλέγει·
1458 534 1476 568 ι
1497 516 1719 570 Λεκτέον

1834 534 2063 575 summa:
2114 527 2295 577 tamen
2333 521 2616 592 iniustitiae
2655 539 2782 580 reus
2835 524 3138 591 habeatur;
3184 533 3246 578 ut
3294 522 3402 578 hoc

146 601 260 659 οῦν.
290 606 400 659 Καὶ
456 607 542 677 δὴ,
597 606 701 659 κᾶν
754 608 1156 681 ἀγροικοτέρως
1208 608 1455 678 λέγηται,
1520 608 1596 680 μὴ
1628 607 1719 678 ἐμὲ

1829 609 1991 678 quasi
2038 610 2325 679 probatam
2351 627 2415 667 ac
2441 620 2692 668 testatam
2734 614 2985 669 examine
3007 612 3275 683 justitiam
3306 611 3404 666 lia-

142 697 256 749 οἴου
283 697 482 765 λέγειν,
504 692 550 751 ὦ
574 697 883 771 Σώκρατες,
915 699 1049 753 ἀλλὰ
1078 701 1203 764 τοὺς
1236 698 1592 763 ἐπαινοῦντας
1622 699 1727 771 πρὸ

140 783 486 858 δικαιοσύνης
514 788 747 843 ἀδικίαν.
790 789 1004 861 Ἐροῦσι
1028 790 1086 843 δὲ
1109 790 1255 845 τάδε·
1290 791 1412 844 Ὀτι
1442 788 1585 844 οὕτω
1612 789 1727 843 δια-

138 876 391 948 κεεμενος
412 881 441 933 6
462 878 670 943 δίκαιος
706 880 1138 951 μαστιγώσεται,
1186 882 1606 955 στρεϐλώσεται,
1637 883 1723 937 δε-

136 967 379 1039 δήσεται,
410 971 775 1043 ἐκκοπήσεται
801 970 881 1025 τὼ
903 973 1185 1045 ὀφθαλμώ·
1229 975 1512 1042 τελευτῶν,
1546 977 1723 1032 πάντα

132 1062 283 1115 κακά
308 1061 513 1127 παθὼν,
537 1064 1172 1136 ἀνασκινδυλευθήσεται,
1199 1067 1293 1120 καὶ
1313 1066 1607 1137 γνώσεται,
1638 1069 1721 1122 ὃτι

129 1153 233 1206 οὐκ
280 1148 421 1208 εἶναι
452 1154 679 1215 δίκαιον,
723 1156 859 1210 ἀλλὰ
907 1157 1084 1223 δοκεῖν
1123 1158 1206 1213 δεῖ
1247 1158 1504 1213 ἐθέλειν.)
1536 1161 1722 1215 Ταῦτα

129 1246 312 1314 λόγοις
334 1248 363 1298 6
390 1246 633 1299 Πλάτων.
663 1247 884 1318 Ἔργοις
926 1247 983 1300 δὲ
1037 1249 1171 1312 πολὺ
1216 1250 1477 1323 πρότερον
1504 1252 1553 1305 oi
1589 1253 1720 1324 παρ’

140 1337 415 1407 Ἑϐραίοις
442 1337 638 1391 δίκαιοι
690 1339 785 1391 καὶ
831 1341 1107 1412 προφῆται
1138 1340 1594 1412 ,μνημονεύονται
1649 1342 1721 1397 τὰ

125 1426 398 1499 εἰρημένα
426 1426 604 1480 πάντα
635 1427 981 1482 πεπονθέναι·
1014 1449 1033 1481 ι
1066 1429 1120 1482 οἴ
1139 1446 1226 1498 γε,
1260 1430 1588 1485 δικαιότατοι
1625 1431 1716 1485 δν-

122 1534 240 1582 τες,
281 1517 357 1581 ὡς
404 1518 727 1573 ἀδικώτατοι
772 1520 1156 1593 ἐλιθάσθησαν,
1224 1523 1599 1595 ἐπρίσθησαν,
1657 1527 1716 1576 ἐν

122 1609 277 1680 φόνῳ
303 1612 580 1684 μαχαίρας
607 1612 898 1679 ἀπέθανον,
956 1613 1247 1685 περιῆλθον
1289 1617 1347 1669 ἐν
1399 1617 1712 1687 μηλωταῖς,

120 1703 222 1756 καὶ
275 1704 503 1773 αἰγείοις
548 1703 845 1777 δέρμασιν,
914 1706 1322 1779 ὑστερούμενοι,
1382 1706 1713 1780 θλιϐόμενοι,

1827 699 1972 765 beat,
2012 700 2141 756 dum
2172 703 2323 758 nullo
2366 703 2529 759 modo
2555 705 2638 759 vel
2672 705 2920 770 infamia,
2949 705 3034 759 vel
3064 704 3131 760 iis
3160 720 3283 775 qua:
3312 704 3401 758 in-

1828 790 2051 848 iamiam
2085 795 2242 864 sequi
2283 795 2479 860 solent,
2533 796 2872 862 movebitur,
2909 796 3003 852 sed
3039 796 3399 852 inconcussus

1826 882 1893 937 ad
1943 892 2176 939 mortem
2213 899 2387 955 usque
2416 884 2695 954 persistet,
2738 885 2812 939 ita
2841 884 3085 955 quidem,
3122 894 3182 941 ut
3222 900 3400 955 quan-

1826 972 1917 1028 diu
1951 975 2166 1038 vixerit,
2217 983 2271 1029 et
2294 974 2564 1044 justitiam
2608 975 2771 1042 colat,
2811 985 2867 1031 et
2914 975 3150 1046 iniustus
3173 990 3296 1031 esse
3321 975 3401 1029 vi-

1825 1066 2037 1122 deatur.
2091 1085 2110 1118 ι
2149 1065 2361 1133 Quibus
2388 1068 2554 1138 paulo
2607 1078 2732 1138 post
2760 1068 2865 1123 ista
2897 1068 3217 1139 subiungit:
3252 1087 3273 1120 ι
3309 1066 3402 1123 Di-

1823 1157 2055 1212 cendum
2091 1157 2274 1227 igitur.
2309 1156 2367 1213 ln
2398 1173 2508 1229 quo
2540 1158 2587 1214 si
2614 1159 2745 1230 quid
2777 1159 2882 1217 erit
2923 1159 3201 1215 horridius
3228 1199 3243 1224 ,
3283 1159 3400 1215 exi-

1821 1246 2011 1306 stimes
2062 1247 2249 1314 velim,
2304 1248 2378 1303 mi
2433 1248 2710 1313 Socrates,
2760 1249 2813 1306 id
2844 1263 2955 1304 non
3003 1259 3112 1305 tam
3154 1250 3253 1307 abs
3287 1265 3397 1313 me,

1819 1347 1985 1403 quam
2035 1331 2104 1386 ab
2135 1332 2202 1389 iis
2249 1333 2377 1401 diei,
2429 1333 2523 1404 qui
2551 1333 2781 1404 iustitiae
2820 1333 3144 1404 iniustitiam
3178 1343 3399 1407 antepo—

1820 1434 1981 1487 nunt.
2032 1426 2300 1481 Futurum
2332 1425 2532 1497 quippe
2582 1426 2931 1493 dictitabunt,
2987 1434 3048 1481 ut
3081 1425 3265 1497 iustus
3307 1426 3397 1481 ille

1819 1519 1900 1574 sic
1947 1518 2131 1573 animo
2164 1524 2538 1588 comparatus,
2573 1518 2835 1584 caedatur,
2889 1506 3232 1590 torqueatur,
3276 1518 3398 1573 vin—

1821 1610 1998 1666 ciatur
2030 1651 2046 1678 ,
2080 1620 2405 1677 excaecelur,
2443 1611 2586 1666 mala
2625 1612 2859 1683 denique
2889 1627 3183 1684 perpessus
3212 1613 3399 1669 omnia

1820 1702 1876 1757 in
1902 1718 2125 1759 crucem
2153 1712 2368 1775 agatur,
2403 1704 2590 1775 sicque
2618 1703 2841 1762 demum
2891 1716 3174 1777 agnoscat,
3208 1707 3264 1763 id
3293 1707 3397 1762 bo-

119 1795 576 1866 κακουχούμενοι,
700 1797 958 1869 ἐρημίαις
1012 1775 1373 1870 πλανωμένοι,
1428 1775 1714 1875 καὶ-ὄρεσι

1818 1797 1953 1850 mini
1985 1797 2349 1866 expetendum
2402 1812 2543 1863 esse,
2580 1813 2689 1854 non
2728 1775 3014 1868 iustus—ut
3051 1800 3142 1868 sit,
3188 1800 3286 1859 sed
3335 1811 3398 1857 ut

116 1887 218 1939 καὶ
246 1886 554 1956 σπηλαίοις,
596 1889 689 1942 καὶ
736 1892 857 1953 ταῖς
902 1890 1065 1955 ὀπαῖς
1091 1891 1193 1961 τῆς
1238 1891 1362 1962 γῆς,
1414 1910 1489 1946 ων
1513 1895 1614 1949 οὐκ
1644 1891 1714 1967 ἦν

114 1978 273 2043 ἄξιος
297 1981 326 2032 ὁ
347 1979 606 2051 κόσμος.)
641 1981 753 2035 Καὶ
812 1983 861 2035 οἱ
899 1982 1185 2036 ἀπόστολοι
1228 1982 1284 2036 δὲ
1335 1984 1428 2038 τοῦ
1463 1987 1714 2059 Σωτῆρος

114 2072 302 2143 ἡμῶν,
329 2073 429 2144 τὴν
473 2074 734 2128 ἀνωτάτω
768 2074 1117 2148 δικαιοσύνην
1180 2094 1239 2130 τε
1284 2078 1377 2130 καὶ
1430 2079 1714 2135 εὐσέϐειαν

113 2164 423 2234 μετιόντες,
458 2164 617 2230 δόξαν
639 2164 697 2218 δὲ
727 2165 942 2232 ἀδικίας
974 2167 1126 2240 παρά
1162 2170 1277 2232 τοῖς
1311 2169 1529 2235 πολλοῖς
1565 2190 1715 2244 περι-

113 2254 465 2325 ϐαλλόμενοι,
495 2258 655 2311 ὁποῖα
677 2256 937 2328 ἔπασχον,
976 2257 1154 2313 αὐτῶν
1193 2259 1459 2332 πάρεστιν
1479 2264 1713 2318 ἐπακοῦ-

116 2363 220 2400 σαι
259 2347 551 2415 λεγόντων·
593 2366 613 2401 ι
642 2348 879 2422 Θέατρον
907 2350 1245 2423 ἐγενήθημεν
1273 2351 1354 2423 τῷ
1383 2355 1592 2426 κόσμῳ,
1614 2356 1711 2410 καὶ

108 2439 401 2508 ἀγγέλοις,
468 2442 562 2495 καὶ
600 2441 961 2514 ἀνθρώποις.»
1005 2445 1137 2511 Kal,
1176 2464 1195 2497 ι
1236 2445 1415 2519 Μέχρι
1452 2448 1551 2519 τῆς
1582 2449 1710 2521 ἄρτι

107 2531 271 2605 ῶρας
312 2533 408 2587 καὶ
440 2533 735 2605 πεινῶμεν,
773 2535 867 2588 καὶ
917 2534 1181 2606 διψῶμεν,
1234 2537 1329 2590 καὶ
1366 2539 1710 2611 γυμνητεύο-

107 2641 242 2696 μεν,
271 2625 369 2678 καὶ
394 2624 822 2698 κολαφιζόμεθα,
847 2627 940 2680 καὶ
968 2628 1331 2701 ἀστατοῦμεν.
1351 2631 1711 2704 Λοιδορούμε-

104 2731 197 2768 νθι
232 2714 590 2786 εὐλογοῦμεν,
616 2716 932 2789 διωκόμενοι
959 2718 1285 2790 ἀνεχόμεθα,
1323 2721 1712 2795 δυσφημούμε-

105 2821 197 2858 νοι
265 2805 714 2876 παρακαλοῦμεν·
751 2806 826 2870 ὡς
866 2807 1329 2880 περικαθάρματα
1363 2810 1459 2865 τοῦ
1500 2813 1707 2885 κόσμου

103 2896 509 2969 ἐγενήθημεν.)
559 2899 720 2953 Ἀλλὰ
749 2901 843 2954 καὶ
874 2903 1043 2956 εἰσέτι
1069 2903 1229 2977 δεῦρο
1252 2906 1300 2958 οἱ
1339 2908 1577 2974 γενναῖοι
1614 2907 1708 2961 τοῦ

101 2990 375 3062 Σωτῆρος
400 2991 561 3063 ἡμῶν
601 2992 897 3066 μάρτυρες,
921 2994 1044 3048 καθ’
1083 2996 1213 3069 ὅλης
1234 2998 1335 3070 τῆς
1362 2997 1470 3053 τῶν
1496 2999 1711 3072 ἀνθρώ-

1815 1904 1936 1944 esse
1988 1889 2259 1945 videatur.
2317 1909 2337 1942 ι
2393 1887 2520 1945 Haec
2568 1889 2724 1947 Plato
2773 1892 3015 1962 quidem,
3065 1893 3161 1948 sed
3214 1894 3397 1951 verbis

1815 1992 1997 2037 tenus.
2028 1983 2161 2048 Quae
2207 1982 2352 2053 apud
2380 1982 2659 2049 Hebraeos,
2700 1985 2884 2039 omnia
2916 1984 3077 2055 longe
3105 1994 3232 2041 ante
3267 2001 3395 2041 cum

1815 2072 1907 2127 alii
1936 2074 2181 2145 plerique
2204 2075 2362 2146 justi,
2393 2084 2511 2131 tum
2536 2075 2701 2130 etiam
2734 2076 3014 2146 prophetae
3068 2077 3245 2147 reipsa
3278 2093 3397 2147 per-

1814 2160 2008 2216 tulisse
2058 2173 2475 2220 memorantur:
2527 2165 2727 2235 quippe
2784 2166 2879 2235 qui
2929 2166 3223 2237 iustissimi
3269 2183 3397 2223 cum

1816 2261 2022 2319 essent,
2056 2262 2320 2325 tanquam
2355 2256 2729 2327 iniustissimi,
2769 2276 2789 2309 ι
2823 2258 3045 2329 lapidati
3081 2268 3230 2325 sunt,
3261 2260 3399 2315 secti

1814 2352 1965 2408 sunt,
2005 2344 2061 2399 in
2093 2347 2373 2403 occisione
2427 2348 2592 2419 gladii
2626 2348 2827 2403 mortui
2871 2359 3021 2413 sunt,
3063 2351 3398 2407 circuierunt

1812 2435 1867 2491 in
1900 2439 2118 2494 melotis
2146 2449 2201 2495 et
2231 2441 2470 2511 pellibus
2507 2440 2767 2511 caprinis,
2798 2451 3040 2513 egentes,
3076 2445 3395 2515 angnstiati,

1813 2527 2019 2596 alllicti,
2069 2530 2127 2584 in
2177 2531 2563 2588 solitudinibus
2596 2541 2864 2601 errantes,
2905 2533 2960 2587 in
3013 2535 3294 2593 montibus
3341 2548 3397 2594 et

1814 2620 2116 2690 speluncis,
2142 2630 2196 2678 et
2227 2622 2591 2678 foraminibus
2623 2631 2799 2688 terrae,
2823 2624 3023 2695 quibus
3056 2626 3254 2696 dignus
3284 2645 3396 2685 non

1812 2722 1931 2768 erat
1957 2716 2198 2771 mundus
2226 2714 2292 2769 ⁸⁸.
2337 2733 2358 2767 ι
2425 2712 2567 2781 Quin
2612 2724 2667 2770 et
2691 2714 2866 2769 nostri
2920 2731 3139 2787 quoque
3199 2717 3398 2774 Serva-

1810 2804 1946 2860 toris
2000 2806 2278 2877 apostoli,
2332 2805 2463 2862 dum
2520 2807 2798 2861 caelestem
2848 2806 2996 2860 illam
3044 2807 3398 2880 divinamque

1807 2895 2101 2966 justitiam,
2129 2896 2295 2970 584
2326 2908 2488 2969 atque
2512 2898 2829 2969 religionem
2861 2907 3154 2967 sectantes,
3186 2900 3396 2971 impro-

1812 2990 2002 3046 bitatis
2059 2991 2317 3060 opinione
2364 2991 2570 3061 passim
2621 2990 2956 3056 laborarent,
2991 3007 3154 3061 quam
3204 2994 3392 3065 gravia

101 3084 593 3156 wwv‘olmuaévq;
628 3085 690 3139 οὐ
715 3085 777 3138 τὸ
805 3085 1003 3151 δοκεῖν,
1049 3087 1185 3141 ἀλλά
1219 3089 1282 3143 τὸ
1323 3086 1461 3145 εἶναι
1509 3090 1708 3147 δίκαιοί

1814 3081 2198 3150 suStinuerint,
2240 3098 2308 3137 ex
2341 3083 2445 3138 hac
2483 3083 2727 3153 ipsorum
2767 3098 2902 3140 voce
2930 3094 3186 3141 constare
3233 3086 3392 3144 nobis

98 3193 165 3229 τε
229 3176 329 3229 καὶ
377 3177 622 3242 εὐσεϐεῖς
688 3178 1005 3244 ἀσκοῦντες,
1058 3181 1157 3234 ὅσα
1218 3182 1283 3254 δὴ
1359 3183 1646 3251 κατέλεξεν
1678 3184 1708 3236 6

100 3268 365 3332 Πλάτων,
387 3268 736 3323 πεπόνθασιν·
767 3270 890 3324 ἐπεὶ
921 3270 1016 3324 καὶ
1037 3270 1517 3343 ἐμαστιγώθησαν,
1534 3273 1711 3345 δεσμά

98 3376 165 3412 τε
192 3359 294 3412 καὶ
327 3359 593 3431 στρέϐλας
631 3360 949 3432 ὑπέμειναν,
976 3364 1071 3415 καὶ
1095 3363 1204 3436 μὴν
1246 3364 1342 3437 καὶ
1369 3363 1709 3437 ἐξεκόπησαν

97 3451 186 3506 τὼ
212 3451 502 3523 ὀφθαλμὼ,
540 3454 634 3508 καὶ
670 3431 821 3519 τέλος
871 3455 1048 3510 πάντα
1097 3431 1177 3510 lca;
1213 3431 1362 3511 Ss'tva
1413 3431 1707 3522 παθόντες,

95 3544 692 3616 ἁνεσκινδυλεύθησαν.
718 3540 819 3600 Ὧν
849 3547 1039 3601 οὐδένα
1072 3550 1202 3618 παρ’
1231 3547 1489 3621 Ἕλλησιν
1517 3549 1707 3621 ἐπιζη-

94 3639 286 3709 τήσας
332 3638 517 3709 ὅμοιον
541 3638 607 3693 ἂν
632 3638 832 3711 εὕροις·
865 3640 942 3704 ὡς
967 3641 1195 3704 εἰκότως
1235 3640 1358 3696 τινά
1402 3642 1588 3711 φάναι,
1612 3643 1707 3698 τὸν

95 3729 404 3799 φιλόσοφον
436 3730 589 3783 οὐδὲν
614 3730 798 3804 ἕτερον
836 3732 870 3803 ἢ
900 3731 1151 3787 θεσπίσαι
1184 3732 1272 3787 διὰ
1324 3734 1527 3789 τούτων
1576 3735 1707 3807 περὶ

94 3823 218 3876 τῶν
249 3822 387 3893 παρ’
423 3824 555 3894 ἡμῖν
581 3823 992 3896 διαπρεπόντων
1026 3827 1085 3880 ἐν
1113 3825 1368 3898 εὐσεϐείᾳ
1390 3825 1485 3879 καὶ
1514 3825 1710 3897 ἀληθεῖ

95 3914 447 3989 δικαιοσύνῃ.

1811 3173 2014 3246 poterit
2043 3190 2058 3227 :
2098 3193 2117 3227 ι
2162 3175 2545 3246 Spectaculum
2584 3173 2713 3229 facti
2741 3190 2933 3231 sumus
2962 3176 3187 3243 mundo,
3210 3186 3264 3232 et
3291 3193 3393 3233 an—

1811 3269 1966 3339 gelis,
1997 3276 2054 3324 et
2105 3267 2421 3323 hominibus
2442 3266 2508 3323 ‘9.
2549 3286 2569 3319 ι
2600 3265 2689 3335 Et,
2731 3285 2750 3318 ι
2799 3282 2973 3336 usque
3004 3267 3059 3323 in
3100 3269 3244 3325 hanc
3289 3270 3393 3324 ho-

1811 3377 1952 3429 ram,
2001 3370 2057 3416 et
2097 3360 2397 3427 esurimus,
2451 3368 2508 3415 et
2540 3358 2779 3426 sitimus,
2821 3368 2876 3415 et
2930 3360 3061 3415 nudi
3090 3376 3304 3422 sumus,
3334 3369 3391 3415 et

1810 3449 2054 3520 colaphis
2100 3449 2398 3518 caedimur,
2432 3458 2487 3504 et
2528 3448 2811 3504 instabiles
2842 3465 3055 3505 sumus.
3109 3449 3392 3506 Maledici-

1813 3556 1970 3606 mur,
2018 3548 2073 3595 et
2105 3539 2522 3607 benedicimus;
2574 3549 3007 3611 persecutionem
3042 3541 3302 3611 patimur,
3335 3552 3390 3598 et

1808 3631 2145 3687 sustinemus
2174 3649 2189 3698 ;
2222 3630 2690 3702 blasphemamur,
2725 3640 2779 3688 et
2821 3633 3176 3689 obsecramus
3206 3650 3220 3701 ;
3266 3643 3389 3690 tan-

1806 3739 1972 3794 quam
2001 3732 2361 3795 purgamenta
2411 3723 2578 3795 huius
2629 3725 2820 3781 mundi
2874 3724 3002 3780 facti
3030 3741 3223 3784 sumus
3247 3728 3316 3784 ⁸⁸.
3360 3747 3380 3780 ι

1805 3819 1875 3873 Et
1934 3818 2044 3874 huc
2098 3832 2277 3888 usque
2324 3816 2607 3889 profecto,
2673 3818 2883 3874 strenui
2933 3818 3019 3875 illi
3079 3819 3386 3876 Servatoris

1805 3914 1980 3970 nostri
2008 3921 2277 3985 martyres
2324 3910 2526 3983 ubique
2578 3910 2823 3966 locorum
2859 3921 2915 3968 et
2959 3911 3223 3982 gentium,
3253 3912 3387 3967 dum

92 4010 153 4064 id
203 4008 616 4065 studiosissime
670 4020 913 4082 agerent,
952 4020 1013 4066 ut
1050 4011 1184 4082 iusti
1240 4026 1307 4067 ac
1352 4012 1592 4082 religiosi
1644 4027 1756 4068 non
1794 4011 2126 4072 viderentur,
2187 4009 2282 4064 sed
2310 4015 2517 4074 essent,
2556 4022 2620 4063 ea
2654 4024 2777 4079 quae
2797 4006 2952 4063 Plato
2993 4016 3389 4065 commemorat

92 4104 298 4160 omnia
327 4105 633 4162 subierunt.
663 4106 800 4162 Nam
831 4108 981 4174 caesi,
1008 4109 1197 4176 vincti,
1226 4110 1376 4176 torti,
1401 4112 1680 4177 excaecati,
1719 4110 1907 4183 gravia
1933 4107 2167 4178 denique
2190 4107 2432 4178 perpessi
2457 4106 2664 4171 omnia,
2718 4115 2996 4176 postremo
3053 4106 3110 4161 in
3163 4121 3386 4162 crucem

90 4200 275 4256 etiam
330 4200 437 4255 acti
492 4209 642 4256 sunt.
692 4199 938 4267 Quorum
987 4202 1262 4258 neminem
1303 4202 1448 4273 apud
1492 4202 1714 4258 Graecos
1767 4201 2003 4257 similem
2047 4201 2337 4270 reperias;
2400 4202 2505 4256 hoc
2546 4207 2607 4255 ut
2642 4200 2841 4255 merito
2887 4200 2997 4256 dici
3042 4209 3226 4271 queat,
3254 4200 3383 4271 phi-

90 4292 401 4362 losophum
434 4292 540 4348 hoc
568 4294 832 4352 orationis
877 4310 1074 4367 genere
1121 4294 1275 4350 aliud
1335 4296 1515 4366 egisse
1564 4296 1721 4363 nihil,
1761 4310 1928 4366 quam
1959 4303 2019 4350 ut
2063 4301 2284 4349 nostros
2339 4293 2618 4364 quondam
2656 4293 2801 4361 illos,
2838 4292 3120 4365 religionis
3147 4307 3215 4348 ac
3238 4307 3386 4365 vera:

87 4384 342 4456 iustitia
363 4385 527 4440 laude
553 4385 895 4442 clarissimos
921 4386 1263 4457 praediceret.

630 4478 1027 4531 ΚΕΦΑΛΑΙΟΝ
1068 4479 1173 4532 lA'.

2399 4467 2631 4527 CAPUT
2669 4467 2762 4524 XI.

285 4570 425 4639 Περὶ
464 4569 574 4624 τοῦ
618 4570 770 4624 κατὰ
792 4568 1053 4625 Μωϋσέα
1085 4570 1479 4641 παραδείσου.

168 4663 462 4726 Μωῦσέως
495 4664 635 4717 κατά
660 4679 813 4728 τινας
842 4665 1191 4736 ἀπορρήτους
1224 4663 1417 4732 λόγους
1465 4665 1522 4716 ἐν
1550 4662 1693 4733 ἀρχῇ

88 4753 201 4825 τῆς
242 4751 342 4807 τοῦ
384 4753 591 4823 κόσμου
638 4753 970 4819 συστάσεως,
1007 4753 1144 4807 Θεοῦ
1192 4771 1315 4808 τινα
1367 4751 1696 4824 παράδεισον

88 4843 394 4914 γεγονέναι
441 4845 660 4913 φάντος,
689 4845 793 4899 κάν
843 4845 1020 4917 τούτῳ
1042 4845 1136 4899 τὸν
1163 4844 1450 4917 ἄνθρωπον
1477 4845 1695 4916 ὴπατῆ-

92 4938 236 4993 σθαι
298 4937 392 4993 διὰ
431 4938 531 5011 τῆς
566 4939 825 5007 γυναικὸς
882 4938 1023 5010 πρὸς
1051 4937 1148 4993 τοῦ
1192 4938 1390 5009 ὄφεως·
1432 4937 1694 5009 ἄντικρυς

95 5030 400 5103 μονονουχὶ
436 5029 506 5084 τὰ
542 5033 761 5103 ῥήματα
801 5034 1171 5105 μεταποιήσας
1207 5035 1237 5088 ὁ
1284 5031 1532 5096 Πλάτων,
1561 5030 1696 5085 ἐπά-

88 5137 309 5176 κουσον
371 5114 459 5174 οἷα
515 5122 575 5175 ὲν
625 5123 950 5192 Συμποσίῳ
1003 5123 1098 5176 καὶ
1139 5121 1303 5183 αὐτὸς
1376 5118 1694 5192 ἀλληγορῶν

88 5213 375 5267 τέθεικεν·
416 5212 537 5267 ἀντὶ
577 5213 675 5286 μὲν
702 5212 796 5268 τοῦ
832 5212 1158 5285 παραδείσου
1196 5211 1289 5266 τοῦ
1318 5210 1476 5274 Θεοῦ,
1515 5209 1693 5279 κῆπον

87 5306 232 5369 Διὸς
256 5304 553 5375 ὀνομάσας·
596 5305 719 5359 ἀντὶ⁹
745 5305 803 5360 δέ
835 5305 930 5360 τοῦ
957 5305 1133 5375 ϐφεως
1174 5305 1270 5359 καὶ
1298 5304 1399 5375 τῆς
1424 5302 1562 5374 πρὸς
1592 5302 1692 5357 αὐ-

85 5394 200 5450 τοῦ
242 5394 544 5466 γενομένης
572 5396 807 5467 ἀπάτης,
839 5396 1039 5451 Πενίαν
1077 5394 1530 5450 ἐπιϐουλεύουσαν
1558 5393 1693 5446 ὑπο-

2269 4562 2349 4618 De
2391 4560 2591 4632 Moysis
2611 4561 2885 4630 paradiso.

1877 4659 1992 4715 Sub
2026 4659 2146 4730 ipsa
2173 4655 2379 4712 conditi
2408 4654 2600 4710 mundi
2628 4652 2923 4717 cunabula,
2946 4650 3042 4706 Dei
3066 4654 3380 4723 paradisum

1803 4752 2041 4824 aliquem
2068 4748 2368 4815 exstitisse,
2400 4744 2493 4801 ubi
2520 4745 2686 4799 homo
2719 4760 2751 4798 a
2779 4752 3030 4814 serpente
3057 4760 3154 4814 per
3182 4745 3383 4800 mulie-

1803 4858 1919 4898 rem
1969 4842 2026 4897 in
2072 4840 2323 4896 fraudem
2363 4836 2620 4901 inductus
2670 4833 2874 4900 fuerit,
2922 4833 3139 4906 Moyses
3181 4850 3383 4892 arcana

1803 4932 2043 5003 quadam
2077 4930 2324 4986 oratione
2359 4934 2772 4983 commemorat.
2803 4923 2979 4995 Huius
3006 4924 3168 4981 verba
3198 4925 3383 4996 palam

1801 5034 2015 5081 tantum
2043 5034 2100 5081 et
2130 5033 2317 5093 aperte
2347 5036 2459 5077 non
2508 5019 2816 5082 immutata,
2845 5017 2973 5073 audi
3003 5018 3081 5074 sis
3118 5019 3385 5089 quemad-

1799 5117 2023 5174 modum
2066 5116 2123 5171 in
2171 5113 2450 5187 Symposio
2481 5110 2773 5182 allegorice
2819 5108 2975 5166 Plato
3023 5111 3378 5180 expresserit.

1800 5208 1975 5277 Quem
2015 5208 2164 5265 enim
2207 5206 2301 5262 ille
2342 5204 2441 5261 Dei
2483 5202 2823 5275 paradisum,
2863 5198 3014 5258 Iovis
3042 5201 3135 5257 hic
3158 5201 3382 5257 hortum

1800 5300 2124 5371 appellavit;
2152 5297 2431 5369 Serpentis
2463 5310 2530 5352 ac
2560 5294 2771 5351 fraudis
2786 5309 2883 5364 per
2895 5307 3021 5349 eum
3039 5294 3381 5349 concinnatae

1797 5392 1940 5457 loco,
1990 5392 2339 5449 insidiantem
2392 5387 2778 5460 Paupertatem
2814 5386 3157 5442 introduxit:
3212 5386 3373 5456 primi

89 5487 361 5559 Θλμενος·
395 5486 518 5539 ἀντὶ
541 5486 599 5539 δὲ
635 5484 731 5540 τοῦ
775 5485 991 5557 πρώτου
1024 5485 1239 5559 ἀνδρὸς,
1261 5484 1320 5538 ὃν
1349 5486 1383 5555 ὴ
1414 5481 1509 5536 τοῦ
1556 5480 1691 5536 Θεοῦ

1814 5484 2038 5537 tominis
2065 5484 2198 5549 vice,
2235 5496 2398 5554 quem
2429 5480 2519 5536 Dei
2548 5479 2852 5552 consilium
2901 5493 2966 5535 ac
3013 5477 3373 5550 providentia,

173 5620 416 5677 “Hebr.
448 5638 527 5688 xt,
552 5624 640 5688 '57,
663 5621 752 5678 58.
831 5624 876 5656 δ’
904 5624 926 5676 l
958 5620 1088 5676 Cor.
1129 5635 1205 5686 Iv,
1228 5620 1284 5677 9.
1355 5619 1402 5652 ”
1435 5618 1567 5675 ibid.
1606 5617 1792 5673 11-15.

175 5740 294 5814 (66)
341 5741 449 5795 Ὧν
482 5737 551 5792 δὲ
573 5738 822 5805 δίκαιος.
847 5735 1026 5791 Verba
1049 5736 1189 5806 haec,
1219 5753 1251 5794 a
1278 5735 1519 5794 librariis
1549 5733 1937 5807 praetermissa,
1966 5745 2031 5786 ex
2054 5727 2281 5785 Platone
2305 5725 2698 5798 supplevimus.

436 5831 713 5893 Parnm“
743 5829 862 5894 Gn.
896 5828 1076 5893 XXI.
3035 5812 3111 5874 3t
