3826 6232
423 225 524 280 9⁷1

1066 223 1336 282 EUSEBll
1374 222 1860 281 CAESARIENSIS
1905 222 2055 279 OPP.
2099 220 2281 278 PARS
2328 222 2396 280 ll.
2438 250 2509 266 —-
2548 219 3052 280 APOLOGETICA.

3590 225 3690 283 972

420 351 682 413 tanquam
741 341 915 397 tilium
965 342 1130 413 paulo
1194 351 1322 396 ante
1367 351 1556 397 natum
1624 342 1992 413 produxerat,

2116 341 2356 412 μῆτίςτε
2387 341 2479 394 καὶ
2507 339 2731 414 πρόνοια
2772 340 2886 394 υἱὸν
2935 340 3124 410 ὥσπερ
3162 337 3419 411 ἀρτιγενῆ
3461 341 3690 412 προύὸέ-

417 433 621 489 Porum
651 434 940 505 quemdam
974 433 1220 499 Metidos,
1270 435 1374 488 hoc
1411 443 1496 489 est
1543 435 1773 500 consilii,
1823 436 1995 489 ﬁlium

420 524 694 596 subjecit:
743 540 844 595 pro
878 540 944 580 eo
996 525 1254 594 denique,
1306 535 1366 580 ut
1412 526 1616 582 conditi
1668 526 1857 582 mundi
1895 527 1998 582 sub

421 618 689 674 cunabula
715 617 939 686 diceret,
967 618 1069 674 sub
1094 616 1324 674 Veneris
1363 628 1545 673 ortum
1576 619 1757 675 dicere
1783 620 1994 686 maluit,

418 717 482 762 ut
505 708 610 762 hoc
635 707 908 778 allegoria
937 721 1136 777 genere
1163 709 1358 768 mundi
1396 711 1632 780 speciem
1664 725 1729 765 ac
1756 709 1997 778 pulchri-

419 799 666 853 tudinem
722 798 1092 854 adumbraret.
1145 799 1237 856 Sic
1284 801 1450 871 igitur
1495 803 1561 856 ad
1609 803 1834 856 verbum
1880 803 1998 874 ipse

420 889 695 958 loquitur:
733 909 752 942 ι
774 888 1099 947 NataVenus
1127 907 1249 946 cum
1276 902 1437 955 esset,
1457 892 1619 964 585
1644 894 1839 964 inquit,
1861 909 1994 948 con-

420 982 630 1036 vivium
658 981 736 1036 dii
769 982 1134 1046 celebrarunt,
1153 998 1293 1053 quos
1321 984 1462 1040 inter
1499 984 1674 1041 Porus
1701 987 1863 1039 etiam
1887 985 1997 1041 Me-

415 1074 545 1128 tidis
577 1074 723 1130 ﬁlius
761 1073 1057 1130 discubuit.
1086 1073 1270 1130 (laenae
1299 1076 1401 1131 sub
1439 1077 1668 1140 exitum,
1695 1074 1996 1147 Paupertas

416 1182 506 1231 eo,
536 1172 723 1237 utpote
746 1165 959 1221 lautum
987 1167 1055 1222 ad
1080 1168 1324 1237 epulum,
1354 1167 1559 1238 aliquid
1587 1167 1994 1223 emendicatura

415 1274 538 1315 sese
597 1257 938 1325 contulerat,
1003 1259 1350 1330 haerebatque
1378 1261 1433 1314 in
1493 1259 1804 1316 vestibulo:
1868 1277 1991 1316 cum

413 1347 614 1414 Porus,
643 1357 865 1404 nectare
897 1350 1107 1416 ebrius,
1155 1351 1385 1407 necdum
1421 1353 1565 1408 enim
1598 1352 1783 1407 vinum
1823 1353 1992 1408 ullum

419 1449 560 1506 erat,
595 1437 748 1495 Jovis
786 1439 842 1494 in
874 1441 1093 1496 hortum
1133 1440 1436 1512 ingressus,
1491 1440 1603 1496 alto
1647 1454 1844 1497 somno
1871 1455 1995 1495 cor-

424 1533 644 1604 ripitur.
678 1530 779 1588 Hic
829 1530 1131 1602 Paupertas
1178 1533 1392 1588 occulte
1424 1548 1489 1588 ac
1535 1548 1632 1603 per
1682 1532 1909 1587 insidias
1940 1533 1992 1588 id

419 1641 609 1697 agens,
633 1634 695 1680 ut
721 1624 917 1694 inopiae
938 1625 1282 1680 sublevandas
1303 1641 1490 1690 causa,
1519 1625 1726 1696 prolem
1754 1640 1822 1680 ex
1851 1623 1992 1681 Poro

2104 433 2289 504 ϐλητο,
2327 434 2442 485 υἱὸν
2466 432 2704 504 Μήτιδος
2741 432 2913 502 Πόρον
2952 429 3317 494 ἀποκαλέσας⁸
3345 431 3464 484 ἀντὶ
3503 432 3561 484 δὲ
3601 434 3687 486 τοῦ

2105 523 2300 594 φάναι,
2357 523 2626 595 Ὁπηνίκα
2696 523 2982 577 συνίστατο
3034 521 3120 575 ὅδε
3184 523 3213 574 6
3276 522 3516 592 κόσμος,
3564 524 3689 577 ’Ὅτε

2103 617 2376 688 ἐγένετοὴ
2426 615 2736 688 Ἀφροδίτη,
2767 613 2959 678 εἰπὼν,
3025 613 3167 668 οὓτω
3223 613 3318 666 τὸν
3349 614 3554 685 κόσμον
3595 616 3688 668 ἀλ-

2103 706 2434 779 ληγορήσας,
2496 707 2590 760 τοῦ
2635 707 2764 778 περὶ
2811 706 2972 759 αὑτὸν
3026 705 3257 769 κάλλους
3291 707 3474 759 ἕνεκα.
3530 707 3685 774 Λέγει

2101 801 2147 854 δ’
2180 797 2272 854 οὖν
2297 801 2481 864 αὐτοῖς
2521 801 2762 871 ῥήμασιν
2808 791 2932 852 ὧδε’
2981 818 3000 850 ι
3057 798 3188 851 Ὅτε
3247 799 3465 866 ἐγένετο
3506 799 3618 869 (67)
3654 802 3686 871 ἡ

2115 889 2426 961 Ἀφροδίτη,
2463 888 2743 942 εἱστιῶντο
2776 889 2826 941 οἱ
2861 886 2994 951 θεοὶ,
3035 888 3089 939 οἵ
3123 904 3183 939 τε
3223 886 3373 940 ἄλλοι
3407 888 3504 941 καὶ
3534 891 3563 941 6
3596 890 3689 960 τῆς

2102 981 2338 1054 Μήτιδος
2367 983 2481 1045 υἱὸς
2521 981 2716 1052 Πόρος.
2757 979 2977 1051 Ἐπειδὴ
3005 979 3062 1032 δὲ
3090 979 3436 1050 ἐδείπνησαν,
3467 998 3691 1050 προσαι-

2100 1075 2360 1144 τήσουσα,
2397 1069 2485 1128 οἷα
2510 1074 2572 1146 δὴ
2601 1075 2832 1144 εὐωχίας
2855 1072 3044 1143 οὔσης,
3070 1073 3297 1142 ἀφίκετο
3327 1075 3358 1144 ἡ
3387 1074 3581 1138 Πενία,
3600 1073 3692 1126 καὶ

2099 1159 2167 1235 ἦν
2203 1166 2332 1237 περὶ
2383 1166 2481 1231 τὰς
2533 1166 2724 1237 θύρας.
2776 1167 2836 1218 Ὁ
2897 1161 2991 1219 οὖν
3037 1165 3210 1236 Πόρος
3260 1164 3549 1236 μεθυσθεὶς
3598 1165 3693 1218 τοῦ

2101 1257 2391 1331 νέκταρος,
2421 1255 2563 1323 οἶνος
2585 1260 2694 1331 γὰρ
2722 1257 2875 1312 οὔπω
2906 1254 2996 1330 ἦν,
3049 1259 3128 1321 εἰς
3157 1258 3250 1310 τὸν
3297 1255 3391 1309 τοῦ
3437 1258 3559 1321 Διὸς
3597 1257 3694 1329 κῆ-

2102 1368 2202 1404 πον
2229 1350 2506 1415 εἰσελθὼν,
2575 1349 2947 1423 βεϐαρημένος
3001 1342 3174 1402 εὗδεν.
3230 1348 3297 1401 Ἡ
3354 1343 3448 1402 οὖν
3501 1348 3690 1413 Πενία,

2100 1443 2530 1497 ἐπιϐουλεύουσα
2568 1443 2656 1496 διὰ
2684 1444 2782 1514 τὴν
2819 1439 2989 1511 αὐτῆς
3019 1439 3254 1511 ἀπορίαν
3286 1439 3499 1493 παιδίον
3532 1442 3689 1512 ποιή-

2102 1534 2296 1588 σασθαι
2322 1535 2387 1588 ἐκ
2415 1534 2511 1588 τοῦ
2549 1536 2750 1607 Πόρου,
2807 1530 3194 1589 κατακλίνεταί
3222 1547 3282 1583 τε
3346 1531 3476 1600 παρ’
3506 1531 3689 1602 αὐτῷ,

2099 1627 2194 1680 καὶ
2217 1626 2416 1698 ἐκύησε
2447 1627 2538 1681 τὸν
2589 1629 2828 1698 Ἔρωτα.
2874 1646 2892 1679 ι
2919 1624 3154 1679 Τοιαῦτα
3205 1623 3300 1694 μὲν
3328 1623 3391 1694 δή
3448 1641 3572 1676 τινα
3601 1625 3691 1677 καὶ

417 1718 740 1788 susciperet,
769 1716 925 1787 juxta
956 1716 1109 1771 illum
1139 1717 1416 1784 accubuit,
1468 1718 1836 1788 Amoremque
1863 1733 1992 1772 con-

2116 1737 2154 1772 ιν
2188 1719 2394 1785 τούτοις
2448 1721 2476 1774 ὁ
2525 1720 2748 1774 Πλάτων
2778 1719 3033 1791 ἐμφερῶς
3095 1717 3321 1772 Μωῦσεῖ
3370 1715 3686 1788 ὑπῃνίξατο.

413 1815 576 1885 cepit.
639 1833 660 1867 ι
697 1813 840 1869 Haec
892 1812 1045 1884 ipse,
1113 1813 1314 1882 quibus
1357 1828 1489 1871 sane
1547 1822 1782 1869 mentem
1840 1812 1988 1868 illam
2027 1812 2250 1884 Moysis,
2299 1816 2637 1872 subobscure
2661 1817 2805 1881 licet,
2846 1816 3134 1887 expressit.

1014 1906 1245 1964 CAPUT
1274 1903 1390 1962 XII.

416 2004 495 2058 Ab
526 2012 746 2073 utroque
777 2003 976 2066 doceri,
1011 1999 1283 2054 mulierem
1326 2013 1391 2052 ex
1413 1998 1525 2052 viro
1562 2004 1825 2066 sumptam
1860 2011 1990 2051 esse.

482 2096 754 2152 Praeterea
783 2094 930 2164 quod
959 2094 1036 2148 ait
1063 2091 1298 2163 Moyses,
1351 2109 1370 2141 ι
1401 2088 1530 2144 Adze
1564 2103 1694 2143 vero
1742 2102 1850 2143 non
1877 2097 1997 2143 erat

417 2189 635 2258 adjutor
657 2187 853 2242 similis
882 2186 1022 2256 ejus.
1059 2183 1126 2240 Et
1174 2183 1400 2238 immisit
1455 2181 1600 2238 Deus
1645 2181 1905 2238 exstasim
1937 2183 1994 2236 in

419 2282 633 2351 ipsum,
687 2287 742 2334 et
797 2277 994 2348 sopivit
1016 2291 1184 2332 eum:
1235 2276 1468 2346 tulitque
1500 2289 1666 2329 unam
1712 2274 1780 2329 de
1824 2274 1993 2330 costis

420 2374 562 2444 ejus,
592 2382 646 2428 et
685 2371 914 2443 replevit
942 2385 1162 2425 carnem
1209 2382 1308 2439 pro
1341 2381 1426 2422 ea.
1474 2364 1541 2421 Et
1571 2365 1858 2422 aediﬁcavit
1887 2366 1992 2421 Do-

419 2464 603 2518 minus
645 2461 790 2518 Deus
835 2469 1066 2525 costam.
1117 2473 1282 2528 quam
1331 2458 1529 2513 tulerat
1574 2455 1642 2512 de
1685 2457 1880 2524 Adam,
1934 2456 1990 2510 in

418 2554 702 2610 mulierem
718 2553 820 2607 ⁸¹.›
853 2552 910 2607 ld
939 2551 1113 2616 Plato,
1147 2549 1279 2604 licet
1305 2562 1416 2620 quo
1443 2562 1608 2604 sensu
1634 2546 1838 2603 dictum
1872 2545 1992 2602 fue—

414 2647 509 2711 rit,
539 2647 834 2716 ignoraret,
865 2643 964 2698 abs
988 2656 1109 2698 sese
1136 2647 1313 2694 tamen
1339 2637 1586 2694 auditum
1616 2636 1788 2695 fuisse
1809 2637 1989 2709 palam

415 2738 670 2794 ostendit.
728 2733 1052 2805 Quanquam
1088 2731 1479 2802 Aristophani,
1511 2731 1626 2802 qui,
1673 2737 1862 2802 utpote
1901 2743 1998 2784 co-

417 2829 747 2885 mediarum
774 2829 1028 2898 scriptor,
1056 2840 1147 2882 res
1177 2827 1348 2881 etiam
1371 2823 1726 2896 gravissimas
1752 2820 2001 2878 deridere

416 2931 818 2988 consueverat,
872 2921 1024 2975 hunc
1076 2929 1388 2976 sermonem
1437 2913 1650 2971 tribuit.
1704 2911 1800 2969 Sic
1852 2913 1999 2969 enim

418 3015 572 3069 illum
602 3013 656 3067 in
707 3011 954 3067 Convivia
1005 3009 1320 3078 loquentem
1369 3004 1518 3061 facit.
1573 3023 1595 3057 ι
1633 3003 1713 3059 Ac
1757 3003 1997 3075 primum

416 3106 659 3177 quidem,
700 3104 917 3174 inquit,
957 3108 1209 3156 naturam
1258 3100 1557 3154 humanam
1588 3096 1818 3168 ejusque
1864 3113 1994 3152 con-
2019 3081 2062 3140 (ἶ

415 3200 649 3253 ditiones
680 3209 843 3251 nosse
873 3209 971 3249 vos
1002 3201 1234 3262 Oportet.
1267 3189 1454 3261 Neque
1482 3189 1627 3244 enim
1656 3188 1846 3244 eadem
1875 3204 1997 3258 qua:

417 3303 567 3344 nunc
599 3292 703 3350 est,
752 3292 951 3339 natura
998 3281 1130 3338 olim
1165 3286 1354 3336 nostra
1385 3278 1507 3344 fuit,
1557 3278 1650 3334 sed
1698 3278 1859 3348 longe
1907 3277 1995 3332 di-

418 3393 599 3433 versa.
654 3374 901 3430 Primum
968 3371 1116 3427 enim
1177 3384 1376 3441 genera
1437 3368 1722 3424 hominum
1778 3367 1997 3422 fuerunt

419 3467 648 3523 omnino
673 3465 800 3530 tria,
851 3478 959 3519 non
994 3463 1106 3516 duo
1155 3471 1387 3524 tantum,
1440 3458 1518 3513 uti
1552 3466 1679 3514 sunt
1719 3457 1824 3513 hoc
1854 3467 1994 3512 tem-

419 3576 570 3632 pore,
595 3575 716 3615 mas
741 3573 804 3614 ac
833 3557 1035 3612 femina
1063 3574 1076 3610 :
1108 3553 1203 3610 sed
1229 3554 1448 3608 tertium
1475 3551 1699 3621 insuper
1721 3559 1840 3606 erat
1868 3566 1994 3605 cum

420 3663 655 3723 utroque
692 3663 1024 3713 commune;
1065 3647 1213 3717 quod
1258 3645 1407 3700 nudo
1432 3651 1644 3700 tantum
1673 3642 1864 3698 relicto
1892 3657 1994 3698 no-

419 3747 588 3810 mine,
620 3759 850 3814 prorsus
872 3741 1112 3797 evanuit.
1139 3739 1280 3795 Tum
1304 3739 1449 3795 enim
1479 3736 1856 3808 androgynum
1879 3745 1998 3792 erat

419 3848 530 3892 tam
561 3836 759 3900 forma,
815 3849 981 3905 quam
1028 3833 1273 3896 nomine,
1327 3847 1395 3887 ex
1448 3841 1681 3901 utroque
1732 3832 1902 3888 maris
1930 3844 1996 3884 ac

422 3929 638 3985 feminae
670 3943 803 3984 sexu
848 3924 1165 3980 conﬂatum.
1211 3943 1230 3976 ι
1269 3924 1532 3995 Deinceps
1566 3938 1721 3980 more
1771 3937 1873 3980 suo
1903 3937 1995 3978 ea-

417 4017 797 4085 villatus,ha:c
828 4016 1009 4070 addit:
1043 4034 1062 4068 ι
1102 4013 1260 4070 Hunc
1279 4015 1333 4069 in
1357 4015 1578 4070 modum
1608 4015 1824 4071 loeutus
1850 4013 1994 4084 apud

417 4126 544 4166 eum
577 4109 808 4180 Jupiter,
843 4107 1098 4162 bifariam
1143 4107 1391 4162 homines
1441 4106 1648 4172 secuit,
1692 4115 1754 4162 ut
1785 4107 1878 4177 qui
1909 4106 1995 4161 vel

424 4202 704 4257 auriculas
755 4199 1046 4257 condiendi
1094 4197 1279 4252 animo
1324 4199 1684 4264 abscinderet,
1733 4199 1818 4255 vel
1866 4199 1994 4270 pilis

417 4310 521 4348 ova
552 4293 835 4348 divideret.
866 4291 1045 4359 Atque
1083 4289 1130 4344 is
1163 4297 1224 4343 ut
1261 4303 1532 4358 quemque
1562 4298 1833 4354 secuerat,
1865 4290 1993 4346 huic

418 4380 725 4450 Apollinem
752 4380 997 4450 jubebat,
1041 4377 1252 4432 vultum
1302 4380 1642 4450 cervicisque
1678 4380 1988 4447 dimidium,

2627 1907 3022 1961 ΚΕΦΑΛΑΙΟΝ
3056 1907 3154 1959 IB'.

2111 1997 2205 2062 Ὠς
2233 1997 2302 2051 ἐκ
2339 1997 2448 2052 τοῦ
2478 1997 2699 2066 ἀνδρός
2722 2013 2914 2068 φασιν
2937 1997 3218 2066 εἰλῆφθαι
3264 1997 3381 2062 τὴν
3409 1991 3687 2066 γενναῒκα.

2171 2090 2340 2144 Πάλιν
2367 2090 2650 2162 εἰρηκότος
2684 2090 2983 2154 Μωῦσέως,
3024 2109 3042 2141 ι
3074 2089 3163 2160 Τῷ
3194 2090 3250 2142 δὲ
3287 2089 3459 2160 Ἀδὰμ
3487 2090 3585 2142 οὐκ
3624 2085 3692 2160 ἧν

2105 2180 2297 2252 βοηθὸς
2341 2181 2524 2252 ὅμοιος
2549 2180 2713 2251 αὐτῷ.
2751 2180 2863 2234 Καὶ⁹
2889 2180 3154 2234 ἐπέϐαλεν
3194 2182 3223 2233 6
3270 2182 3402 2246 Θεὸς
3430 2181 3689 2235 ἔκστασιν

2096 2275 2184 2327 ἐπ’
2237 2274 2424 2340 αὐτόν,
2477 2274 2573 2327 καὶ
2627 2275 2957 2343 ἀφυπνωσε,
3005 2272 3102 2326 καὶ
3167 2273 3327 2326 ἔλαϐε
3393 2275 3524 2344 μίαν
3580 2272 3693 2326 τῶν

2097 2366 2346 2439 πλευρῶν
2373 2366 2558 2432 αὐτοῦ,
2588 2368 2683 2420 καὶ
2713 2366 3067 2438 ἀνεπλήρωσε
3107 2365 3286 2437 σάρκα
3339 2368 3455 2420 ἀντ’
3490 2367 3686 2437 αὐτῆς.

2095 2459 2208 2514 Καὶ
2235 2458 2552 2530 ᾠκοδόμησε
2599 2458 2802 2531 Κύριος
2822 2461 2851 2512 6
2877 2457 3009 2521 Θεὸς
3036 2459 3134 2530 τὴν
3171 2458 3430 2530 πλευρὰν,
3471 2459 3539 2528 ἢν
3566 2458 3694 2512 έλα-

2094 2551 2188 2606 6εν
2226 2553 2333 2606 ἀπὸ
2361 2552 2456 2606 τοῦ
2503 2552 2694 2622 Ἀδάμ,
2736 2553 2816 2615 είς
2854 2554 3144 2621 γυναῖκαοι
3180 2552 3253 2624 μὴ
3286 2552 3466 2614 συνεὶς
3491 2554 3519 2605 6
3550 2551 3696 2605 Πλά⁶

2094 2662 2202 2698 των
2262 2643 2422 2717 ὁποίᾳ
2465 2645 2682 2716 εἴρηται
2739 2643 2968 2714 διανοίᾳ,
3018 2643 3179 2714 δῆλος
3228 2644 3327 2714 μὲν
3382 2642 3530 2696 ἔστιν
3588 2643 3692 2696 οὐκ

2093 2735 2367 2806 ἀγνοήσας
2391 2735 2484 2788 τὸν
2528 2735 2704 2804 λόγον’
2742 2735 3117 2806 Ἀριστοφάνει
3160 2735 3204 2788 δ’
3234 2735 3418 2798 αὐτὸν,
3449 2729 3538 2788 οἷα
3579 2752 3690 2787 κω-

2098 2827 2260 2900 μῳδῷ
2284 2827 2568 2899 χλευάζειν
2596 2827 2808 2882 εἰωθότι
2837 2829 2931 2881 καὶ¹
2986 2827 3054 2881 τά
3081 2826 3254 2898 σεμνὰ
3291 2825 3402 2880 τῶν
3428 2826 3689 2896 πραγμά-

2093 2937 2225 2986 των,
2256 2920 2594 2993 ἀνατίθησιν,
2619 2921 2680 2974 ἐν
2725 2922 3051 2991 Συμποσίῳ
3075 2921 3203 2974 τάδε
3253 2918 3484 2987 λέγοντα
3520 2919 3688 2971 αὐτὸν

2096 3013 2350 3082 εἰσάγωνο
2409 3031 2428 3065 ι
2459 3014 2552 3066 Δεῖ
2605 3013 2663 3067 δὲ
2711 3013 2930 3085 πρῶτον
2966 3012 3078 3084 (68)
3134 3010 3527 3082 ὑμᾶςιμαθεῖν
3585 3011 3687 3081 τὴν

2095 3107 2444 3180 ἀνθρωπίνην
2482 3107 2644 3176 φύσιν
2676 3108 2772 3162 καὶ
2803 3107 2872 3162 τὰ
2909 3107 3209 3178 παθήματα
3242 3107 3432 3176 αὐτῆς.
3476 3106 3539 3159 Ἦ
3575 3107 3689 3176 γὰρ

2097 3197 2445 3270 πάλαιὴμῶν
2492 3198 2654 3269 φύσις
2703 3198 2803 3269 οὐχ
2857 3199 2890 3268 ἠ
2947 3197 3085 3268 αὐτὴ
3109 3193 3178 3269 ἦν
3197 3194 3346 3269 ἦπερ
3397 3197 3513 3260 νῦν,
3546 3197 3688 3251 ἀλλὰ

2095 3290 2230 3362 άλλη
2267 3289 2399 3360 (69).
2465 3289 2688 3361 Πρῶτον
2721 3288 2818 3360 μὲν
2851 3287 2959 3360 γὰρ
2985 3289 3112 3361 τρία
3170 3284 3238 3360 ἦν
3274 3287 3344 3340 τὰ
3383 3288 3515 3357 γένη
3574 3287 3689 3340 τῶν

2095 3378 2420 3452 ἀνθρώπων,
2461 3379 2559 3450 οὐχ
2603 3377 2793 3450 ὥσπερ
2848 3377 2946 3433 νῦν
3001 3377 3120 3444 δύο,
3163 3379 3332 3449 ἄρρεν
3373 3379 3468 3431 καὶ
3521 3377 3683 3449 θῆλυ,

2096 3468 2234 3522 ἀλλὰ
2280 3468 2464 3542 τρίτον
2521 3471 2733 3541 προσῆν
2756 3509 2772 3535 ,
2834 3468 3012 3523 κοινὸν
3073 3468 3401 3539 ἀμφοτέρων
3449 3467 3685 3531 τούτων,

2093 3555 2169 3615 ὧν
2205 3559 2318 3632 (70)
2340 3559 2434 3615 νῦν
2464 3559 2634 3632 ὄνομα
2684 3560 2890 3626 λοιπὸν,
2924 3560 3055 3614 αὐτὸ
3106 3561 3164 3614 δὲ
3209 3561 3523 3630 ἠφάνισται.
3565 3561 3687 3613 ’Λν-

2094 3651 2350 3723 δρόγυνον
2390 3651 2501 3723 γὰρ
2527 3650 2648 3704 τότε
2675 3651 2775 3722 μὲν
2799 3646 2888 3721 ἦν,
2924 3650 3019 3705 καὶ
3072 3645 3230 3714 εἶδος,
3275 3651 3369 3703 καὶ
3407 3650 3583 3720 δνομα
3619 3649 3686 3716 ἐξ

2095 3736 2417 3814 ἀμφοτέρων
2446 3742 2646 3808 κοινὸν,
2680 3741 2776 3796 τοῦ
2805 3760 2865 3796 τε
2900 3744 3127 3816 άρῤενος
3149 3742 3243 3795 καὶ
3270 3741 3365 3795 τοῦ
3398 3742 3610 3813 θήλεος.
3654 3761 3680 3794 ι

2095 3829 2207 3888 Εἶθ’
2232 3833 2358 3907 ἑξῆς
2386 3834 2649 3907 διασύρας
2682 3833 2754 3888 τὰ
2779 3833 2929 3904 αύτῷ
2951 3833 3178 3905 συνήθη,
3209 3831 3461 3903 ἐπιφέρει
3481 3831 3684 3900 λέγων·

2101 3945 2120 3979 ι
2160 3925 2323 3980 Ταῦτ’
2344 3925 2513 3980 εἰπὼν
2539 3927 2567 3979 6
2619 3926 2750 3998 παρ’
2777 3925 2924 3997 αὐτῷ
2977 3927 3132 3989 Ζεὺς,
3199 3923 3391 3994 ἔτεμνε
3423 3923 3551 3987 τοὺς
3582 3924 3683 3976 ἁν-

2095 4017 2347 4092 θρὼπους
2367 4019 2510 4090 δίχα,
2539 4019 2728 4090 ὥσπερ
2759 4020 2808 4072 οἱ
2843 4018 2912 4072 τὰ
2965 4011 3081 4072 ὧτα
3111 4017 3221 4088 (Ἠ)
3270 4017 3559 4084 τέμνοντες
3587 4015 3686 4068 καὶ

2099 4111 2383 4183 μέλλοντες
2403 4111 2732 4183 ταριχεύειν,
2761 4110 2796 4181 ἢ
2824 4110 3018 4181 ὥσπερ
3045 4110 3095 4162 οἱ
3123 4109 3190 4162 τὰ
3221 4107 3306 4161 ὠά
3331 4109 3450 4172 ταῖς
3479 4105 3682 4178 θριξίν.

2097 4203 2318 4256 ’Όντινα
2377 4203 2434 4255 δὲ
2493 4202 2672 4273 τέμοι,
2719 4201 2810 4255 τὸν
2874 4199 3182 4254 Ἀπόλλωνα
3231 4198 3454 4251 ἐκέλευε
3501 4197 3566 4250 τό
3615 4213 3681 4251 τε

2096 4295 2382 4366 πρόσωπον
2418 4296 2812 4365 μεταστρέφειν
2861 4293 2956 4347 καὶ
2999 4293 3060 4346 τὸ
3103 4290 3197 4344 τοῦ
3246 4289 3476 4359 αὐχένος
3501 4290 3685 4359 ἥμισυ

2096 4385 2230 4456 πρὸς
2257 4386 2355 4456 τὴν
2379 4385 2550 4456 τομὴν
2576 4385 2812 4455 (72),ἴνα
2845 4382 3112 4455 θεώμενος
3138 4382 3235 4453 τὴν
3259 4380 3426 4434 αὑτοῦ
3452 4381 3683 4451 τμῆσιν,

420 4487 540 4525 eam
574 4473 628 4526 in
656 4481 863 4542 partem
895 4487 1002 4542 qua
1030 4477 1212 4526 sectus
1235 4480 1382 4526 esset
1425 4481 1760 4537 convertere,
1790 4481 1852 4527 ut
1879 4487 1992 4538 suae

2116 4476 2464 4547 ιοσμιώτερος
2521 4478 2607 4548 εἴη
2645 4479 2674 4530 ὁ
2708 4476 3010 4547 ἄνθρωπος’
3049 4473 3143 4529 καὶ
3173 4473 3242 4526 τὰ
3295 4471 3432 4528 ἄλλα
3493 4470 3687 4528 ἰᾶσθαι

419 4564 586 4633 hujus
642 4564 901 4619 sectionis
951 4571 1211 4633 aspectu,
1264 4563 1564 4618 modestior
1607 4562 1774 4618 homo
1820 4565 1991 4619 ﬁeret.

417 4650 559 4707 Tum
592 4652 804 4707 caeteris
831 4667 953 4706 eum
978 4667 1196 4723 quoque
1225 4653 1428 4708 mederi
1454 4654 1645 4724 jussit.
1679 4673 1699 4707 ο

486 4768 530 4800 ⁸³
571 4767 705 4824 Geu.
736 4783 794 4831 ιι,
833 4766 1030 4821 20—22.

491 4859 600 4931 (6'7)
643 4859 774 4931 Ὅτε
818 4859 1073 4931 ἐγένετο.
1123 4857 1279 4931 Plato
1306 4859 1367 4931 iu
1403 4858 1672 4926 Convivia,
1708 4875 1828 4930 pag.
1864 4861 1989 4916 328.

416 4928 590 4984 Porro
624 4930 831 5000 fabulae
861 4928 1026 5000 hujus
1066 4930 1481 5000 explicationem
1533 4932 1676 5000 apud
1709 4928 1990 4986 Plotinum

416 5002 586 5067 leges,
615 4998 857 5054 Ennead.
887 4999 1011 5064 III,
1043 4998 1243 5064 libivr,
1282 5016 1313 5054 a
1345 5001 1520 5069 capite
1554 4998 1623 5055 ad
1651 5001 1773 5055 libri
1803 5001 1986 5055 ﬁnem.

417 5071 785 5151 Summa~est.
817 5069 1082 5155 Venerem,
1126 5070 1224 5142 τὴν
1269 5070 1448 5155 φυλήν
1494 5070 1989 5155 esse‘do‘cetiPo-

413 5157 572 5206 rum,
617 5139 726 5193 τῶν
776 5141 992 5194 πάντων
1026 5139 1219 5210 λόγον’,
1261 5139 1449 5194 Jovem
1499 5141 1774 5210 βασιλικὸν
1823 5141 1986 5194 Νοῦν.

414 5211 541 5282 Pori
568 5210 882 5282 ebrietatem
908 5212 1064 5282 λόγον
1090 5212 1198 5264 ἀπὸ
1227 5211 1532 5282 κρείττονος
1556 5212 1731 5282 ἀρχῆς
1757 5212 1990 5267 πεσόντα

412 5281 484 5334 τὰ
512 5284 594 5345 είς
619 5281 902 5335 ὲλάττονα’
931 5281 1079 5336 .lovis
1111 5281 1327 5335 hortum
1356 5319 1371 5350 ,
1401 5282 1548 5350 quod
1585 5281 1778 5336 hortus
1810 5283 1990 5338 omnis

415 5353 694 5422 ἀγλάϊσμα
727 5352 817 5418 sit,
841 5350 936 5422 καὶ¹
961 5351 1188 5422 πλούτου
1215 5349 1662 5422 ἐγκαλλώπισμα,
1699 5351 1845 5422 aliud
1869 5367 1991 5407 esse

417 5424 550 5494 nihil
597 5420 760 5494 quam
803 5421 873 5474 τά
901 5422 1071 5494 πεπιράΔ
1094 5421 1187 5475 τοῦ
1231 5420 1324 5474 νοῦ
1358 5421 1522 5494 αὐτού
1561 5420 1640 5484 εἰς
1671 5421 1770 5492 τὴν
1811 5421 1988 5494 ψυχὴν

417 5491 640 5563 ἐλθόντα
672 5491 1038 5563 ἀγλαῖσματα,
1061 5491 1163 5546 hoc
1189 5501 1292 5556 est,
1313 5492 1440 5556 τοὺς
1465 5491 1678 5560 λόγους,
1709 5491 1834 5556 τοὺς
1857 5491 1986 5563 παρ’

418 5561 582 5614 αὐτοῦ
615 5562 859 5632 ῥυέντας.
893 5563 1180 5632 Amorem,
1212 5563 1388 5630 ipsum
1407 5563 1616 5632 _animae
1653 5561 1984 5616 desiderium

420 5632 557 5700 πρὸς
597 5629 658 5683 τὸ
702 5634 966 5702 κρεῖττον,
1019 5649 1085 5686 ex
1112 5629 1273 5702 Poro
1311 5640 1364 5702 et
1407 5629 1983 5702 Paupertateinatum,

420 5697 549 5771 quia
582 5697 796 5772 μετέχει
838 5703 936 5775 μὲν
980 5697 1276 5775 ἐνδείας,
1305 5697 1643 5773 πληροῦσθαι
1679 5701 1851 5768 θέλει,
1887 5697 1984 5755 οὐκ

2097 4566 2396 4620 ἐκέλευεν.»

2092 4859 2318 4930 ἄμοιρον
2344 4858 2388 4911 δ’
2405 4858 2665 4930 εύπορίας
2691 4857 2865 4930 ἐστὶν,
2945 4850 3006 4911 οὗ
3028 4855 3138 4930 ἔχει
3154 4854 3482 4930 τὺέλλεῖτξον
3498 4852 3683 4926 ζητεῖ.

2164 4924 2506 5009 (sinapi-oe
2533 4924 2803 5008 πρῶτον.
2838 4924 2992 4984 Plato
3039 4924 3094 4981 in
3139 4929 3332 4981 eodem
3386 4924 3642 4980 Co’neieio
3665 4970 3682 4994 ,

2091 5015 2156 5068 pa
2201 5047 2209 5053 .
2241 4999 2346 5053 322
2375 4999 2568 5052 Ficini.

2162 5015 2272 5140 €69)
2313 5069 2488 5140 Plato.
2521 5068 2728 5140 ἀλλοία.

2163 5133 2274 5206 (70)
2310 5137 2488 5206 Plato,
2519 5133 2596 5192 οὗ.

2163 5153 2254 5206 (ιυ
2315 5153 2488 5203 νιοιο,
2519 5153 2596 5192 ου.

2161 5153 2274 5280 (τις
2306 5203 2804 5280 ὮταηΡιοιολώά,
2837 5207 2931 5280 sed
2962 5208 3104 5280 linea
3129 5214 3423 5280 sequente;
3439 5205 3684 5280 habetur

2088 5275 2191 5332 ὠά.
2227 5278 2366 5333 Sunt
2393 5279 2594 5348 quibus
2628 5277 2774 5346 ζῶα,
2815 5279 2897 5332 vel
2936 5278 3080 5331 νῶτα
3105 5275 3497 5348 ριδοοιιιηΕεο
3536 5276 3677 5348 nihil

2087 5346 2426 5403 ωυιοηάυηί
2444 5349 2628 5418 putavi
2648 5388 2662 5410 ,
2703 5364 2813 5402 non
2841 5349 2984 5417 quod
3015 5346 3173 5402 aures
3207 5346 3461 5401 hil‘ariam
3492 5347 3676 5400 secari

2087 5419 2304 5488 dixerit,
2329 5419 2423 5474 sed
2450 5417 2597 5488 quod
2628 5421 2818 5473 eadem
2844 5417 3105 5472 facilitate
3141 5427 3350 5486 partem
3378 5429 3678 5488 utramque

2086 5487 2295 5559 Jupiter
2341 5487 2617 5553 diviserit,
2665 5503 2771 5556 qua
2823 5489 3050 5558 geminae
3102 5503 3263 5542 aures
3315 5487 3674 5556 postmodum

2086 5559 2401 5615 condienda:
2431 5567 2764 5613 secarentur.
3225 5580 3231 5587 -

2157 5629 2268 5699 (τε)
2315 5629 2530 5699 Τομήν.
2581 5627 2658 5682 lta
2705 5628 2884 5692 Plato,
2917 5637 2970 5681 et
3015 5637 3197 5693 recte,
3231 5627 3398 5696 τιμήν
3432 5627 3582 5681 enim
3613 5625 3677 5680 in

2088 5701 2158 5756 al.
2184 5701 2421 5756 editione
2452 5714 2730 5769 perperam
2771 5699 3060 5768 legebatur.
