3826 6232
220 285 332 344 973
1404 282 1731 341 ΡΒΕΡΑΒ.
1772 282 2025 340 EVANG.
2067 281 2195 340 LIB.
2237 282 2352 340 XII.
3377 290 3484 346 974

741 401 1142 457 ΚΕΦΑΛΛῙΟΝ
1176 403 1273 457 ΙΓ.
1825 411 1882 470 Α

1825 411 1882 470 Α
2399 403 2565 476 533
2593 398 2826 458 CAPUT
2860 400 2995 457 xm.

389 496 530 566 Περὶ
554 493 663 549 τοῦ
683 494 918 564 πρώτου
950 494 1072 549 τῶν
1106 495 1436 564 ἀνθρώπων
1454 496 1620 561 βίου.

1551 515 1620 551 νυ.
2327 495 2406 550 De
2430 497 2606 566 prima
2638 497 2910 550 hominum
2937 498 3062 551 vita.

281 585 562 648 Μωῦσέως
596 585 687 638 τὸν
715 585 931 657 πρῶτον
972 585 1082 639 τῶν
1129 586 1379 658 γηγενῶν
1414 587 1528 658 βίον
1557 587 1792 660 ὑπογρά-

1978 584 2222 642 Primam
2252 585 2541 642 hominum
2574 587 2744 642 vitam
2774 588 2829 642 in
2860 587 2955 643 Dei
2990 588 3244 659 paradiso
3276 587 3489 661 Moyses

209 679 409 750 ψαντος
427 679 484 732 ἐν
514 677 824 749 παραδείσῳ
850 677 986 732 Θεοῦ
1037 679 1338 748 γεγονέναι,
1373 679 1507 733 Θεόν
1533 697 1593 733 τε
1621 682 1720 734 αύτ

1983 687 2126 734 ctam
2178 693 2301 734 esse
2348 679 2562 747 scribit,
2595 679 2688 734 ubi
2733 694 2926 736 eorum
2965 696 3154 736 curam
3207 681 3327 738 sine
3376 683 3487 738 ullo

211 767 461 837 ἡγεῖσθαι
525 767 584 819 ἐν
633 766 940 839 ἀχρημάτῳ
1011 766 1104 820 καὶ
1157 767 1429 838 ἀκτήμονι
1514 766 1722 836 διαγωγη

1974 771 2217 826 ritiarum
2244 785 2520 842 opumque
2555 772 2888 828 commercio
2930 772 3075 828 Deus
3106 773 3220 844 ipse
3252 785 3485 845 gereret,

207 859 468 930 ἄσπαρτά
517 877 577 912 τε
634 860 817 924 αὐτοῖς
869 860 964 914 καὶ
1011 860 1252 931 ἀνήροτα
1307 859 1485 914 πάντα
1531 859 1718 929 φύεσθι

1978 864 2202 935 miaque
2233 864 2367 934 ipsis
2404 866 2611 936 absque
2655 865 2764 920 ulla
2795 867 2878 920 vel
2909 877 3170 934 semente,
3212 869 3297 923 vel
3329 884 3489 941 agro-

207 951 450 1021 γυμνούς
493 968 554 1004 τε
597 945 737 1006 εἶναι
790 951 890 1023 τῆς
927 952 1064 1023 μετὰ
1115 953 1285 1005 ταῦτα
1319 951 1631 1024 περιῦολῆς·
1666 955 1718 1007 ἐτ

1977 973 2026 1011 m
2075 959 2289 1013 cultura
2337 967 2738 1026 nascerentur,
2786 975 2911 1014 cum
2959 960 3176 1016 interim
3231 976 3295 1017 eo
3323 1004 3340 1029 ,
3391 963 3488 1033 qui

205 1059 403 1095 κουσον
425 1043 518 1096 τοῦ
542 1043 830 1114 φιλοσόφου
862 1045 1139 1116 μονονουχὶ
1165 1045 1308 1099 αὐτὰ
1330 1047 1396 1117 δὴ
1414 1046 1590 1102 ταῦτα
1617 1047 1716 1101 Ἑλ]

1977 1049 2096 1105 inde
2127 1059 2351 1106 secutus
2384 1060 2490 1117 est,
2526 1053 2730 1108 amictu
2762 1053 2894 1107 nudi
2920 1062 3122 1109 essent.
3149 1053 3281 1121 Quae
3300 1055 3488 1110 omnia

207 1134 332 1203 νικῇ
359 1134 426 1203 τῇ
453 1135 604 1204 φωνῇ
635 1132 1099 1205 διερμηνεύοντος.
1129 1134 1292 1204 Λέγει
1310 1135 1354 1188 δ’
1371 1132 1660 1201 οὖνῚΘεδς
1681 1138 1718 1190 ές

1981 1140 2294 1212 ilosopbum
2337 1143 2485 1209 audi,
2521 1142 2708 1200 Graece
2741 1144 2965 1199 totidem
2995 1159 3134 1215 pene
3164 1146 3346 1202 verbis
3376 1161 3489 1202 'ex-

209 1240 315 1292 μεν
343 1223 456 1293 (75)
486 1225 703 1289 αὐτοὺς,
740 1226 902 1290 αὐτὸς
930 1227 1259 1291 ἐπιστατῶν,
1291 1228 1545 1301 καθάπερ
1575 1228 1720 1284 νῢνᾶ

1979 1243 2216 1289 cantem.
2263 1251 2283 1285 ι
2326 1232 2474 1299 Illos,
2512 1235 2707 1306 inquit,
2759 1236 3017 1306 pascebat
3047 1235 3210 1303 Deus,
3247 1247 3359 1292 tum
3391 1253 3488 1295 eos

208 1313 439 1386 θρωποι,
454 1314 590 1380 ζῶον
609 1317 669 1370 ὃν
682 1317 768 1370 έτε
776 1335 868 1390 ρον
881 1318 1170 1391 θειότερον,
1188 1319 1323 1376 ἄλλα
1345 1321 1479 1392 γένη
1495 1321 1719 1390 φαυλότε

1977 1338 2000 1377 ι·
2027 1338 2146 1380 sese
2171 1338 2387 1396 regens,
2418 1339 2530 1395 quo
2561 1326 2725 1380 modo
2756 1341 2902 1381 nunc
2948 1326 3220 1392 homines,
3252 1328 3488 1382 divinio-

208 1410 392 1463 αὐτῶν
420 1412 727 1482 νομεύουσι.
758 1414 1036 1484 Νέμοντος
1085 1412 1130 1466 δ’
1158 1413 1392 1478 ἐκείνου,
1446 1414 1710 1468 πολιτεῖαί

1976 1435 1981 1470 ι
2008 1418 2307 1475 animantis
2337 1431 2593 1474 naturam
2621 1420 2820 1485 sortiti,
2847 1421 2950 1475 alia
2979 1420 3227 1491 quaedam
3259 1419 3487 1476 inferio-

205 1503 310 1556 οὐκ
330 1498 491 1575 ἦσαν,
523 1504 642 1558 οὐδὲ
668 1505 889 1576 κτήσεις
908 1505 1185 1573 γυναικῶν
1211 1507 1306 1560 καὶ
1333 1506 1557 1560 παίδων·
1584 1507 1670 1577 (ἐκ
1694 1525 1716 1577 γ

1976 1525 1983 1560 ι
2012 1524 2078 1564 ac
2105 1507 2396 1565 deterioris
2439 1510 2766 1566 conditionis
2810 1511 3067 1565 animalia
3096 1525 3323 1582 pascere
3352 1525 3487 1566 con-

206 1595 318 1666 γάρ
370 1595 767 1651 ἀνεϐιώσκοντο
808 1597 1030 1662 πάντες,
1089 1598 1243 1652 οὐδὲν
1298 1600 1637 1671 μεμνημένοι
1686 1619 1717 1654 τ

1977 1610 2220 1656 everunt.
2246 1601 2368 1668 Quo
2399 1603 2529 1658 dum
2554 1604 2669 1674 ipse
2693 1619 2921 1659 munere
2949 1603 3291 1675 fungeretur,
3321 1604 3488 1659 nullae

201 1687 485 1757 πρόσθεν)
515 1688 650 1742 ἀλλὰ
669 1687 740 1742 τά
761 1690 859 1760 μὲν
885 1690 1106 1744 τοιαῦτα
1138 1689 1287 1761 ἀπῆν
1316 1691 1513 1756 πάντα,
1551 1709 1712 1762 καρπι

1980 1708 2033 1746 m
2066 1693 2390 1763 respublica:
2419 1704 2596 1763 erant,
2637 1710 2737 1750 nec
2765 1695 3105 1751 ducebantur
3129 1711 3348 1764 uxores,
3384 1711 3486 1752 nec

200 1777 261 1831 se
288 1777 555 1870 ἀφθόῖνους
583 1777 729 1851 εἶχον
745 1780 854 1835 ἀπό
885 1799 944 1834 τε
962 1781 1141 1853 δρυῶν
1161 1782 1255 1834 καὶ
1275 1782 1475 1852 πολλῆς
1491 1783 1604 1853 (74)
1632 1761 1711 1836 Ϋῦλ·

1972 1783 2059 1838 ιρι-ἰ
2092 1761 2532 1856 suscipiebantur
2559 1761 2589 1858 (ν
2611 1801 2803 1843 omnes
2842 1786 3043 1857 quippe
3071 1796 3186 1842 tum
3217 1802 3286 1844 ex
3314 1761 3483 1852 terra,

199 1870 304 1940 ούχ
337 1871 442 1924 ὑπὸ
460 1874 738 1944 γεωργίας
768 1873 1093 1944 φυομένους,
1148 1873 1264 1926 ἀλλ’
1300 1873 1614 1946 αύτομάτης
1661 1874 1710 1928 ἀγ

1972 1878 2246 1947 periurum
2297 1881 2546 1934 omnium
2584 1880 2758 1946 obliti,
2785 1880 3245 1954 reviviscebant);
3291 1895 3483 1937 verum

200 1963 453 2037 διδούσης
484 1968 584 2038 τῆς
613 1967 736 2038 γῆς.
779 1968 984 2039 Γυμνοὶ
1011 1969 1068 2022 δὲ
1101 1968 1195 2022 καὶ
1221 1967 1488 2039 ἄστρωτοι
1518 1967 1654 2038 (75),
1697 1969 1711 2021 l

1975 1983 2002 2023 a
2031 1985 2157 2025 cum
2183 1971 2444 2027 abessent
2463 1973 2671 2037 omnia,
2699 1971 2979 2028 fructuum
3003 1972 3207 2028 affatim
3234 1986 3301 2027 ex
3327 1986 3486 2042 quer-

205 2058 534 2131 ραυλοῦντες
582 2062 650 2116 τά
708 2063 878 2117 πολλά
906 2063 1180 2136 ἐνέμοντο.
1223 2062 1299 2117 Τὸ
1328 2063 1438 2134 γὰρ
1488 2062 1599 2116 τῶν
1636 2063 1716 2133 ὡρ

1974 2065 2096 2128 bus,
2151 2063 2383 2135 aliisque
2432 2067 2640 2136 passim
2674 2065 2964 2122 arboribus
3003 2063 3346 2135 suppetebat,
3376 2065 3485 2120 uti-

200 2153 403 2217 αύτοῖς·
442 2153 649 2210 ἄλυπον
697 2158 986 2230 ἐκέκρατο·
1025 2157 1278 2230 μαλακὰς
1333 2158 1390 2211 δέ
1442 2157 1606 2222 εὐνὰς
1647 2152 1711 2228 εἴ]

1973 2171 2024 2223 e,
2059 2171 2200 2227 quos
2234 2157 2353 2212 sine
2405 2157 2520 2213 ullo
2571 2157 2744 2222 cultu,
2780 2158 2898 2228 ipsa
2933 2165 3126 2226 sponte
3175 2163 3320 2212 terra
3349 2171 3484 2226 pro-

197 2245 584 2318 ἁναφυομένης
612 2250 677 2302 ἐκ
708 2249 813 2319 γῆς
841 2251 979 2316 πόας
1007 2250 1262 2322 ἀφθόνου.
1281 2249 1470 2304 -Τὸν
1495 2249 1560 2322 δὴ
1586 2249 1708 2320 βίον,

1973 2247 2170 2304 ederet.
2219 2246 2364 2304 Nudi
2415 2258 2699 2319 praeterea,
2747 2249 3024 2320 nullisque
3071 2256 3134 2303 ut
3182 2248 3484 2320 plurimum

197 2337 512 2410 Σώκρατες,
548 2340 768 2405 ἀκούεις
791 2341 888 2413 μὲν
911 2342 1005 2396 τὸν
1026 2341 1137 2397 τῶν
1167 2341 1261 2395 ἐπὶ
1283 2341 1513 2412 Κρόνου·
1548 2341 1698 2395 τόνδε

1974 2341 2159 2412 'agulis
2193 2341 2296 2397 sub
2326 2341 2420 2397 dio
2467 2343 2674 2412 passim
2707 2341 3014 2413 degebant;
3068 2341 3268 2413 quippe
3307 2341 3400 2412 qui
3429 2351 3485 2397 et

196 2429 276 2494 ὡς
328 2431 484 2499 λόγος
543 2431 636 2486 ἐπὶ
684 2434 807 2498 Διὸς
861 2430 1022 2501 εἶναι,
1074 2436 1166 2490 τὸν
1220 2433 1317 2489 νῦν
1371 2432 1564 2506 παρὼν
1629 2435 1707 2488 αύ·

1968 2443 2285 2505 npestatum
2331 2435 2674 2491 clementiori
2715 2435 3112 2506 temperatione
3153 2444 3479 2499 uterentur,

194 2519 492 2593 ᾔσθησαι.»
1894 2535 1951 2582 et
1976 2527 2032 2582 in
2073 2537 2225 2582 tanta
2267 2528 2323 2582 vi
2374 2527 2662 2582 herbarum
2703 2536 2968 2584 ex’terrze
3003 2527 3307 2584 visceribus
3329 2527 3498 2583 exsi-T

194 2619 485 2685 stantium,
519 2623 766 2678 mollium
801 2638 1021 2694 quoque
1049 2631 1298 2680 tororum
1351 2624 1566 2696 copiam
1624 2623 1912 2681 baberent.
1951 2653 2020 2662 —
2057 2621 2261 2688 Vitam,
2290 2623 2367 2677 mi
2415 2622 2691 2691 Socrates,
2729 2624 3012 2679 hominum
3046 2623 3177 2678 olim
3239 2625 3343 2680 sub
3376 2623 3481 2678 Sa-

193 2720 366 2765 turno
390 2715 702 2786 degentium
766 2715 986 2772 audiisti
1023 2725 1390 2789 :prazsentem
1419 2731 1572 2784 vero,
1647 2715 1866 2788 qualem
1905 2715 2010 2772 sub
2043 2714 2176 2772 Jove
2208 2714 2380 2772 fuisse
2419 2713 2622 2784 ferunt,
2681 2730 2921 2786 prmsens
2979 2715 3098 2786 ipse
3133 2729 3197 2771 ac
3247 2730 3345 2786 per
3373 2722 3483 2770 tete

196 2818 398 2864 sentis.
443 2827 462 2861 ι

723 2931 1118 2986 ΚΕΦΑΛΑΙΟΝ
1169 2934 1266 2988 IA'.

2483 2923 2712 2983 CAPUT
2742 2923 2883 2980 XIV.

405 3023 536 3077 ’Ότι
564 3025 661 3078 καὶ
685 3025 809 3092 τοῖς
829 3026 1076 3095 ἀλόγοις
1097 3025 1258 3092 ζώοις
1285 3026 1574 3096 ὡμίλουν.

1986 3023 2142 3078 isdem
2171 3037 2291 3076 cum
2320 3020 2486 3074 brutis
2516 3020 2676 3073 etiam
2705 3018 3065 3071 animantwus
3087 3024 3318 3072 versatos
3345 3033 3497 3100 esse.‘

266 3114 440 3170 Πάλιν
463 3117 744 3180 Μωῦσέως
765 3118 1195 3190 ἀναγράψαντος,
1225 3115 1307 3172 ὅτι
1328 3115 1396 3191 ἦν
1415 3120 1444 3172 ὁ
1462 3119 1586 3189 ὄφις
1611 3136 1777 3191 φρονι-

1988 3111 2201 3184 Scripsit
2225 3111 2388 3166 etiam
2427 3109 2663 3182 Moyses,
2719 3127 2738 3161 ι
2769 3109 2918 3180 quod
2957 3123 3181 3179 serpens
3222 3119 3340 3164 erat
3361 3107 3499 3188 cal-1

191 3207 448 3280 μὼτερος
480 3209 699 3264 πάντων
730 3210 838 3264 τῶν
860 3211 1084 3283 Θηρίων,
1111 3205 1201 3265 οἷά
1245 3229 1307 3266 τε
1342 3207 1498 3266 εἶπεν
1521 3213 1550 3265 ὁ
1575 3211 1696 3282 ὄφις

1977 3203 2058 3259 ior
2083 3205 2296 3260 cunctis
2322 3201 2697 3258 animantibus
2720 3203 2804 3270 ⁵²;
2840 3220 2861 3254 ι
2895 3216 3106 3257 necnon
3134 3201 3336 3273 quibus
3358 3217 3481 3257 ver-

188 3305 440 3372 γυναικὶ,
485 3306 578 3359 καὶ
634 3308 668 3378 ἡ
721 3306 857 3378 γυνὴ
897 3306 976 3378 τῷ
1025 3307 1167 3378 ὄφει,
1196 3307 1410 3372 καὶτὰς
1432 3308 1651 3379 ὁμιλίας
1695 3328 1699 3342 ι

1971 3314 1980 3353 ε
2008 3306 2063 3353 et
2087 3311 2315 3367 serpens
2338 3311 2464 3352 cum
2496 3295 2749 3364 muliere,
2765 3303 2821 3350 et
2852 3295 3051 3350 mulier
3072 3310 3198 3350 cum
3230 3306 3482 3366 serpente

187 3394 375 3463 ὄφεως
406 3395 722 3466 ἐκθεμένου·
752 3399 781 3450 ό
830 3397 1055 3452 Πλάτων
1082 3393 1172 3453 οἷα
1210 3399 1412 3472 γράφει
1465 3399 1698 3454 ἐπάκουε

1975 3398 2078 3446 :uta
2110 3389 2294 3455 fuerit,
2336 3390 2623 3460 ipsamque
2667 3388 2809 3444 adeo
2854 3389 3124 3458 serpentis
3152 3389 3347 3460 agendi
3394 3405 3486 3443 ra-

197 3507 218 3538 ι
263 3488 330 3539 Εἰ
359 3485 459 3557 μὲν
504 3487 684 3540 τοίνυν
710 3487 824 3558 (76)
845 3489 895 3541 οἱ
913 3489 1170 3560 τρόφιμοι
1197 3489 1292 3544 τοῦ
1321 3489 1551 3562 Κρόνου,
1579 3507 1708 3562 παρ‹

1976 3499 2101 3538 nem
2149 3484 2422 3554 exposuit.
2473 3481 2594 3538 Jam
2643 3482 2773 3539 audi
2828 3483 2960 3553 quid
2991 3483 3046 3538 in
3088 3483 3254 3539 simili
3284 3498 3484 3556 genere

191 3596 302 3650 σης
334 3579 518 3643 αὐτοῖς
547 3579 692 3635 οὕτω
717 3579 918 3652 πολλῆς
941 3582 1136 3654 σχολῆς
1168 3584 1262 3636 καὶ¹
1299 3583 1603 3654 δυνάμεως,
1653 3601 1702 3653 π)

1971 3583 2047 3631 ito
2077 3575 2380 3646 scripserit.
2417 3593 2440 3626 ι
2493 3572 2551 3629 Si
2581 3573 2791 3629 alumni
2822 3572 3067 3640 Saturni,
3098 3575 3296 3645 inquit,
3327 3589 3482 3629 sum-

187 3671 261 3724 τὸ
293 3672 369 3744 μὴ
401 3672 563 3744 μόνον
581 3672 907 3744 ἀνθρώποις,
939 3675 1077 3728 ἀλλά
1099 3676 1194 3729 καὶ
1240 3675 1454 3747 θηρίοις
1496 3675 1585 3729 διὰ
1619 3675 1698 3746 λόγ

2033 3684 2066 3722 n
2098 3669 2212 3723 otio
2263 3682 2589 3740 summaque
2616 3681 2727 3721 non
2771 3681 2897 3722 cum
2942 3665 3259 3721 hominibus
3290 3666 3478 3730 modo,
3535 3707 3539 3709 .

186 3764 458 3818 δύνασθαι
483 3763 852 3834 ξυγγίνεσθαι,
875 3765 1221 3839 κατεχρῶντο
1251 3766 1463 3829 τούτοις
1511 3765 1697 3835 σύμπα

1969 3757 1989 3811 l
2037 3758 2201 3814 etiam
2245 3774 2370 3813 cum
2420 3759 2610 3814 bestiis
2657 3755 2918 3811 familiari
2976 3771 3232 3812 sermone
3282 3756 3480 3827 agendi

187 3859 291 3911 ἐπὶ
322 3857 662 3928 φιλοσοφίαν,
696 3859 834 3930 μετά
877 3877 936 3913 τε
988 3859 1194 3931 θηρίων
1253 3859 1349 3912 κιιι)⁸
1397 3860 1512 3930 μετ’
1545 3857 1698 3929 ἀλλήὶ

1971 3855 2184 3929 testate,
2230 3847 2298 3902 iis
2327 3847 2584 3903 omnibus
2609 3847 2678 3902 ad
2707 3847 3071 3918 philosophiae
3093 3846 3337 3902 studium
3366 3855 3482 3901 uteo

187 3950 534 4021 ὁμιλοῦντες,
566 3950 660 4003 καὶ
692 3949 1085 4022 πυνθανόμενοι
1120 3949 1272 4021 παρὰ
1319 3949 1501 4020 πάσης
1553 3949 1698 4018 φύσει

1967 3948 2132 3992 ntur:
2169 3939 2333 4010 587
2383 3949 2496 3993 tam
2539 3939 2682 3995 inter
2727 3955 2850 3996 sese
2888 3948 3101 4005 mutuo,
3147 3954 3312 4009 quam
3349 3954 3478 3994 cum

186 4045 251 4096 εἴ
277 4043 403 4096 τινά
433 4058 519 4104 τις
547 4041 683 4094 ἰδίαν
708 4040 936 4112 δύναμιν
995 4041 1192 4112 ἔχουσα
1234 4039 1429 4111 ᾔσθετό
1455 4057 1508 4093 τι
1538 4039 1692 4108 διάφο

1970 4032 2080 4086 stiis
2115 4032 2248 4101 ipsis
2283 4031 2572 4097 versando,
2605 4042 2659 4087 et
2683 4032 2751 4086 ab
2794 4046 3128 4102 unaquaque
3155 4039 3352 4085 natura
3379 4031 3481 4086 sci-

183 4135 307 4190 τῶν
329 4133 507 4189 ἄλλων
542 4135 621 4197 εἰς
649 4133 994 4206 ξυναγυρμὺν
1021 4134 1354 4205 φρονήσεως·
1388 4131 1660 4203 εὔκριτον,

1976 4123 2162 4188 tando,
2208 4123 2455 4192 nunquid
2502 4123 2784 4178 diversum
2839 4123 2908 4178 ab
2951 4123 3074 4178 aliis
3143 4122 3196 4176 vi
3237 4122 3480 4193 quadam

182 4229 308 4282 τῶν
333 4227 428 4280 νῦν
455 4227 506 4280 οί
532 4229 655 4279 τότε
685 4225 895 4298 μυρίως
926 4225 1039 4296 (77)
1071 4225 1209 4294 πρὸς
1245 4223 1592 4294 εὐδαιμονίαν
1613 4222 1692 4275 διέ

1961 4216 2157 4286 tgulari
2207 4217 2538 4287 propriaque
2584 4217 2832 4282 sentiret,
2885 4225 2946 4270 ut
2979 4217 3084 4273 hoc
3117 4225 3276 4286 pacto
3312 4231 3472 4272 suam

190 4335 315 4392 ρον.
344 4318 410 4372 El.
440 4317 483 4370 δ’
513 4317 918 4388 ἐμπιπλάμενοι
943 4316 1104 4370 σίτων
1153 4316 1286 4388 ἄδην
1333 4317 1428 4370 καὶ
1468 4315 1646 4369 πότων
1683 4314 1701 4367 ξ

1969 4308 2186 4362 amdam
2228 4324 2258 4362 a
2294 4309 2608 4380 quibusque
2659 4309 2966 4379 prudentiae
3013 4309 3209 4378 stipem
3261 4308 3477 4377 accipe-

187 4411 421 4480 λέγοντο
450 4408 586 4480 πρὸς
618 4408 879 4480 ἀλλήλους
901 4408 996 4462 καὶ
1043 4408 1112 4461 τά
1139 4407 1305 4480 θηρία
1341 4407 1564 4479 μύθους,
1597 4401 1698 4460 οἷοι

1966 4409 2014 4454 at
2042 4419 2055 4454 :
2086 4401 2258 4471 liquet
2287 4403 2535 4467 omnino,
2570 4402 2746 4458 aetatis
2782 4401 2931 4456 illius
2965 4401 3219 4456 homines
3249 4400 3477 4454 inﬁnitis

186 4503 294 4557 καὶ
325 4500 492 4554 τανῦν
513 4500 643 4572 περὶ
679 4499 861 4553 αὐτῶν
895 4498 1162 4568 λέγονται·
1195 4499 1290 4552 καὶ
1320 4497 1486 4564 τοῦθ’,
1522 4497 1694 4561 οὕτως

2019 4493 2176 4548 beate
2226 4493 2520 4548 vivendum
2569 4492 2840 4562 praesidiis
2897 4500 3115 4547 nostros
3162 4497 3475 4561 superasse.

187 4594 320 4646 κατ’
356 4590 467 4661 (78)
493 4591 632 4662 ἐμὴν
657 4589 813 4654 δόξαν
846 4589 1253 4661 ἀποφήνασθαι,
1289 4591 1384 4644 καὶ
1434 4588 1578 4660 μάλα
1605 4588 1698 4642 εὒκ

1965 4603 1989 4640 n
2020 4596 2202 4642 autem
2237 4586 2541 4651 abdomini,
2579 4585 2872 4640 helluando
2897 4600 2964 4640 ac
2989 4582 3330 4655 perpotaudo
3359 4597 3476 4636 ser-

182 4701 309 4738 τον.
347 4683 536 4752 Ὅμως
557 4682 602 4734 δ’
633 4678 726 4739 οὖν
754 4682 926 4736 ταῦτα
975 4683 1074 4753 μὲν
1112 4682 1360 4753 ἀφῶμεν,
1400 4682 1505 4746 ἕως
1556 4681 1623 4735 ἂν
1654 4683 1688 4752 ἡ

2057 4695 2122 4743 :s,
2163 4677 2380 4735 fabulas
2435 4687 2648 4734 tantum
2701 4675 3006 4747 ejusmodi,
3042 4690 3182 4746 quas
3225 4673 3293 4729 de
3343 4673 3478 4744 ipsis
3566 4747 3568 4749 _

190 4776 450 4847 μηνυτής
479 4791 562 4838 τις
597 4774 778 4838 ἱκανὸς
832 4776 997 4845 φανῇ,
1035 4773 1279 4844 ποτέρως
1310 4774 1360 4827 οἱ
1388 4773 1508 4826 τότε
1539 4771 1642 4836 τὰς
1672 4774 1699 4824 ὲ

1970 4773 2057 4844 lgo
2086 4771 2504 4839 circumferunt,
2539 4771 2593 4825 in
2630 4779 2818 4824 mutua
2860 4771 2950 4824 illa
2992 4785 3118 4825 cum
3164 4769 3308 4824 inter
3333 4783 3475 4833 sese,

187 4867 406 4938 θυμίας
433 4861 576 4937 εἶχον
603 4867 729 4938 περί
758 4884 820 4920 τε
852 4866 1174 4939 ἐπιστημῶν
1220 4866 1315 4920 καὶ
1355 4865 1454 4936 τῆς
1482 4864 1593 4918 τῶν
1615 4863 1698 4934 λόγ

1966 4878 2011 4917 m
2040 4863 2203 4918 etiam
2235 4879 2360 4918 cum
2396 4862 2586 4919 bestiis
2609 4861 3005 4918 consuetudine
3032 4859 3375 4925 tractabant;
3407 4857 3477 4913 de

182 4960 444 5032 χρείας.»
1899 4956 2004 5010 hoc
2029 4970 2268 5025 quoque,
2296 4970 2419 5010 meo
2449 4954 2668 5025 quidem
2712 4952 2942 5022 judicio,
2978 4949 3138 5007 facile
3179 4949 3477 5005 admodum

179 5054 520 5124 liquidoque
550 5063 840 5110 statuatur.
898 5052 1098 5109 Verum
1158 5052 1265 5107 ista
1303 5050 1524 5123 quidem
1578 5049 1746 5104 missa
1809 5047 2098 5115 faciamus,
2131 5049 2260 5103 dum
2311 5047 2471 5102 nobis
2523 5045 2706 5101 idonei
2744 5045 3033 5115 cujusdam
3063 5043 3260 5100 indicis
3315 5046 3476 5114 copia

179 5151 343 5204 facta
377 5146 469 5213 sit,
509 5161 576 5202 ex
605 5162 717 5218 quo
764 5147 1088 5212 resciamus,
1136 5161 1268 5201 num
1323 5144 1467 5200 illius
1515 5142 1617 5198 aevi
1673 5142 1942 5210 homines,
1989 5142 2172 5213 aliqua
2239 5141 2504 5197 doctrinae:
2545 5154 2610 5194 ac
2653 5138 2793 5194 bene
2860 5136 3206 5207 scienterque
3258 5136 3474 5192 dicendi

183 5238 501 5312 cupiditate
530 5238 880 5296 ducerentur.
917 5258 936 5292 ι
969 5273 977 5288 .

263 5380 314 5413 ⁸³
345 5376 484 5434 Gen.
513 5395 594 5446 ιιι,
633 5379 687 5434 1.

263 5474 386 5545 (75)
426 5445 585 5538 Θεὸςν
610 5472 843 5540 ἔνεμεν.
890 5467 1046 5526 Plato
1081 5469 1139 5524 in
1184 5467 1450 5536 Politico,
1502 5481 1628 5538 pag.
1675 5464 1781 5520 175
1963 5457 2073 5531 (76)
2113 5458 2184 5511 El
2215 5455 2333 5526 μὲν
2362 5453 2593 5508 τοίνυν.
2625 5451 2770 5507 Idem
2805 5448 2994 5514 Plato,
3022 5445 3154 5502 ibid.
3187 5461 3311 5518 pag.
3346 5445 3470 5504 l76.

177 5543 394 5603 Ficini.
1959 5531 2072 5603 (77)
2113 5527 2290 5603 Plato,
2327 5525 2524 5596 μυρίῳ.
2591 5594 2604 5603 ⁶
2665 5592 2710 5603 __
2749 5591 2782 5603 ﬂ
2977 5597 2990 5603 _
3068 5587 3117 5603 η
3157 5597 3169 5603 Δ
3450 5601 3459 5603 ᾗ

233 5561 394 5676 ’ῖξῖῐ
426 5612 583 5667 Plato
617 5612 740 5668 add.
775 5610 962 5682 ἄλλης.
1112 5681 1131 5682 ί
1328 5678 1380 5682 __
1423 5679 1433 5682 _

1960 5561 2626 5682 lisimo'»5£2’c"}§“§ezx
2664 5591 2893 5680 Melius,
2935 5597 2995 5646 ut
3029 5587 3264 5655 videtur,
3304 5601 3471 5661 quam

262 5671 383 5757 (75)
428 5687 762 5757 Ἀσῑρῳτοι.
797 5683 874 5738 lta
898 5671 1066 5739 etiam
1107 5681 1283 5740 Plato.
1324 5678 1545 5738 F-icinus
1592 5687 1772 5736 tamen
1884 5671 2027 5744 θρυά
2062 5671 2365 5734 Platonem,
2396 5671 2537 5720 ὥστε
2573 5671 2737 5718 κατά·

176 5755 378 5823 vertit,
404 5755 659 5826 εςσρεάὶεἱ.
