3826 6232
973 377 1202 433 CAPUT
1243 377 1358 433 XV.

546 473 1002 540 Quemadmodum
1033 473 1185 525 ambo
1216 471 1402 524 diluvii
1437 471 1785 524 meminerint.

446 565 660 636 Moyses
691 577 814 618 cum
847 561 903 616 in
933 561 1114 631 legum
1137 559 1451 612 hominibus
1474 557 1818 612 ferendarum
1852 571 1948 609 co—

373 642 638 726 gitatione
669 662 997 716 versaretur,
1033 667 1217 707 rerum
1265 651 1368 706 sibi
1401 650 1750 720 antiquarum
1799 663 1951 703 com-

374 746 842 808 memorationem,
900 745 1020 814 ipso
1074 744 1257 798 statim
1311 742 1535 796 exordio
1585 741 1954 796 necessariam

373 839 603 908 putavit.
668 836 910 891 Primum
961 837 1144 906 itaque
1197 834 1424 898 diluvii,
1478 844 1640 904 atque
1671 834 1950 888 hominum

371 933 466 1002 qui
496 933 563 985 ab
599 945 666 986 eo
699 931 1047 993 exstiterunt,
1073 928 1196 983 vita:
1217 928 1497 993 meminit;
1533 937 1646 981 tum
1680 925 1953 996 antiquio-

371 1039 493 1079 rum
539 1023 703 1077 etiam
753 1021 1126 1086 Hebraeorum,
1180 1036 1276 1075 seu
1320 1035 1460 1088 quos
1491 1019 1765 1089 praecipuo
1812 1017 1954 1072 Deus

371 1130 559 1170 amore
579 1113 860 1180 dilexerat,
879 1128 977 1169 seu
1002 1127 1141 1183 quos
1165 1111 1483 1182 improbitas
1501 1120 1658 1166 notos
1687 1109 1956 1180 insignes-

369 1221 478 1276 que
506 1205 731 1272 fecerat,
780 1219 964 1260 mores
1005 1205 1279 1274 exposuit,
1325 1215 1477 1257 ratus
1511 1201 1864 1271 conjunctum
1898 1199 1952 1253 in

368 1299 562 1369 primis
594 1312 718 1352 cum
745 1296 836 1365 iis,
865 1311 1002 1366 quas
1033 1310 1145 1366 prae
1177 1294 1430 1350 manibus
1462 1293 1696 1348 habebat
1721 1291 1951 1361 legibus,

368 1392 475 1446 hoc
516 1389 761 1461 historiae
787 1403 958 1460 genus
995 1387 1262 1452 futurum.
1335 1387 1489 1440 Plato
1521 1385 1795 1451 similiter,
1826 1399 1952 1438 cum

367 1482 614 1537 animum
647 1481 713 1536 ad
757 1479 1079 1535 scribendas
1128 1478 1274 1548 leges
1317 1477 1572 1547 appellit,
1608 1474 1854 1530 eamdem
1890 1490 1954 1529 ac

366 1570 582 1644 Moyses
609 1571 756 1625 viam
779 1570 895 1640 ipse
924 1583 989 1624 ac
1015 1568 1284 1623 rationem
1316 1567 1622 1622 aemulatur.
1657 1565 1800 1620 Audi
1825 1580 1954 1635 ergo

366 1663 831 1735 quemadmodum
876 1662 996 1732 ipso
1045 1659 1244 1732 Legum
1291 1674 1514 1715 suarum
1569 1658 1840 1728 principio
1867 1658 1952 1711 lo-

365 1765 587 1827 quatur.
637 1774 656 1807 ι
695 1755 778 1810 An
808 1755 994 1823 igitur,
1029 1753 1227 1824 inquit,
1279 1754 1486 1822 priscas
1526 1751 1648 1806 illas
1680 1750 1948 1804 narratio-

365 1865 466 1906 nes
495 1863 654 1904 veras
685 1845 1011 1903 arbitraris?
1044 1875 1109 1888 —-
1153 1843 1301 1911 Quas
1331 1845 1549 1898 tandem
1568 1843 1590 1896 ’ἔ
1609 1871 1676 1884 --
1716 1842 1948 1897 Crebros

365 1941 497 1995 olim
521 1939 808 1994 hominum
833 1937 1111 2000 interitus,
1145 1935 1386 1999 diluviis,
1424 1935 1650 1999 morbis,
1695 1949 1760 1988 ac
1786 1941 1950 1989 caete-

364 2034 444 2088 ris
473 2033 528 2088 id
554 2047 727 2103 genus
755 2031 1050 2096 exstitisse,
1103 2046 1171 2085 ex
1215 2031 1415 2100 quibus
1447 2031 1603 2099 pauci
1654 2025 1948 2084 admodum

364 2126 616 2181 homines
666 2125 957 2181 evaserint.
1003 2153 1073 2165 —
1113 2122 1309 2178 Totqu
1361 2123 1412 2177 id
1463 2123 1684 2193 quidem
1744 2123 1949 2178 nemini

364 2233 631 2291 perquam
662 2216 961 2272 verisimile
983 2231 1090 2270 non
1125 2215 1591 2285 videatur.—Age
1609 2229 1760 2283 vero,
1779 2229 1950 2269 unum

364 2313 520 2368 illum
550 2325 616 2366 ex
649 2311 920 2381 pluribus,
950 2323 1115 2378 quem
1144 2307 1411 2362 diluvium
1443 2307 1780 2377 importavit,
1813 2322 1948 2362 con-

364 2405 689 2460 sideremus.
727 2432 800 2443 —
841 2400 983 2468 Quid
1029 2401 1195 2471 porro
1227 2414 1258 2452 a
1292 2399 1453 2455 nobis
1503 2401 1558 2453 in
1603 2415 1670 2454 eo
1721 2401 1951 2470 cogitari

363 2496 447 2550 vis
468 2492 679 2559 ?-—Qui
713 2501 826 2546 tum
856 2490 1169 2546 vastitatem
1205 2490 1354 2544 illam
1385 2489 1624 2559 eli'ugere
1651 2490 1949 2560 potuerint,

363 2593 654 2640 montanos
705 2585 972 2638 duntaxat
1020 2591 1268 2652 pastores
1328 2582 1539 2651 aliquot
1601 2581 1808 2650 fuisse,
1858 2585 1952 2652 qui

362 2677 593 2734 summis
617 2677 674 2731 in
698 2675 1079 2731 cacuminibus
1101 2715 1114 2740 ,
1159 2683 1422 2745 tanquam
1471 2674 1666 2746 exigua
1699 2675 1952 2745 quaedam

361 2769 577 2841 generis
610 2768 835 2823 humani
867 2767 1101 2829 semina,
1129 2767 1308 2821 relicti
1340 2767 1656 2836 servatique
1689 2767 1954 2822 constite-

360 2864 491 2916 rint.
516 2885 586 2903 —-—
606 2860 964 2930 Perspicuum
998 2859 1051 2912 id
1078 2858 1320 2929 quidem.
1339 2888 1405 2897 —
1432 2857 1569 2914 lsto's
1595 2873 1784 2929 porro,
1822 2859 1954 2913 tales

361 2970 488 3008 cum
556 2961 760 3018 essent,
825 2967 951 3006 eum
1018 2953 1086 3004 ab
1137 2951 1347 3005 caeteris
1407 2950 1618 3005 artibus
1657 2951 1954 3021 imparatos

976 260 1251 316 EUSEBII
1291 257 1773 316 CIESARIENSIS
1804 255 1956 310 OPP.
2000 254 2182 311 PARS
2221 259 2284 312 ll.
2326 288 2396 297 —
2433 257 2935 313 APOLOGETICA.

1986 381 2033 436 Α

3528 250 3631 305 976

2588 375 2986 430 ΚΕΦΑΛΑΙΟΝ
3019 375 3120 426 lE'.

2181 471 2380 536 Ὅπως
2411 470 2540 538 περὶ
2581 468 2686 522 τοῦ
2717 465 3148 535 κατακλυσμοῦ
3184 464 3535 532 μέμνηνται.

2127 562 2400 631 Μωῦσῆς,
2435 559 2755 631 νομοθεσίαν
2801 556 3104 629 ἀνθρώποις
3143 551 3637 621 καταϐεϐλημένος,

2054 654 2306 726 ἐνόμισεν
2336 653 2485 723 αὑτῷ
2516 653 2627 706 δεῖν
2660 649 3044 722 ἀρχαιολογίας
3076 649 3132 699 ὲν
3163 648 3279 708 τοῖς
3313 642 3636 715 προοιμίοις.

2051 747 2398 822 Μνημονεύει
2427 747 2483 800 δὲ
2508 745 2602 798 τοῦ
2631 741 3017 812 κατακλυσμοῦ
3065 741 3160 794 καὶ
3186 738 3280 792 τοῦ
3323 739 3436 808 μετ’
3478 737 3639 789 αὐτὸν

2057 842 2172 913 βίου
2227 840 2336 894 τῶν
2383 837 2720 910 ἀνθρώπων·
2754 836 2944 889 ἔπειτα
2997 832 3240 888 παλαιῶν
3271 829 3482 900 ἀνδρῶν
3534 827 3639 880 τῶν

2056 933 2185 1004 παρ’
2228 932 2498 1003 Ἑϐραίοις
2527 928 2810 1000 θεοφιλῶν,
2835 927 2930 981 καὶ
2957 926 3066 980 τῶν
3097 925 3154 978 δὲ
3179 922 3352 984 ἄλλως
3375 922 3434 974 ἐν
3462 921 3640 990 πλημ-

2059 1025 2302 1096 μελείαις
2330 1023 2714 1095 ὲξητασμένων
2747 1020 2845 1092 τὴν
2872 1017 3152 1073 πολιτείαν
3188 1017 3502 1086 ὑφηγεῖται,
3545 1030 3643 1065 κα-

2055 1117 2316 1186 τάλληλον
2341 1113 2422 1182 οἷς
2457 1114 2763 1187 ἐνομοθέτει
2797 1113 2896 1182 τὴν
2939 1113 3068 1183 περὶ
3099 1110 3305 1162 τούτων
3352 1107 3640 1178 ἡγησάμε-

2056 1227 2144 1273 νος
2172 1209 2411 1280 ἱστορίαν
2439 1206 2680 1261 ἔσεσθαι.
2701 1206 2814 1260 Καὶ
2837 1205 2865 1256 ὁ
2893 1204 3118 1257 Πλάτων
3141 1201 3198 1255 δὲ
3221 1200 3506 1261 ὡσαύτως,
3538 1214 3642 1251 πα-

2058 1300 2261 1374 ρελθὼν
2299 1300 2391 1353 ἐπὶ
2437 1300 2535 1369 τὴν
2566 1299 2674 1352 τῶν
2715 1299 2927 1367 Νόμων
2955 1294 3201 1366 γραφὴν,
3245 1292 3334 1345 τὸν
3374 1291 3539 1353 αὐτὸν
3564 1288 3643 1359 τῷ

2055 1394 2262 1461 Μωῡσῇ
2290 1390 2442 1460 ζηλοῖ
2465 1391 2685 1461 τρόπον.
2703 1389 2791 1442 Ἔν
2809 1387 3113 1460 προοιμίοις
3135 1384 3265 1454 γοῦν
3297 1384 3407 1436 τῶν
3432 1383 3644 1450 Νόμων

2055 1485 2359 1538 ἐπάκουσον
2409 1483 2445 1536 ἆ
2482 1499 2646 1552 φησιν
2667 1497 2682 1514 ⁸
2716 1500 2734 1532 ι
2767 1477 2892 1551 τΑρ’
2939 1477 3033 1534 οὖν
3059 1479 3169 1550 (79)
3201 1479 3251 1531 οί
3286 1477 3511 1530 παλαιοὶ
3560 1474 3647 1527 λό-

2056 1595 2140 1646 γοι
2176 1578 2304 1648 ὑμῖν
2337 1575 2593 1641 ἀλήθειάν
2627 1591 2751 1627 τινα
2786 1573 2932 1642 ἔχειν
2959 1569 3210 1634 δοκοῦσι;
3257 1601 3326 1610 --
3355 1569 3508 1622 Ποῑοι
3537 1566 3642 1635 δή;

2057 1701 2125 1711 —
2151 1670 2224 1722 Τὸ
2253 1667 2453 1730 πολλὰς
2484 1664 2788 1737 ἀνθρώπων
2815 1662 3021 1733 φθοράς
3053 1660 3338 1730 γεγονέναι
3370 1657 3649 1712 κατακλυ-

1984 1730 2028 1786 Β
2059 1764 2214 1832 σμοῖς
2235 1778 2295 1812 τε
2331 1760 2425 1812 καὶ
2461 1758 2637 1820 νόσοις
2662 1756 2757 1810 καὶ
2787 1754 2968 1818 ἄλλοις
3003 1753 3248 1817 πολλοῖς,
3279 1753 3337 1803 ἐν
3362 1745 3445 1813 οἷς
3470 1748 3644 1821 βραχύ

2047 1871 2101 1906 τι
2123 1854 2230 1906 τῶν
2259 1849 2562 1921 ἀνθρώπων
2590 1848 2871 1902 λείπεσθαι
2897 1847 3073 1916 γένος.
3108 1877 3176 1886 -—
3211 1845 3360 1898 Πάνυ
3401 1843 3501 1913 μὲν
3550 1837 3644 1894 οὖν

2050 1945 2270 1998 πιθανὸν
2307 1945 2367 1997 τὸ
2386 1943 2626 1996 τοιοῦτον
2657 1943 2765 1994 πᾶν
2791 1924 2972 1994 παντί.
2990 1969 3060 1978 ——
3077 1939 3213 2009 Φέρε
3245 1937 3330 2008 δὴ,
3354 1937 3645 2006 νοήσωμεν

2053 2038 2180 2108 μίαν
2210 2037 2318 2090 τῶν
2352 2035 2561 2090 πολλῶν
2589 2033 2817 2104 ταύτην,
2851 2034 2951 2104 τὴν
2994 2031 3074 2102 τῷ
3117 2027 3494 2098 κατακλυσμῷ
3529 2027 3646 2098 (80)

2051 2131 2366 2201 γενομένην.
2384 2161 2455 2172 --
2486 2127 2559 2201 Te
2589 2129 2741 2180 ποῖον
2771 2125 2836 2197 δὴ
2862 2126 2991 2197 περὶ
3020 2124 3190 2193 αὐτῆς
3227 2121 3645 2192 διανοηθέντες;

2050 2249 2120 2262 --
2156 2223 2245 2286 Ὥς
2296 2225 2344 2275 οἱ
2393 2221 2515 2274 τότε
2578 2219 2978 2291 περιφυγόντες
3028 2215 3126 2287 τὴν
3187 2214 3395 2286 φθορὰν
3459 2212 3648 2283 σχεδὸν

2051 2316 2218 2388 ὄρειοί
2245 2332 2389 2378 τινες
2419 2313 2486 2368 ἂν
2520 2310 2631 2367 εἷεν
2659 2314 2867 2383 νομεῖς,
2899 2311 2955 2362 ὲν
2979 2310 3247 2381 κορυφαῖς
3301 2323 3406 2358 που
3437 2303 3651 2375 σμικρά

2052 2408 2280 2480 ζώπυρα
2314 2407 2409 2461 τοῦ
2433 2406 2543 2460 τῶν
2577 2404 2880 2476 ἀνθρώπων
2907 2399 3323 2470 διασεσωσμένα
3347 2397 3650 2465 γένους.-

2053 2501 2241 2571 Δῆλον.
2272 2529 2340 2538 —
2371 2501 2482 2552 Καὶ
2503 2499 2566 2570 δὴ
2592 2498 2718 2560 τοὺς
2749 2495 3022 2557 τοιούτους
3059 2511 3122 2562 γε
3155 2492 3371 2561 ἀνάγκη
3401 2507 3507 2542 που
3540 2488 3650 2540 τῶν

2052 2592 2226 2648 ἄλλων
2245 2592 2504 2663 ἀπείρους
2528 2585 2667 2643 εἶναι
2694 2587 2920 2659 τεχνῶν,
2957 2587 3051 2640 καὶ
3081 2585 3190 2638 τῶν
3228 2584 3285 2636 ὲν
3316 2585 3428 2644 τοῖς
3455 2583 3648 2636 ἄστεσι

2054 2685 2190 2757 πρὸς
2215 2684 2476 2754 ἀλλήλους
2512 2680 2792 2753 μηχανῶν,
2819 2679 2899 2743 εἷς
2923 2695 2985 2731 τε
3017 2674 3330 2740 πλεονεξίας
3349 2715 3364 2739 ,
3412 2675 3511 2727 καὶ
3555 2691 3650 2742 φι-

2053 2775 2344 2840 λονεικίας,
2381 2776 2474 2828 καὶ
2509 2775 2685 2828 ὁπόσα
2712 2772 2847 2826 ἄλλα
2897 2769 3337 2840 κακουργήματα
3380 2765 3522 2836 πρὸς
3554 2764 3652 2818 άλ-

2053 2867 2247 2938 λήλους
2280 2865 2607 2919 ἐπινοοῦσιν.
2643 2894 2708 2903 -
2737 2863 2899 2927 Εἰκὸς
2931 2860 3082 2930 γοῦν.
3119 2891 3188 2900 --
3217 2859 3414 2929 Θῶμεν
3442 2859 3512 2929 δὴ
3547 2857 3648 2920 τὰς

2054 2963 2112 3014 ὲν
2139 2963 2251 3024 τοῖς
2286 2959 2488 3023 πεδίοις
2519 2957 2724 3021 πόλεις,
2767 2954 3024 3025 καὶπρὸς
3068 2953 3307 3022 θαλάττῃ
3351 2950 3646 3004 κατοικού-

361 3043 534 3099 fuisse
567 3057 794 3098 necesse
824 3055 927 3107 est,
953 3053 1067 3096 tum
1097 3041 1164 3096 ab
1193 3042 1434 3096 iisetiam
1457 3040 1744 3119 fraudibus
1773 3052 1827 3098 et
1858 3059 1948 3098 ca-

2063 3069 2174 3118 σας,
2199 3050 2368 3123 ἄρδην
2393 3050 2450 3105 ὲν
2483 3045 2562 3120 τῷ
2589 3049 2710 3102 τότε
2738 3047 2916 3119 χρόνῳ
2944 3043 3378 3114 διαφθείρεσθαι.
3419 3075 3490 3083 ——
3529 3042 3646 3095 Θῶ-

359 3135 586 3189 lumniis
617 3135 823 3190 alienos
842 3176 856 3199 ,
887 3134 1088 3204 quibus
1118 3148 1239 3189 sese
1273 3133 1440 3204 588
1469 3135 1676 3204 passim
1705 3136 1759 3191 in
1790 3136 1944 3191 urbi-

361 3229 487 3292 bus,
519 3226 782 3294 avaritiaz,
819 3226 1286 3292 eontentionis,ac
1318 3227 1654 3296 reliquorum
1686 3228 1739 3283 id
1774 3244 1946 3298 genus

361 3317 754 3372 maleﬁciorum
785 3325 922 3371 aestu
951 3316 1190 3386 abrepti,
1233 3316 1373 3371 alios
1417 3317 1509 3371 alii
1555 3327 1797 3375 evertere
1827 3333 1948 3374 mo-

360 3407 588 3462 liuntur.
609 3433 681 3445 ——
701 3404 768 3460 Et
785 3406 889 3461 hoc
914 3405 1075 3475 plane
1107 3414 1556 3461 consentaneum.
1584 3438 1652 3448 —
1672 3406 1947 3464 Ponamus

362 3500 528 3569 igitur
558 3507 892 3569 campestres
919 3499 1085 3554 sim'ul
1110 3513 1175 3553 ac
1196 3500 1504 3557 maritimas
1531 3501 1696 3556 urbes
1724 3516 1788 3556 eo
1813 3510 1948 3556 tem-

363 3608 494 3662 pore
549 3589 796 3648 funditus
850 3591 1098 3661 periisse.
1134 3616 1206 3631 -—
1238 3591 1534 3647 Ponamus.
1563 3621 1636 3632 —
1670 3590 1905 3647 Proinde
1927 3635 1942 3660 ,

360 3686 624 3757 quidquid
641 3685 804 3740 etiam
822 3685 1312 3740 instrumentorum
1329 3683 1793 3757 luerat,quidquid
1811 3686 1946 3742 artis

362 3780 528 3833 ullius
545 3778 846 3850 preprium,
863 3793 960 3832 seu
982 3777 1179 3843 civilis,
1202 3793 1297 3832 seu
1326 3778 1551 3834 alterius
1568 3779 1946 3849 cujuscunque

360 3870 648 3942 peritiae,id
685 3879 857 3924 totum
899 3869 1090 3924 eadem
1123 3870 1284 3924 ruina
1319 3869 1482 3924 simul
1515 3887 1579 3927 ae
1609 3872 1776 3928 semel
1808 3873 1947 3927 hau-

358 3972 503 4016 stum
555 3977 620 4016 ac
659 3963 931 4032 sepultum
981 3960 1153 4016 fuisse
1200 3962 1493 4017 dicendum
1541 3974 1642 4020 est.
1682 3984 1700 4017 ι
1739 3965 1946 4023 Deinde

356 4056 566 4125 aliquot
594 4054 892 4124 interiectis
928 4072 941 4108 :
975 4071 994 4106 ι
1031 4053 1247 4110 Maneat
1283 4056 1469 4125 igitur,
1495 4056 1693 4126 inquit,
1725 4058 1798 4112 ita
1826 4075 1946 4115 sese

358 4149 457 4216 par
486 4145 758 4216 ejusmodi
802 4146 1015 4201 cladem
1063 4161 1154 4202 res
1189 4147 1472 4202 hominum
1526 4149 1820 4218 habuisse;
1852 4167 1946 4206 va-

358 4249 498 4293 stam
524 4238 725 4308 quippe
749 4237 1176 4309 horribilemque
1205 4239 1576 4309 solitudinem,
1621 4243 1840 4313 vimque
1867 4243 1944 4299 fe-

357 4330 815 4385 cundissimarum
877 4339 1146 4385 terrarum
1210 4333 1531 4388 immensam
1572 4335 1866 4392 exstitisse.
1917 4356 1938 4389 ι

2056 3160 2173 3216 μεν.
2203 3175 2272 3184 --
2302 3141 2511 3195 Οὐκοῦν
2538 3140 2746 3212 ὄργανά
2766 3157 2825 3192 τε
2859 3141 3036 3193 πάντα
3064 3137 3421 3200 ἀπόλλυσθαι,
3454 3136 3551 3188 καὶ
3598 3136 3650 3186 εῐ

2049 3253 2104 3288 τι
2134 3235 2328 3306 τέχνης
2354 3229 2421 3304 ἦν
2448 3233 2706 3303 ἐχόμενον
2742 3229 3045 3293 σπουδαίως
3091 3229 3201 3301 (8i)
3242 3227 3547 3299 εὑρημένον
3569 3267 3582 3290 ,
3611 3227 3643 3295 ἢ

2053 3326 2354 3396 πολιτικῆς,
2387 3324 2420 3394 ἢ
2447 3324 2541 3378 καὶ
2567 3323 2760 3393 σοφίας
2787 3322 2933 3386 τινος
2966 3323 3178 3394 ἐτέρας,
3217 3322 3397 3374 πάντα
3436 3319 3640 3390 ἔρρειν.

2049 3449 2121 3458 --
2147 3417 2330 3470 Ταῦτα
2378 3418 2436 3469 ἐν
2467 3415 2546 3486 τῷ
2597 3417 2720 3469 τότε
2753 3414 2932 3487 χρόνῳ
2980 3416 3247 3486 φήσομεν.
3285 3433 3304 3464 ι
3366 3414 3480 3466 Καὶ
3526 3409 3644 3470 μεθ’

2050 3509 2216 3581 ἕτερά
2249 3526 2412 3579 φησιν
2433 3527 2445 3540 ’
2484 3528 2502 3560 ι
2541 3507 2751 3562 Οὐκοῦν
2779 3508 2921 3562 οὓτω
2943 3507 3008 3577 δὴ
3035 3507 3281 3577 λέγωμεν
3315 3504 3462 3575 ἔχειν
3498 3505 3641 3565 τότε,

2049 3603 2138 3654 ὅτε
2168 3601 2385 3670 ἐγένετο
2412 3604 2445 3673 ἡ
2476 3601 2671 3673 φθορὰ,
2705 3601 2776 3655 τὰ
2821 3601 2950 3669 περὶ
2979 3601 3106 3663 τοὺς
3137 3598 3458 3669 ἀνθρώπους
3505 3598 3645 3668 πρά-

2053 3712 2260 3766 γματα,
2318 3695 2520 3766 μυρίαν
2570 3694 2670 3765 μέν
2694 3711 2816 3747 τινα
2841 3693 3078 3764 φοϐεράν
3103 3691 3337 3762 ἐρημίαν
3364 3732 3380 3753 ,
3434 3689 3543 3759 γῆς
3587 3689 3643 3740 δὲ

2049 3785 2279 3855 ἀφθόνου
2309 3785 2511 3853 πλῆθος
2532 3786 2813 3857 πάμπολυ.
2838 3803 2856 3836 ι
2887 3783 3071 3838 Ταῦτα
3105 3785 3200 3838 καὶ
3227 3782 3453 3837 τοιαῦτα
3479 3782 3644 3852 ἕτερα

2049 3877 2240 3943 εἰπὼν,
2275 3877 2626 3948 ἐπεξέρχεται
2653 3878 2801 3949 βίους
2829 3878 2939 3932 τῶν
2971 3876 3108 3948 μετὰ
3129 3875 3220 3929 τὸν
3249 3873 3642 3943 κατακλυσμὸν

2047 3971 2145 4025 ἀνθ
2156 3969 2369 4042 ρώπων.
2396 3966 2511 4023 Εἶθ’
2535 3969 2725 4042 ὥσπερ
2747 3970 2990 4039 Μωῦσῆς
3009 3970 3109 4040 τὴν
3131 3968 3239 4022 τῶν
3263 3968 3430 4021 πάλαι
3458 3965 3640 4035 θεοφι-

2047 4061 2483 4134 λῶν·⁹Ε6ραίων
2534 4061 2812 4115 πολιτείαν
2867 4060 3222 4114 ὲπισυνάπτει
3252 4063 3316 4130 τῇ
3359 4058 3499 4130 μετὰ
3548 4058 3638 4110 τὸν

2047 4154 2432 4225 κατακλυσμὸν
2467 4155 2758 4224 ὑφηγήσει,
2790 4155 2885 4206 καὶ
2908 4155 2934 4205 ὁ
2963 4152 3187 4206 Πλάτων
3214 4151 3440 4221 ὁμοίως,
3503 4149 3642 4220 μετά

2046 4245 2172 4309 τοὺς
2207 4245 2353 4316 βίους
2387 4245 2496 4298 τῶν
2531 4244 2670 4315 μετὰ
2719 4246 2810 4298 τὸν
2836 4244 3222 4314 κατακλυσμὸν
3248 4242 3316 4296 τὰ
3352 4241 3644 4313 Ἑλληνικὰ

2048 4339 2302 4411 πειρᾶται
2326 4337 2722 4408 ἀρχαιολογεῖν,
2748 4337 2822 4400 ώς
2851 4338 3057 4399 ἐκεῖνος
3085 4334 3155 4387 τὰ
3195 4333 3486 4404 Ἑϐραίων.
3521 4333 3642 4386 Τῶν

358 4421 486 4475 Hec
510 4421 598 4476 ille
634 4423 945 4492 similiaque
975 4423 1256 4492 praelatus,
1312 4425 1596 4481 hominum
1626 4443 1815 4482 eorum
1850 4429 1944 4484 de-

2063 4449 2106 4484 ιε
2139 4430 2232 4483 ἐπὶ
2254 4429 2456 4501 Τροίας
2487 4428 2839 4501 μνημονεύει,
2863 4428 2958 4481 καὶ
2994 4427 3091 4497 τῆς
3112 4426 3334 4498 πρώτης
3360 4428 3418 4478 ὲν
3464 4426 3643 4478 Λακε-

357 4514 567 4585 inceps,
601 4513 697 4583 qui
733 4523 857 4582 post
881 4513 1147 4569 diluvium
1175 4515 1381 4580 vixere,
1427 4530 1611 4572 mores
1659 4521 1942 4590 persequi-

359 4615 467 4661 tur.
511 4605 660 4672 lude,
695 4605 896 4677 Moysis
926 4606 1194 4676 exemplo,
1219 4609 1314 4678 qui
1341 4623 1524 4663 rerum
1553 4625 1582 4664 a
1613 4609 1819 4667 diluvio
1853 4630 1945 4685 ge-

358 4707 566 4753 starum
604 4697 844 4752 historiae
891 4697 1227 4752 sanctiorum
1279 4698 1409 4753 olim
1458 4697 1809 4756 Hebraeorum
1862 4705 1946 4758 in-

357 4793 548 4849 stituta
581 4790 896 4862 subjungit;
925 4801 1050 4862 post
1077 4806 1266 4847 eorum
1297 4793 1388 4862 qui
1412 4794 1660 4863 proxime
1679 4794 1942 4854 diluvium

2049 4523 2262 4593 δαίμονι
2292 4513 2588 4584 πολιτείας,
2616 4519 2841 4591 Περσῶν
2874 4537 2930 4571 τε
2967 4519 3062 4572 καὶ
3090 4518 3198 4571 τῶν
3227 4518 3380 4589 παρὰ
3403 4518 3639 4579 τούτοις,

2049 4614 2147 4668 εἴτ’
2177 4613 2374 4686 ὀρθῶς,
2402 4612 2511 4666 εἴτε
2546 4613 2638 4666 καὶ
2687 4612 2760 4684 μὴ
2792 4610 3148 4682 βεϐιωκότων.
3197 4599 3332 4663 Εἶτα
3371 4611 3512 4680 μετὰ
3541 4609 3640 4679 τὴν

2019 4706 2249 4762 ’τούτων
2297 4706 2568 4776 ἱστορίαν,
2605 4703 2912 4774 ἀπάρχεται
2950 4701 3052 4772 τῆς
3085 4701 3193 4754 τῶν
3225 4702 3443 4771 Νόμων
3486 4701 3641 4754 suos-

2051 4817 2208 4863 σεως,
2243 4799 2344 4852 κάν
2372 4795 2546 4866 τούτῳ
2571 4797 2795 4851 Μωῦσεῖ
2823 4793 3322 4865 κατακολουθήσας.

357 4886 533 4942 secuti
563 4893 690 4941 sunt
719 4885 882 4938 vitam
909 4923 924 4948 ,
971 4898 1062 4939 res
1110 4881 1457 4953 Graecorum,
1491 4893 1551 4940 ut
1579 4883 1932 4946 Hebraeorum
1972 4892 2209 4964 Moyses,
2259 4888 2328 4943 ad
2362 4888 2804 4958 antiquissimam
2832 4897 2978 4942 retro
3018 4888 3342 4942 memoriam
3376 4900 3640 4941 revocare

357 4988 604 5035 conatur.
663 4976 805 5044 Quin
855 4976 1018 5031 etiam
1057 4974 1460 5048 Trojanorum,
1521 4978 1822 5051 primaique
1865 4981 2410 5041 Lacedaemoniorum
2462 4980 2807 5050 reipublicae,
2855 4995 2920 5036 ac
2961 4978 3252 5034 Persarum
3299 4981 3637 5034 mentionem

358 5069 511 5135 facit,
541 5085 844 5140 eorumque
870 5069 1056 5133 simul,
1107 5069 1200 5139 qui
1228 5070 1369 5138 apud
1403 5083 1497 5123 eos
1524 5084 1619 5124 seu
1646 5071 1803 5136 bene,
1848 5091 1944 5130 seu
1980 5074 2121 5129 male
2145 5072 2432 5128 vixissent.
2475 5071 2654 5143 Atque
2700 5073 2803 5129 hac
2854 5071 3174 5144 perfunctus
3207 5071 3440 5127 historia
3521 5082 3639 5128 tum

355 5168 576 5222 demum
622 5180 751 5220 suas
796 5165 914 5235 ipse
953 5164 1099 5234 leges
1127 5163 1366 5219 scribere
1409 5164 1744 5233 auspicatur,
1780 5166 1832 5221 in
1867 5184 1933 5224 eo
1970 5183 2188 5240 quoque
2220 5166 2457 5239 Moysem
2486 5168 2794 5224 aemulatus.

2118 5308 2230 5378 (80)
2271 5307 2423 5378 Plato
2457 5308 2580 5363 add.
2614 5311 2767 5365 ποτέ.

429 5303 542 5384 (ξῐθ)
583 5298 702 5372 Ἆρ’
755 5298 886 5359 οὖν.
944 5302 1130 5370 Plato,
1188 5301 1282 5359 lib.
1329 5319 1392 5360 ut
1443 5303 1612 5376 Leg.,
1664 5321 1786 5381 pag.
1833 5308 1938 5365 585

2118 5377 2230 5452 (81)
2269 5377 2444 5447 Plato,
2477 5380 2794 5445 σπουδαίας.

351 5371 551 5430 Fieini.
