3826 6232
223 420 318 478 977

712 536 1108 592 ΚΕΦᾹΛΔΙΟΝ
1138 539 1234 605 ις’

221 623 362 700 Ὄζι-
386 624 453 677 τὰ
485 622 594 700 τῆς
624 623 1044 700 διδασκαλίας,
1066 631 1265 700 ὀρθῶς
1312 634 1458 700 ἡμῖν
1503 637 1619 690 ἀπὸ
1660 637 1781 691 τῶν

281 695 442 776 (gelo)?
487 694 808 776 ἀρχόμενα,
846 694 1167 776 κμτιζτὶ-ήγῖει
1193 694 1280 766 εἷς
1305 694 1377 776 ἰςᾶ
1418 706 1775 776 ἀνθρώπινα.

293 761 415 818 Ἀπὸ
439 761 802 833 τοῦ
828 767 946 822 τῶν
971 761 1170 840 Νόμων
1207 761 1548 841 Πξλάτωνοςῖ

281 856 545 920 Μωῦσέως
569 858 667 930 τὴν
695 861 878 914 πᾶσαν
897 862 1063 916 αὐτοῦ
1085 866 1426 936 νομοθεσίαν,
1450 870 1548 940 τήν
1573 887 1630 923 τε
1657 873 1775 925 κατ’

217 947 364 1002 αὐτὸν
391 948 684 1014 πολιτείαν,
710 952 989 1018 εὐσεϐείας
1015 954 1108 1009 τοῦ
1142 956 1250 1010 τῶν
1275 959 1412 1012 ὅλων
1440 960 1579 1015 Θεοῦ
1611 964 1778 1034 ἀναρ-

214 1040 491 1110 τήσαντος,
536 1042 646 1096 ἀπό
681 1061 742 1096 τε
781 1044 876 1097 τοῦ
927 1047 1144 1101 πάντων
1175 1049 1508 1122 δημιουργοῦ
1548 1054 1645 1126 τὴν
1677 1073 1777 1109 κα·-

211 1132 400 1202 ταρχὴν
440 1133 542 1203 τῆς
591 1135 911 1204 νομοθεσίας
967 1141 1339 1212 πεποιημένου
1361 1162 1376 1174 ο
1421 1145 1612 1200 ἔπειτα
1667 1148 1774 1202 τῶν

211 1221 354 1275 θείων
380 1224 599 1292 ἀγαθῶν
629 1227 943 1299 ὲξέρχεσθαι
975 1231 1042 1285 τά
1084 1233 1400 1305 ἀνθρώπινα
1441 1237 1769 1305 διδάξαντος,

207 1314 268 1366 τά
291 1332 344 1368 τε
376 1316 494 1370 θεῖα
523 1318 616 1372 ἐπὶ
640 1318 732 1372 τὸν
757 1321 974 1376 πάντων
1003 1324 1248 1396 ἡγεμόνα
1275 1327 1419 1381 Νοῦν
1437 1369 1452 1393 ,
1499 1332 1662 1384 αὑτὸν
1706 1331 1771 1403 δὴ

206 1406 288 1459 τὸν
314 1408 418 1460 τῶν
435 1410 575 1463 δλων
607 1410 739 1464 Θεὸν
764 1412 1056 1480 ἀναθέντος
1081 1434 1094 1446 ·
1128 1415 1228 1472 θέα
1251 1419 1401 1484 ὅπως
1429 1422 1522 1474 καὶ
1565 1424 1595 1475 ό
1620 1423 1772 1476 Φιλό-

205 1513 369 1567 σοφος,
397 1502 510 1564 τοῖς
545 1502 728 1566 αὐτοῖς
753 1503 952 1574 βαίνων
985 1507 1186 1576 ἴχνεσιν
1209 1551 1224 1576 ,
1259 1511 1630 1583 ἐπιμέμφεται
1670 1513 1770 1583 μὲν

201 1591 299 1652 τοῖς
325 1591 553 1662 Κρητῶν
588 1595 682 1647 καὶ
711 1596 1154 1669 Λακεδαιμονίων
1196 1601 1516 1671 νομοθέταις
1540 1645 1555 1670 ,
1599 1605 1690 1658 τὸν
1722 1605 1767 1658 δ’

199 1679 483 1748 ἀρέσκοντα
504 1683 582 1754 τῷ
606 1687 829 1740 Μωῡσεῖ
845 1689 1009 1760 νόμον
1035 1691 1360 1758 ἐκδιδάσκει,
1378 1694 1553 1763 λέγων
1571 1697 1762 1762 οὕτως’

202 1788 219 1820 ι
254 1772 328 1843 Πῆ
359 1773 420 1844 δὴ
440 1771 535 1829 οὖν
568 1777 677 1847 (82)
718 1796 776 1832 σε
804 1779 880 1833 ἔτ’
912 1781 978 1835 ἂν
1008 1782 1308 1856 ἐϐουλόμην
1335 1786 1647 1858 διελόμενον
1675 1789 1763 1843 λέ-

1370 422 1693 479 ΡΒΛΕΡΑΒ.
1731 422 1986 479 EVANG.
2024 423 2152 479 LIB.
2196 423 2308 478 XII.

3356 417 3461 471 978

2454 537 2684 594 CAPUT
2723 535 2859 591 XVI.

1883 631 2056 697 Quam
2081 632 2334 700 prwclare
2366 631 2622 683 doctrinae
2645 638 2849 700 ηοειινιεΔ
2870 627 3101 700 ratione:
3133 640 3164 676 a
3179 623 3460 700 ’τείνας-άξ-

1952 693 2091 755 vinis
2116 702 2400 767 uuspieati,
2442 702 2496 754 in
2529 701 2786 753 humanas
2816 697 3140 750 desinamus.
3172 693 3254 748 Ea:
3289 696 3458 763 primo

1952 771 2155 842 Legum
2187 771 2451 825 Platonis.

1951 863 2235 918 Rationem
2267 863 2444 933 legum
2479 876 2545 916 ac
2574 858 2886 930 reipublicae
2916 871 3027 911 suae
3055 856 3363 910 universam
3389 869 3456 910 ex

1877 953 2100 1016 summi.
2122 952 2374 1008 Numinis
2407 951 2670 1024 religione
2727 964 3051 1020 suspensam
3078 947 3290 1018 Moyses
3334 962 3456 1002 esse

1875 1061 2002 1102 cum
2030 1045 2210 1109 vellet,
2267 1045 2415 1098 illam
2449 1043 2520 1099 ab
2550 1041 2743 1098 eodem
2789 1039 2971 1096 rerum
3018 1040 3263 1103 omnium
3298 1039 3457 1094 moli-

1875 1149 1993 1194 tore
2037 1139 2354 1208 auspicatus
2401 1142 2485 1191 est
2515 1153 2528 1189 :
2565 1134 2760 1190 deinde
2789 1131 3053 1202 quidquid
3089 1133 3453 1185 humanorum

1873 1231 2146 1284 bonorum
2188 1235 2294 1292 est,
2341 1227 2394 1282 id
2437 1241 2601 1282 omne
2661 1239 2692 1278 a
2719 1223 2918 1278 divinis
2945 1221 3222 1292 proficisci
3245 1220 3451 1285 docuit,

1872 1323 2100 1393 ipsaque
2132 1321 2320 1376 divina
2351 1320 2420 1375 ad
2445 1324 2685 1373 mentem
2741 1317 2886 1371 illam
2920 1322 3243 1372 cunctorum
3268 1314 3450 1368 mode-

1871 1419 2150 1481 ratricem,
2178 1415 2284 1470 hoc
2305 1424 2413 1477 est,
2439 1413 2506 1468 ad
2535 1411 2785 1467 eumdem
2817 1409 2968 1464 illum
3001 1408 3242 1463 universi
3283 1408 3453 1462 Deum

1871 1507 2162 1562 revocavit.
2234 1505 2410 1576 Hujus
2456 1503 2702 1575 vestigiis
2763 1503 3023 1557 insistens
3077 1500 3451 1570 philosophus,

1869 1601 1991 1655 vide
2019 1600 2504 1671 quemadmodum,
2533 1597 2880 1668 reprehensis
2901 1595 3242 1650 Cretensium
3267 1605 3322 1649 et
3349 1593 3455 1649 La-

1869 1691 2770 1763 cedaemoniorumlegislatoribus,
2805 1688 2970 1759 589
2998 1689 3266 1743 sancitam
3302 1686 3452 1741 illam

1867 1786 1936 1840 ab
1967 1785 2148 1858 Moyse
2177 1786 2347 1857 legem
2382 1786 2631 1840 edoceat.
2662 1785 2815 1838 «Vin‘
2844 1794 2924 1849 tu,
2947 1781 3338 1852 inquit,dicam
3376 1781 3454 1834 in-

196 1878 318 1929 γειν,
359 1867 520 1930 αὑτός
569 1869 613 1922 τ’
642 1871 880 1937 ἀκούειν,
912 1873 1093 1943 βούλει
1123 1894 1206 1930 σοι
1246 1878 1477 1948 φράζως
1518 1911 1585 1922 ——
1610 1881 1746 1936 Πάνι

1867 1893 2061 1949 genue,
2093 1892 2200 1947 qua
2235 1884 2285 1931 te
2310 1876 2398 1930 via
2429 1885 2484 1930 et
2511 1876 2703 1931 ordine
2729 1882 2904 1928 totum
2939 1875 3044 1929 hoc
3065 1871 3454 1940 disputationis

197 1955 284 2045 μεν
314 1953 422 2012 οὖν.
458 1991 527 2000 -
556 1956 626 2014 Ὦ
647 1961 785 2027 ξένε,
821 1966 987 2037 ἐχρῆν
1020 1969 1214 2021 εἰπεῖν’
1250 1971 1299 2022 οἱ
1329 1971 1565 2043 Κρητῶν
1602 1975 1758 2045 νόμοι

192 2044 280 2100 οὔκ
301 2051 403 2103 εἰσι
435 2051 616 2124 μάτην
639 2054 1006 2128 διαφερόντως
1028 2058 1087 2112 ὲν
1115 2061 1282 2113 πᾶσιν
1334 2062 1609 2134 εὐδόκιμοι
1644 2044 1757 2130 τοῖς

193 2137 428 2212 Ἕλλησιν
449 2162 462 2175 ·
493 2144 676 2216 ἔχουσι
707 2147 817 2220 γὰρ
843 2148 1039 2220 ὀρθῶς,
1065 2152 1192 2216 τοὺς
1217 2152 1403 2218 αὐτοῖς
1443 2158 1757 2228 χρωμένους

187 2231 489 2304 εὐδαίμονας
508 2239 916 2305 ἀποτελοῦντες.
950 2242 1198 2298 Ἀπαντα
1223 2244 1332 2318 γάρ
1359 2247 1572 2316 τάγαθὰ
1597 2251 1754 2322 πορί-

187 2322 342 2385 ζουσι.
372 2327 536 2381 Διττά
569 2329 614 2382 δ’
645 2330 826 2399 ἀγαθά
853 2333 990 2397 ἐστι,
1019 2333 1090 2387 τά
1117 2335 1216 2405 μὲν
1240 2337 1578 2408 ἀνθρώπινα,
1609 2341 1676 2396 τὰ
1697 2343 1755 2396 δὲ

187 2414 311 2470 θεῖα.
345 2421 620 2493 Ἠρτηται
666 2423 721 2476 δὲ
776 2426 841 2478 ὲκ
871 2424 980 2478 τῶν
1013 2426 1172 2482 θείων
1226 2429 1460 2501 θάτερα·
1526 2434 1619 2487 καὶ
1656 2434 1754 2490 ἐὰν

186 2506 276 2575 μὲν
302 2509 520 2582 δέχηται
571 2513 640 2566 τά
696 2515 918 2584 μείζονα
952 2517 1126 2582 πόλις,
1150 2521 1345 2574 κτᾶται
1372 2524 1469 2578 καὶ
1497 2524 1568 2579 τά
1597 2526 1754 2581 ἐλάτ-

181 2613 314 2652 τονα’
357 2606 406 2656 εί
435 2604 494 2657 δὲ
531 2605 628 2676 μὴ,
665 2606 914 2678 στέρεται
948 2610 1174 2680 ἀμφοῖν.
1230 2613 1387 2668 Ἔστι
1442 2615 1500 2669 δὲ
1544 2616 1614 2670 τὰ
1651 2618 1752 2689 μὲν

179 2689 438 2759 ἐλάττονα,
469 2689 549 2748 ὧν
579 2699 792 2768 ἡγεῖται
823 2699 1021 2768 ὑγίεια,
1061 2703 1256 2768 κάλλος
1285 2705 1341 2758 δὲ
1384 2706 1660 2780 δεύτερον,
1688 2709 1751 2763 τὸ

179 2781 228 2833 δὲ
255 2785 448 2855 τρίτον,
470 2789 648 2859 ἰσχὺς,
671 2791 752 2854 εἷς
783 2809 841 2844 τε
866 2793 1086 2864 δρόμον,
1115 2797 1208 2870 και
1233 2799 1314 2862 εἰς
1337 2798 1437 2864 τὰς
1459 2800 1624 2866 ἄλλας
1645 2803 1750 2857 πά-

180 2887 265 2937 σας
291 2879 532 2949 κινήσεις
563 2880 642 2951 τῷ
671 2881 918 2953 σώματι·
949 2885 1208 2958 τέταρτον
1231 2888 1288 2941 δὲ
1316 2889 1380 2962 δὴ
1410 2890 1659 2957 πλοῦτος,
1684 2894 1745 2947 οὐ

175 2964 372 3033 τυφλὸς,
404 2969 523 3022 ἀλλ’
550 2969 643 3035 ὀξὺ
670 2970 880 3042 βλέπων
907 3014 922 3037 ,
966 2974 1140 3046 ἄνπερ
1170 2976 1267 3048 ἅμ’
1301 2977 1502 3050 ἕπηται
1548 2984 1750 3055 φρονή-

177 3071 268 3114 σει.
291 3059 351 3112 Ὃ
378 3060 440 3132 δὴ
467 3062 688 3133 πρῶτον
711 3059 777 3117 αὖ
798 3064 906 3118 τῶν
937 3065 1048 3139 (85)
1083 3066 1244 3122 θείων
1265 3072 1570 3142 ἡγεμονοῦν
1599 3075 1748 3129 ἐστιν

173 3146 376 3214 ἀγαθῶν
402 3153 516 3223 (84)
544 3155 577 3223 ἡ
612 3155 873 3225 φρόνησις
907 3157 1020 3227 (85)
1041 3173 1054 3186 ·
1081 3158 1335 3232 δεύτερον
1375 3163 1433 3216 δὲ
1457 3165 1598 3235 μετά
1621 3165 1746 3220 νοῦν

1865 1984 2034 2039 genus
2061 1969 2432 2024 instituentem
2453 1967 2684 2022 libenter
2710 1965 3041 2022 audiissem?
3066 1962 3371 2017 —Maxime
3395 1961 3449 2015 id

1863 2057 2081 2128 quidem
2110 2057 2293 2113 velim.
2311 2055 2679 2126 —Ejusmodi
2705 2069 2857 2125 ergo,
2873 2051 2947 2106 mi
2977 2051 3199 2121 hospes,
3218 2057 3308 2104 tua
3328 2062 3450 2103 esse

1862 2147 2040 2204 oratio
2070 2147 2280 2203 debuit.
2341 2144 2463 2201 Non
2508 2145 2785 2200 immerito
2830 2142 3173 2198 Cretensium
3231 2141 3376 2211 leges
3415 2154 3449 2194 a

1862 2237 2067 2296 Graecis
2115 2238 2372 2295 omnibus
2417 2253 2634 2294 summa
2691 2252 2817 2293 cum
2869 2235 3030 2290 laude
3076 2233 3443 2288 celebrantur.

1859 2331 1998 2388 Nam
2028 2333 2132 2388 hoc
2167 2333 2285 2402 ipso
2311 2339 2457 2387 recte
2485 2330 2710 2386 omnino
2739 2328 2971 2384 conditae
2997 2335 3158 2392 sunt,
3209 2325 3352 2396 quod
3379 2323 3446 2379 iis

1859 2426 1954 2498 qui
1995 2426 2188 2480 vivunt
2216 2425 2408 2479 beatos
2438 2422 2692 2485 efﬁciant,
2715 2422 2846 2476 dum
2876 2419 3034 2476 bonis
3060 2434 3157 2474 eos
3187 2417 3444 2473 omnibus

1859 2515 2162 2572 cumulant.
2225 2513 2438 2584 Quippe
2476 2529 2601 2569 cum
2645 2512 2755 2568 duo
2787 2511 3060 2595 bonorum
3086 2523 3285 2577 genera
3313 2507 3443 2567 sint.

1858 2607 2221 2662 humanorum
2249 2622 2443 2673 unum,
2471 2605 2699 2660 alterum
2720 2593 3052 2664 divin’brum,
3075 2610 3193 2655 tum
3220 2615 3346 2654 vere
3374 2615 3442 2653 ex

1857 2699 2060 2756 divinis
2105 2699 2347 2752 humana
2392 2696 2649 2766 pendent.
2731 2694 2912 2762 Quare
2957 2708 3080 2764 quae
3132 2691 3440 2761 respublica

1856 2788 2067 2860 majora
2104 2786 2429 2858 susceperit,
2464 2786 2653 2842 eadem
2702 2784 2917 2839 minora
2944 2798 3164 2854 quoque
3191 2781 3441 2852 posside-

1854 2882 1936 2937 bit
1965 2899 1978 2934 :
2015 2881 2101 2935 sin
2129 2890 2333 2944 autem,
2362 2879 2609 2949 utrisque
2639 2885 2824 2932 careat
2852 2890 3076 2932 necesse
3099 2882 3204 2930 est.
3239 2873 3306 2928 Et
3337 2873 3441 2926 mi-

1854 2988 1991 3029 nora
2017 2973 2237 3044 quidem
2261 2978 2532 3029 vocantur
2565 2971 2655 3025 illa
2690 2961 2924 3040 quorum
2953 2967 3206 3038 princeps
3237 2973 3322 3022 est
3348 2981 3436 3021 sa-

1855 3065 2032 3130 nitas;
2055 3063 2356 3120 secundum
2387 3060 2773 3133 pulchritudo;
2809 3059 3030 3116 tertium
3063 3059 3208 3114 vires
3241 3073 3438 3128 corpo-

1853 3156 1932 3212 ris
1962 3154 2029 3210 ad
2061 3171 2284 3212 cursum
2317 3155 2563 3226 aliosque
2590 3163 2773 3210 motus
2815 3153 3135 3220 obeundus;
3175 3161 3431 3223 quartum

175 3237 388 3312 σώφρων
425 3244 609 3316 ψυχῆς
661 3246 804 3312 ἔξιςν
833 3250 900 3302 ἐκ
953 3249 1010 3303 δὲ
1066 3252 1272 3306 τούτων
1308 3254 1446 3325 μετά
1495 3257 1746 3329 ἀνδρείας

1853 3247 2074 3315 divitiae,
2109 3264 2229 3319 quae
2261 3257 2374 3304 tum
2403 3247 2622 3304 demum
2649 3262 2806 3302 caecis
2832 3263 2940 3304 non
2969 3257 3150 3308 erunt.
3183 3247 3276 3303 sed
3303 3263 3436 3304 acu-

173 3330 485 3420 ttpeOév't-wv,
536 3337 717 3407 τρίτον
757 3338 823 3393 ἂν
861 3341 946 3412 εἴη
992 3341 1308 3417 δικαιοσύνη
1329 3363 1343 3377 ο
1395 3348 1654 3420 τέταρτον
1687 3351 1744 3405 δὲ

171 3416 392 3491 ἀνδρεία.
419 3423 608 3478 Ταῦτα
625 3426 680 3479 δὲ
707 3427 886 3481 πάντα
907 3430 1130 3487 ἐκείνων
1149 3416 1460 3506 ἔμπροσθεν
1481 3416 1743 3495 τέτακται

171 3509 334 3603 φύσει.
365 3515 479 3568 Καὶ
514 3516 579 3586 δὴ
619 3519 712 3572 καὶ
734 3519 814 3590 τῷ
850 3522 1114 3596 νομοθέτῃ
1143 3527 1371 3582 τακτέον
1395 3528 1537 3584 οὕτω
1561 3547 1575 3562 ο
1603 3533 1743 3603 μετά

171 3598 221 3652 δὲ
265 3603 431 3657 ταῦτα
472 3605 579 3670 τὰς
633 3607 800 3673 ἄλλας
848 3613 1174 3682 προστάξεις
1222 3618 1336 3681 τοῖς
1369 3598 1616 3685 πολίταις
1659 3623 1741 3687 είς

173 3691 325 3746 ταῦτα
351 3696 656 3765 βλεπούσας
683 3701 866 3765 αὐτοῖς
893 3699 1031 3756 εἶναι
1054 3705 1487 3765 διακελευστέον.
1520 3713 1739 3768 Τούτων

168 3778 217 3834 δὲ
241 3783 302 3837 τὰ
337 3787 434 3856 μὲν
466 3789 786 3860 ἀνθρώπινα
810 3795 892 3856 εἰς
916 3794 987 3849 τὰ
1009 3795 1128 3851 θεῖα
1152 3840 1168 3864 ,
1197 3798 1267 3854 τὰ
1294 3801 1350 3854 δὲ
1384 3801 1503 3856 θεῖα
1534 3806 1616 3869 εἰς
1647 3807 1738 3861 τὸν

169 3872 392 3970 ᾖγεμόνα
418 3880 550 3934 νοῦν
584 3883 874 3953 σύμπαντα
899 3887 1087 3957 βλέπει
1113 3891 1246 3963 (86),
1273 3895 1401 3966 περί
1431 3914 1492 3950 τε
1525 3900 1738 3970 γάμους

166 3965 396 4042 ἀλλήλοις
427 3977 1004 4051 ὲπικοινωνουμένους.
1055 3985 1212 4040 Μετὰ
1238 3987 1296 4041 δὲ
1327 3965 1502 4044 ταῦτα
1530 3965 1738 4058 εν-ταϊς

168 4057 491 4155 τῶν-παίδων
517 4070 802 4141 γεννήσεσι
826 4075 920 4128 καὶ
948 4080 1179 4146 τροφαῖς
1201 4119 1216 4142 ,
1249 4079 1364 4134 ὅσοι
1405 4099 1467 4134 τε
1510 4081 1736 4155 ἄρσενες

168 4150 250 4203 καὶ
273 4152 388 4206 ὅσαι
409 4156 644 4228 Θήλειαι,
680 4161 815 4215 νέων
838 4179 898 4216 τε
930 4165 1099 4219 ὄντων
1129 4169 1224 4222 καὶ
1273 4171 1365 4224 ἐπὶ
1395 4171 1457 4226 τὸ
1490 4150 1732 4246 πρεσδύ-

162 4255 306 4336 τερον
335 4247 544 4314 ἰόντων,
585 4251 746 4324 μέχρι
769 4255 956 4326 γήρως
978 4257 1222 4327 τιμῶντα
1255 4260 1434 4332 ὀρθῶς
1453 4263 1732 4336 ἐπιμελεί-

167 4331 275 4387 σθαι
307 4336 404 4402 δεῖ,
441 4342 539 4394 καὶ
584 4343 922 4414 ἀτιμάζοντα
975 4348 1033 4401 ὲν
1089 4331 1329 4416 ἀπάσαις
1353 4357 1477 4419 ταῖς
1527 4331 1732 4412 τούτων

162 4420 380 4520 ὁμιλίαις
413 4432 530 4503 (87)
551 4450 564 4463 ⁸
614 4436 714 4500 τάς
749 4454 810 4490 τε
842 4439 1017 4504 λύπας
1047 4442 1224 4497 αὐτῶν
1267 4447 1360 4499 καὶ
1387 4446 1488 4510 τὰς
1515 4449 1727 4520 ἡδονὰς,

164 4518 246 4570 καὶ
272 4521 366 4584 τὰς
389 4525 712 4595 ἐπιθυμίας,
732 4529 1058 4601 ξυμπάντων
1084 4552 1146 4588 τε
1177 4536 1398 4607 ἐρώτων
1425 4518 1546 4604 τάς-
1562 4558 1730 4596 σπου-

160 4607 244 4673 δὰς
264 4612 672 4688 ἐπεσκεμμένον
721 4623 815 4675 καὶ
846 4627 1344 4699 παραπεφυλαχότα
1367 4670 1382 4694 ,
1429 4631 1616 4702 ψέγειν
1666 4651 1727 4687 τε

159 4701 335 4772 ὀρθῶς,
377 4712 474 4764 καὶ
529 4714 773 4767 ἐπαινεῖν
805 4715 874 4768 δι’
905 4717 1085 4772 αὐτῶν
1143 4719 1252 4775 τῶν
1295 4701 1519 4793 νόμωνξ
1560 4743 1580 4775 ι
1616 4727 1728 4780 Καὶ

162 4796 284 4861 μετά
313 4799 519 4871 βραχέα
543 4805 696 4875 φησί.
739 4825 757 4857 ι
793 4808 1041 4862 Κατιδὼν
1073 4811 1129 4864 δὲ
1152 4814 1180 4864 ό
1207 4813 1320 4876 θεὶς
1346 4815 1472 4879 τοὺς
1503 4815 1723 4886 νόμους,

161 4889 276 4942 πᾶσι
292 4893 501 4958 τούτοις
531 4897 775 4964 φύλακας
803 4901 1108 4973 ἐπιστήσει,
1136 4906 1262 4969 τοὺς
1286 4907 1386 4977 μὲν
1413 4907 1502 4961 διὰ
1528 4912 1726 4981 φρονή-

161 4990 301 5044 σεως,
323 4984 450 5047 τοὺς
480 4986 539 5038 δὲ
567 4987 637 5040 δι’
676 4989 910 5061 ἀληθοῦς
941 4992 1100 5064 δόξης
1145 4994 1257 5065 (88)
1307 4997 1486 5062 ἰόντας
1510 5016 1522 5028 ·
1574 5001 1726 5064 ὅπως

362 5116 456 5198 ηῇ
485 5119 564 5198 δῂ
595 5118 726 5198 οὗξο.
761 5121 937 5190 Plato,
969 5125 1061 5198 lib.
1094 5140 1111 5178 ι
1149 5125 1300 5197 Leg.,
1332 5143 1456 5197 pag.
1489 5129 1614 5185 567.

191 5185 323 5272 2(βδ)
361 5188 450 5272 ᾼῦ
479 5185 618 5272 nor:
672 5190 746 5246 lta
783 5185 959 5272 _recte_
1003 5195 1157 5272 Plato
1205 5185 1722 5272 voce-mautramque

157 5251 456 5336 distinguit;
495 5262 639 5336 male
672 5265 1039 5336 conjungebat
1070 5268 1216 5332 prior
1247 5251 1432 5324 editio.

218 5325 332 5465 (δυ’
373 5325 659 5402 Ἀγαθῶν.
701 5325 1134 5404 ΡΙᾶῑοδάγαθόν.

238 5395 322 5465 85)
363 5405 685 5465 Φρόνησις.
713 5403 992 5460 Glossema
1022 5408 1134 5461 vide

238 5395 340 5482 85).
363 5395 685 5482 Φρὸνῃσις.
713 5395 992 5482 Glossema
1022 5408 1190 5462 videri
1221 5409 1414 5479 possit.
1447 5408 1603 5468 Plato
1647 5423 1720 5468 ta-

157 5478 267 5550 men
296 5475 568 5550 ejusmodi
604 5490 766 5531 voces
786 5516 802 5540 ,
835 5477 1019 5532 minus
1049 5494 1190 5548 saepe
1219 5475 1561 5539 necessarias
1581 5524 1597 5550 ,
1633 5485 1718 5538 in-

157 5535 353 5594 calcare
389 5546 550 5596 solet.

216 5607 319 5692 (86)
359 5614 599 5668 Βλέπει.
629 5613 805 5692 Plato,
836 5617 1079 5687 βλέπειν,
1104 5621 1266 5692 quod
1305 5621 1481 5692 magis
1520 5624 1714 5692 probo.

155 5672 279 5764 Quae,
304 5672 899 5764 'seqttnntui:_trajecta_
916 5672 1188 5764 nonnihil
1204 5672 1489 5764 ’ἥάὲἦιῖιὶ

155 5742 314 5866 legere
356 5742 542 5807 malim
595 5742 832 5824 βλέπὲιν.
878 5742 1712 5836 mease"ee:ee‘;';epi1‘53;

156 5830 185 5866 Υ
222 5834 344 5866 μους
371 5823 489 5866 ἀλλ-
521 5826 646 5866 terra:
706 5829 762 5866 ἐν
790 5831 910 5866 φηῖρ·
939 5829 1050 5866 ριτιυ
1089 5832 1216 5866 ρηθλ
1288 5843 1372 5866 οιη

156 5823 344 5906 reﬁci;
371 5823 489 5906 in.
518 5823 667 5906 Σἐξίτικ.
702 5829 762 5906 εν
790 5831 910 5906 ταῖς
939 5829 1050 5882 τῶν
1089 5832 1258 5896 παίδ.,
1287 5823 1391 5886 etc.

116 5905 125 5916 ·
216 5887 322 5961 (87)
374 5893 674 5963 Ὁμινῑίαις.
702 5897 778 5953 lta
807 5887 910 5955 hoc
946 5887 1256 5958 membrum
1293 5918 1322 5957 a
1355 5905 1708 5974 sequentibus

1849 3339 2066 3406 tissimo
2115 3338 2234 3395 visu
2278 3339 2537 3409 praedita,
2578 3339 2623 3394 si
2670 3337 2836 3394 modo
2871 3337 3173 3407 prudentiae
3206 3353 3431 3392 manum

1847 3440 2164 3503 sequentur.
2202 3431 2334 3498 Quae
2351 3431 2571 3501 quidem
2598 3431 2908 3502 prudentia,
2927 3430 3237 3486 divinorum
3267 3433 3432 3488 etiam

1843 3526 2118 3582 bonorum
2151 3524 2263 3580 dux
2309 3525 2559 3594 quaedam
2607 3532 2724 3590 est;
2779 3539 2944 3594 quam
2995 3524 3160 3578 veluti
3193 3533 3430 3579 mentem

1841 3618 2091 3688 proxime
2123 3617 2371 3687 sequitur
2412 3622 2675 3671 constans
2711 3615 2880 3670 animi
2920 3615 3278 3686 temperantia
3311 3634 3324 3670 :
3361 3632 3429 3670 ex

1840 3710 1911 3765 iis
1941 3709 2155 3764 duabus
2198 3722 2323 3764 cum
2371 3705 2692 3762 fortitudine
2734 3707 3043 3778 conjunctis
3070 3708 3286 3762 exsistit
3331 3707 3428 3776 ju-

1840 3801 2024 3868 stitia;
2058 3815 2196 3871 quas
2223 3799 2458 3870 denique
2489 3814 2681 3854 omnes
2709 3798 2971 3854 fortitudo
3013 3799 3233 3870 excipit.
3293 3799 3425 3854 Hth

1841 3894 2027 3948 omnia
2091 3892 2350 3948 humanis
2402 3891 2512 3946 illis
2559 3901 2770 3947 naturae
2825 3891 3093 3964 dignitate
3141 3900 3421 3964 praestant.

1839 3984 2106 4051 Quocirca
2149 3986 2196 4040 is
2226 3983 2390 4039 etiam
2443 3983 2580 4038 ordo
2611 3982 2914 4056 legislatori
2963 3986 3264 4041 servandus
3297 3987 3420 4040 erit.

1840 4075 2044 4130 Deinde
2069 4090 2200 4130 vero
2224 4076 2372 4132 cives
2401 4075 2524 4130 aliis
2550 4075 2814 4131 institutis
2834 4117 2849 4143 ,
2881 4091 3004 4146 quae
3030 4084 3210 4132 tamen
3239 4078 3426 4147 priora.

1837 4182 2052 4238 semper
2083 4167 2174 4222 illa
2203 4174 2469 4238 spectent,
2496 4166 2846 4234 informabit;
2895 4168 2970 4224 ita
2992 4169 3212 4239 quidem
3244 4178 3303 4224 ut
3336 4185 3422 4224 res

1836 4259 2090 4315 humanae
2138 4258 2208 4314 ad
2240 4260 2474 4326 divinas,
2527 4261 2595 4317 ad
2625 4271 2861 4318 mentem
2893 4263 3196 4332 principem
3225 4262 3422 4317 divinae

1835 4367 2027 4408 omnes
2057 4351 2388 4408 referantur.
2422 4352 2647 4420 Deinde,
2665 4356 2872 4411 mutuis
2903 4355 3111 4426 nuptiis
3136 4356 3279 4410 inter
3300 4371 3422 4411 sese

1834 4445 2151 4511 contractis,
2199 4445 2638 4516 procreationem
2691 4447 3181 4518 educationemque
3218 4448 3418 4502 libero-

1834 4553 1956 4592 rum
1985 4537 2232 4593 studiose
2259 4538 2497 4603 curabit,
2529 4546 2584 4594 et
2608 4555 2706 4594 seu
2736 4555 2918 4596 mares
2947 4541 3024 4595 illi
3054 4539 3289 4606 fuerint,
3320 4556 3420 4596 seu

1831 4626 2068 4696 feminae,
2093 4630 2359 4701 quidquid
2392 4630 2462 4686 ab
2491 4630 2559 4685 iis
2593 4631 2677 4686 vel
2707 4632 3167 4700 adolescentibus,
3190 4633 3272 4687 vel
3296 4633 3413 4702 jam

1827 4728 1984 4776 aetate
2013 4722 2427 4788 maturioribus,
2461 4721 2528 4777 ad
2565 4723 2739 4794 ipsam
2771 4741 2946 4796 usque
2974 4735 3330 4788 senectutem,
3359 4725 3415 4780 in

1829 4822 2020 4868 mutua
2049 4816 2449 4870 consuetudine
2474 4824 2620 4872 recte
2653 4831 2881 4873 secusve
2909 4817 3023 4880 ﬁat,
3056 4818 3281 4872 alterum
3317 4818 3415 4870 ΙΙΟ-

1803 4919 1960 4960 .nore
1993 4903 2215 4970 afﬁciet,
2247 4907 2478 4961 alterum
2508 4907 2808 4978 ignominia
2844 4925 2858 4962 :
2897 4908 3062 4963 simul
3089 4908 3254 4963 etiam
3280 4907 3412 4977 quid

1825 4993 1892 5050 iis
1920 5002 2015 5048 aut
2043 4995 2218 5051 dolori
2249 4997 2342 5065 sit,
2371 5004 2468 5052 aut
2488 4998 2776 5069 voluptati,
2808 4999 3008 5069 quibus
3038 4999 3124 5054 vel
3151 4999 3413 5068 cupidita-

1823 5130 2270 5201 distinguendum
2304 5154 2316 5190 :
2345 5151 2512 5192 secus
2549 5152 2656 5191 non
2692 5137 2826 5192 levis
2860 5145 2946 5193 est
2990 5136 3274 5192 sententiae
3316 5136 3404 5190 fu-

1821 5210 1946 5256 tura
1980 5205 2337 5277 perturbatio,
2372 5218 2428 5261 ut
2459 5224 2525 5262 ex
2559 5207 2728 5262 Ficini
2758 5208 3007 5262 versione
3033 5219 3282 5261 constare
3307 5224 3404 5277 po-

1826 5281 1950 5346 test.
1994 5271 2130 5328 Nam
2157 5291 2279 5346 qua:
2309 5271 2642 5346 sequuntur.
2695 5279 2766 5332 ita
2796 5277 2974 5333 reddit
3007 5296 3019 5332 :
3054 5277 3253 5332 Cantra
3287 5271 3405 5332 vero

1820 5342 2061 5417 dolores,
2101 5342 2402 5416 uoluptates
2426 5357 2475 5402 et
2499 5348 2832 5417 cupiditates,
2870 5349 2928 5401 in
2954 5349 3097 5401 omni
3130 5365 3406 5402 conversa-

1823 5413 1960 5467 tione
1989 5413 2286 5485 vituperet,
2341 5427 2446 5474 etc.
2477 5413 2642 5488 Atqui
2692 5420 2911 5473 nolebat
2963 5417 3116 5472 Plato
3158 5420 3400 5479 dolorem

1819 5498 2040 5559 omnem
2089 5495 2189 5542 aut
2241 5503 2467 5544 omnem
2506 5490 2672 5543 animi
2736 5499 3161 5546 commotionem
3216 5506 3403 5559 repre-

1820 5553 2015 5636 hendi,
2069 5559 2164 5636 sed
2195 5561 2376 5629 potius
2408 5561 2642 5636 quodin
2672 5577 2890 5632 quaque
2920 5572 3128 5636 rectum
3161 5553 3398 5636 laud-ari,

1822 5629 2118 5696 vituperari
2146 5641 2337 5702 contra
2361 5636 2506 5700 quod
2529 5629 2815 5697 vitiosum,
2836 5642 2894 5687 ut
2920 5649 2984 5687 ex
3010 5633 3400 5702 disputationis
3470 5636 3473 5639 ’

1819 5707 2072 5770 contextu
2109 5701 2396 5756 manifeste
2425 5711 2590 5770 patet.

1890 5765 1998 5838 (88)
2037 5770 2318 5844 Ἆᾷηθονῦς
2353 5765 2561 5844 δόξης.
2588 5770 2977 5844 Ficinus,rera
3010 5775 3268 5844 opinione.
3294 5775 3397 5827 Sed

1817 5851 1940 5905 qua:
1983 5840 2200 5914 tandem
2226 5857 2348 5914 vera
2386 5843 2500 5914 hate
2553 5844 2777 5912 opinio?
2810 5843 2872 5896 Et
2897 5846 2942 5897 si
2977 5840 3083 5914 qua
3116 5853 3234 5908 est,
3266 5845 3398 5914 quid

1816 5923 1938 5962 eam
1985 5909 2124 5966 inter
2170 5909 2624 5983 prudentiamque
2676 5909 3051 5971 discriminis}?
3093 5915 3228 5979 Δόξα
3276 5909 3401 5980 fuit,
