3826 6232
366 383 473 443 979

965 381 1239 440 EUSEBII
1272 380 1751 439 CIESARIENSIS
1778 381 1929 439 OPP.
1973 382 2155 439 PARS
2192 381 2261 438 il.
2297 411 2371 424 —
2409 379 2914 442 APOLOGETICA.

3523 385 3624 443 980

365 495 546 568 tibus,
569 501 654 556 vel
683 499 963 557 amoribus
1015 499 1329 569 indulgeant
1379 499 1610 554 solerter
1653 500 1945 570 explorans

2052 499 2228 553 πάντα
2271 498 2444 566 ταῦτα
2482 498 2746 572 ξυνδήσας
2772 501 2801 551 ὁ
2831 499 2956 564 νοῦς
2979 541 2995 565 ,
3028 499 3272 572 ἑπόμενα
3307 500 3626 572 σωφροσύνῃ

365 605 530 669 atque
561 597 878 662 observans,
932 595 1086 661 suis,
1129 603 1187 650 ut
1231 610 1330 666 par
1361 603 1465 658 est,
1516 594 1728 664 legibus
1775 609 1942 663 prava

364 690 548 744 omnia
596 688 973 758 reprehendet,
1021 687 1376 757 laudabitque
1432 685 1730 741 contraria.
1765 703 1784 736 ›
1815 682 1943 740 Haec

363 780 538 847 Plato,
577 781 670 850 qui
721 780 910 850 paucis
959 779 1278 849 interjectis,
1326 793 1520 834 rursus
1552 777 1626 832 ita
1656 776 1943 848 prosequi-

364 885 475 930 tur.
515 893 534 926 ι
571 874 666 928 liis
689 873 968 944 legislator
1001 873 1244 929 studiose
1269 872 1526 943 provisis,
1559 887 1656 926 eos
1691 871 1940 926 omnium

362 964 615 1020 custodes
644 979 709 1018 ac
732 963 1018 1033 praefectos
1047 962 1265 1034 deliget,
1301 977 1442 1033 quos
1479 963 1676 1032 partim
1706 961 1944 1031 pruden-

360 1056 472 1120 tiae,
502 1055 699 1124 partim
733 1067 877 1108 verae
909 1052 1092 1107 laudis
1118 1052 1264 1107 viam
1297 1052 1564 1106 institisse
1586 1051 1940 1122 cognoverit:

361 1152 423 1198 ut
448 1158 510 1197 ea
540 1157 694 1198 mens
715 1141 968 1197 universa
992 1141 1105 1211 jam
1133 1150 1257 1211 apta
1277 1156 1342 1195 ex
1371 1155 1492 1196 sese
1511 1151 1673 1209 atque
1696 1155 1944 1196 connexa

361 1231 632 1302 ejusmodi
660 1230 883 1298 elﬁciat,
917 1244 1040 1300 quae
1069 1230 1441 1300 temperantia:
1471 1229 1651 1298 potius
1674 1237 1836 1298 atque
1862 1229 1945 1298 ju-

361 1325 546 1388 stitiae,
574 1339 738 1394 quam
774 1323 1088 1378 divitiarum
1127 1330 1221 1376 aut
1253 1321 1570 1376 ambitionis
1608 1320 1830 1375 ductum
1858 1334 1946 1374 se-

360 1424 621 1486 quantur.
657 1413 818 1485 590
847 1414 926 1467 En
949 1452 964 1478 ,
993 1413 1237 1483 hospites
1281 1411 1633 1475 suavissimi,
1684 1411 1945 1480 quemad-

360 1508 586 1564 modum
631 1522 730 1562 vos
759 1517 813 1562 et
831 1508 942 1576 jam
976 1516 1102 1561 ante
1130 1507 1451 1570 voluissem,
1504 1514 1557 1560 et
1605 1518 1751 1558 nunc
1779 1502 1944 1557 etiam

360 1597 589 1654 omnino
621 1597 779 1652 velim
811 1611 1105 1666 exponere,
1135 1605 1195 1651 ut
1225 1595 1278 1649 in
1302 1595 1392 1660 iis,
1420 1609 1557 1664 quas
1595 1600 1814 1656 vocant,
1850 1590 1945 1646 Jo-

359 1691 444 1746 vis
473 1698 528 1745 et
559 1688 742 1761 Pythii
789 1688 1059 1759 Apollinis
1094 1687 1308 1757 legibus
1328 1728 1344 1754 ,
1379 1701 1518 1757 quas
1560 1683 1736 1739 Minos
1761 1693 1813 1738 et
1840 1681 1945 1754 Ly-

361 1797 563 1852 curgus
615 1780 1000 1844 condiderunt,
1054 1779 1170 1834 haec
1215 1779 1402 1833 omnia
1427 1778 1611 1832 locum
1661 1776 1940 1830 habeant:

361 1874 548 1938 simul,
585 1882 644 1928 ut
675 1872 722 1927 is
754 1873 919 1927 modo
948 1873 1042 1942 qui
1075 1871 1159 1926 vel
1190 1880 1327 1936 arte,
1352 1870 1437 1926 vel
1465 1885 1572 1925 usu
1599 1866 1838 1938 quodam
1865 1866 1943 1921 le-
1975 1846 2018 1901 Β

360 1982 489 2035 gum
523 1965 769 2035 peritiam
820 1965 1050 2034 adeptus
1091 1962 1285 2030 fuerit,
1345 1963 1493 2018 hunc
1526 1961 1583 2015 in
1617 1959 1751 2030 ipsis
1777 1973 1940 2029 quem

359 2059 704 2130 postulamus
733 2057 983 2113 ordinem
1014 2055 1176 2114 facile
1217 2057 1608 2127 deprehendat,
1640 2068 1802 2125 quem
1843 2065 1943 2106 nos

361 2160 543 2204 tamen
578 2164 874 2220 agnoscere
902 2149 1052 2204 nulla
1086 2149 1297 2204 ratione
1344 2147 1644 2218 possimus.
1681 2164 1699 2197 ι
1750 2141 1944 2197 Hacte-

360 2257 468 2296 nus
515 2241 624 2296 ille.
676 2238 788 2296 Nec
815 2239 1066 2311 absimile
1113 2240 1332 2310 quidem
1358 2248 1442 2296 est
1471 2238 1618 2310 quod
1669 2235 1813 2307 apud
1843 2246 1946 2288 nos

2045 593 2139 645 καὶ
2162 591 2477 663 δικαιοσύνῃ
2505 592 2780 663 ἀποφήνῃ,
2809 593 2946 647 ἀλλὰ
2971 592 3045 663 μὴ
3072 592 3288 663 πλούτῳ
3318 591 3453 663 μηδὲ
3485 591 3627 661 φιλο-

2041 683 2220 754 τιμίᾳ.
2257 682 2444 746 Οὕτως
2464 723 2479 747 ,
2521 677 2566 735 ὧ
2598 682 2758 748 ξένοι,
2796 683 2972 753 ἔγωγε
2999 683 3192 755 ἤθελον
3219 684 3286 737 ἂν
3316 685 3484 754 ὑμᾶς,
3537 681 3628 737 καὶ

2043 771 2124 826 ἔτι
2178 771 2273 827 νῦν
2324 771 2584 842 βούλομαι
2617 770 2929 836 διεξελθεῖν,
2961 771 3080 836 πῶς
3129 775 3187 826 ὲν
3219 775 3332 836 τοῖς
3379 772 3474 826 τοῦ
3510 771 3627 836 Διὸς

2042 864 2355 936 λεγομένοις
2395 864 2599 935 νόμοις,
2625 867 2738 928 τοῖς
2769 881 2830 917 τε
2878 863 2974 918 τοῦ
3018 864 3220 918 Πυθίου
3273 864 3627 928 Ἀπόλλωνος.

2043 953 2137 1017 οὒς
2161 953 2345 1019 Μίνως
2367 970 2427 1006 τε
2460 955 2556 1007 καὶ
2580 953 2897 1025 Λυκοῦργος
2926 954 3137 1028 ἐθέτην,
3169 955 3344 1008 ἔνεστί
3364 973 3424 1008 τε
3452 956 3628 1009 πάντα

2043 1046 2238 1112 ταῦτα,
2295 1046 2391 1100 καὶ
2421 1047 2529 1118 ὅπη
2589 1046 2700 1118 (89)
2734 1045 2887 1111 τάξιν
2942 1046 3202 1118 εἰληφότα
3259 1045 3368 1119 (90)
3407 1047 3630 1119 διάδηλά

2043 1137 2162 1189 ὲστι
2204 1134 2283 1207 τῷ
2329 1137 2458 1207 περὶ
2512 1135 2692 1208 νόμων
2740 1136 3010 1208 ἐμπείρῳ,
3041 1136 3203 1208 τέχνῃ
3257 1154 3316 1190 τε
3351 1138 3445 1191 καί
3493 1156 3630 1192 τισιν

2045 1228 2189 1281 ἔθεσι
2211 1245 2225 1258 ο
2257 1230 2368 1291 τοῖς
2394 1228 2451 1281 δὲ
2475 1227 2655 1292 ἄλλοις
2689 1229 2820 1299 ἡμῖν
2854 1227 2965 1300 (91)
2999 1228 3253 1299 οὐδαμῶς
3295 1231 3412 1282 ἐστι
3462 1247 3630 1282 κατα-

2045 1319 2212 1390 φανῆ.
2255 1338 2274 1372 ι
2309 1318 2418 1372 Καὶ
2448 1314 2580 1390 παρ⁴
2628 1320 2760 1389 ἡμῖν
2791 1319 2848 1372 δὲ
2883 1319 3129 1390 εἴρηται·
3169 1338 3188 1370 ι
3227 1322 3447 1392 Ζητεῖτε
3481 1320 3630 1391 πρῶ-

2043 1429 2135 1465 τον
2157 1412 2255 1482 τὴν
2289 1411 2584 1481 βασιλείαν,
2611 1411 2707 1464 καὶ
2735 1410 3080 1482 δικαιοσύνην
3130 1409 3241 1482 (92)
3266 1452 3280 1475 ,
3313 1412 3408 1467 καὶ
3453 1413 3632 1467 πάντα

2044 1502 2215 1556 ταῦτα
2248 1502 2676 1573 προστεθήσεται
2699 1503 2847 1573 ύμῖν.
2874 1522 2892 1554 t
2928 1502 3089 1555 Ἀλλά
3110 1503 3202 1555 κα)⁹
3221 1504 3465 1574 Μωῦσῆς
3495 1502 3629 1557 πολῦ

2046 1593 2330 1664 πρότερον,
2361 1591 2469 1646 ἀπὸ
2494 1592 2592 1664 τῆς
2621 1595 2748 1664 περὶ
2771 1593 2908 1646 Θεοῦ
2940 1593 3291 1657 διδασκαλίας
3323 1593 3422 1664 τὴν
3455 1595 3630 1665 ἀρχὴν

2045 1683 2432 1754 πεποιημένος,
2467 1683 2596 1754 ἑξῆς
2625 1701 2685 1737 τε
2719 1685 3036 1757 ἐφαρμόσας
3063 1684 3161 1756 τὴν
3187 1686 3306 1739 κατ’
3342 1687 3507 1740 αὑτὸν
3538 1703 3632 1740 πο-

2045 1774 2268 1841 λιτείαν,
2330 1773 2522 1827 καὶτὰ
2570 1775 2700 1845 περὶ
2730 1775 3072 1846 συμϐολαίων
3115 1777 3210 1830 καὶ
3255 1776 3327 1828 τὰ
3381 1779 3511 1848 περὶ
3538 1776 3629 1830 τοῦ

2046 1865 2224 1920 κοινοῦ
2260 1864 2373 1924 βίου
2403 1865 2631 1936 νόμιμα,
2663 1869 2776 1929 τοῖς
2809 1867 2975 1919 πᾶσιν
3007 1866 3275 1939 ἄρχοντας
3312 1867 3409 1920 καὶ
3458 1867 3628 1937 φύλα-

2048 1973 2153 2019 κας
2171 1956 2460 2028 καθίστησι
2485 1958 2614 2022 τοὺς
2641 1956 2721 2028 τῷ
2751 1957 2870 2028 Θεῷ
2904 1958 3267 2029 ίερωμένους,
3300 1959 3378 2023 ὡς
3421 1961 3518 2014 καὶ
3564 1961 3631 2014 τὰ

2048 2048 2205 2118 λόγια
2226 2047 2486 2112 διδάσκει,
2523 2048 2720 2120 ἄνδρας
2767 2049 3037 2116 δικαίους,
3095 2050 3388 2121 μισοῦντας
3426 2053 3632 2124 ὑπερη-

2050 2139 2312 2208 φανείας,
2361 2138 2488 2202 τοὺς
2525 2140 2624 2208 μὲν
2657 2138 2747 2192 διὰ
2783 2141 3120 2210 φρονήσεως,
3153 2141 3281 2205 τοὺς
3310 2140 3368 2193 δὲ
3399 2141 3468 2194 δι’
3503 2141 3631 2211 άλη-

2053 2229 2179 2294 θοῦς
2199 2230 2357 2300 δόξης
2389 2229 2584 2294 ἰόντας.

361 2334 627 2404 scriptum
655 2332 919 2399 habetur,
959 2350 978 2384 ε
1011 2331 1246 2399 Quaerite
1290 2331 1529 2403 primum
1561 2342 1791 2400 regnum
1826 2325 1945 2391 Dei,
1983 2331 2038 2380 et
2054 2322 2324 2394 justitiam
2347 2322 2488 2391 ejus,
2515 2329 2572 2376 et
2604 2322 2720 2378 haec
2754 2323 2940 2379 omnia
2987 2323 3315 2394 adjicientur
3341 2324 3499 2380 vobis
3527 2324 3627 2380 ⁵³.»

361 2423 507 2490 Quin
551 2434 607 2481 et
648 2424 766 2496 ipse
803 2440 1020 2496 quoque
1061 2423 1276 2495 Moyses
1319 2432 1470 2480 tanto
1513 2431 1640 2478 ante
1699 2421 1769 2477 ab
1813 2434 1879 2477 ea
1931 2417 2178 2474 doctrina
2223 2431 2346 2487 quae
2391 2415 2564 2471 Deum
2617 2417 2798 2486 ipsum
2847 2417 3170 2488 praedicaret
3207 2431 3480 2485 exorsus,
3538 2418 3631 2473 ubi

363 2535 476 2575 sua:
517 2519 773 2590 deinceps
821 2519 1133 2589 reipublicae
1164 2519 1421 2584 formam,
1464 2527 1520 2574 et
1565 2515 1832 2590 quidquid
1859 2513 1948 2570 vel
1983 2511 2053 2568 ad
2095 2519 2409 2568 contractus
2441 2518 2705 2576 mutuos,
2750 2511 2836 2566 vel
2880 2510 2951 2566 ad
2984 2512 3295 2566 communis
3355 2511 3485 2565 vitae
3539 2525 3631 2565 ra-

361 2610 538 2666 tiones
585 2621 640 2667 et
689 2612 938 2667 instituta
969 2611 1307 2681 pertinebat,
1338 2612 1407 2666 ad
1443 2611 1576 2666 illud
1609 2608 1943 2682 principium
1983 2613 2109 2677 apte
2158 2612 2636 2672 consentaneeque
2677 2603 2927 2674 digeésit,
2981 2611 3100 2658 tum
3147 2604 3394 2659 omnium
3444 2613 3630 2660 custo-

360 2703 458 2759 des
491 2703 882 2776 praefectosque
933 2712 1102 2770 creat,
1138 2704 1288 2760 viros
1319 2713 1373 2760 et
1432 2703 1538 2776 ipsi
1566 2703 1681 2759 Deo
1713 2708 2090 2765 consecratos,
2123 2705 2180 2754 et
2205 2695 2668 2768 quemadmodum
2715 2695 2995 2766 Scriptura
3040 2703 3295 2760 testatur,
3354 2705 3417 2751 ut
3460 2696 3631 2766 aequi,

361 2804 473 2851 tate
518 2804 858 2866 praestantes,
915 2795 996 2852 sic
1041 2797 1111 2854 ab
1163 2798 1314 2852 omni
1360 2797 1670 2871 arrogantia
1715 2811 1946 2869 prorsus
2011 2793 2258 2860 alienos,
2310 2807 2560 2864 quosque
2604 2792 2804 2863 partim
2855 2792 3180 2864 prudentiae,
3232 2792 3429 2863 partim
3489 2805 3633 2848 vera:

362 2889 540 2946 laudis
567 2890 712 2946 viam
740 2891 1005 2947 institisse
1031 2901 1378 2962 c0gnovcrat.

931 2983 1162 3040 CAPUT
1207 2984 1374 3042 XVII.

361 3077 537 3142 Quam
571 3075 889 3148 privatarum
923 3079 996 3130 sit
1038 3094 1251 3148 pueros,
1277 3096 1309 3131 a
1363 3078 1538 3148 prima
1576 3079 1758 3132 statim
1783 3085 1940 3132 (etate

577 3147 680 3215 piis
709 3147 1068 3218 religiosisque
1098 3147 1331 3202 moribus
1368 3147 1727 3218 assuefacere.

439 3256 459 3288 ι
495 3235 758 3306 Equidem
781 3277 796 3304 ,
828 3238 1008 3308 inquit
1033 3237 1216 3305 Plato,
1254 3239 1334 3293 sic
1365 3247 1565 3308 statuo,
1615 3252 1943 3310 quacunque

363 3344 426 3384 re
451 3337 709 3398 praestare
740 3329 864 3400 quis
895 3330 1025 3385 olim
1059 3340 1112 3386 et
1137 3332 1400 3387 excellere
1430 3331 1683 3397 voluerit,
1717 3332 1771 3386 in
1801 3331 1945 3386 hanc

363 3422 470 3491 ipsi
496 3422 609 3491 jam
632 3420 758 3476 inde
787 3435 819 3475 a
846 3421 1033 3491 pueris
1058 3421 1483 3477 incumbendum
1515 3436 1658 3484 esse,
1695 3430 1858 3492 atque
1887 3422 1944 3476 in

364 3513 436 3568 iis
461 3527 582 3584 quae
602 3527 726 3567 cum
751 3512 840 3567 illa
865 3512 1154 3583 conjuncta
1180 3521 1328 3576 sunt,
1357 3523 1471 3566 tum
1503 3513 1797 3578 lusitando,
1828 3521 1944 3568 tum

365 3607 511 3662 serio
541 3605 893 3676 studioseque
918 3605 1266 3660 versandum.
1301 3604 1511 3676 Quippe
1537 3605 1632 3676 qui
1661 3605 1746 3660 vel
1767 3605 1945 3662 bonus

365 3698 627 3768 agricola,
652 3698 736 3753 vel
771 3697 979 3767 peritus
1011 3697 1344 3754 architectus
1371 3713 1496 3754 esse
1519 3697 1683 3764 volet,
1716 3699 1863 3753 hunc
1888 3698 1945 3753 in

363 3789 665 3859 puerilibus
713 3788 1040 3860 quibusdam
1082 3789 1356 3856 atdiculis,
1407 3790 1559 3845 illum
1607 3789 1663 3845 in
1715 3791 1945 3847 colendo

365 3894 498 3948 agro
533 3880 722 3936 ludere
747 3881 1041 3950 oportebit,
1075 3896 1214 3953 quos
1248 3881 1476 3952 proinde
1504 3883 1599 3952 qui
1631 3882 1946 3939 educandos

366 3971 828 4041 susceperit,eum
862 3985 960 4027 sua
981 3971 1178 4042 cuique
1202 3973 1327 4028 licet
1355 3973 1551 4043 exigua
1583 3975 1830 4043 quaedam
1863 3975 1947 4030 in-

367 4070 692 4129 strumenta,
721 4077 844 4131 quae
874 4078 1000 4118 vera
1032 4064 1124 4119 illa
1156 4063 1438 4118 imitentur
1460 4105 1476 4132 ,
1505 4080 1824 4135 comparare
1851 4082 1946 4122 ne-

365 4170 522 4211 cesse
553 4155 678 4210 erit.
739 4153 1042 4220 Praeterea,
1079 4157 1343 4227 quidquid
1376 4172 1502 4212 eum
1547 4157 1605 4212 in
1630 4159 1792 4213 tinem
1822 4167 1948 4214 ante

367 4249 512 4304 scire
540 4263 676 4317 opus
707 4257 809 4314 est,
840 4249 994 4320 prius
1027 4249 1252 4305 omnino
1283 4250 1700 4319 perdiscendum
1737 4270 1753 4308 :
1779 4260 1840 4307 ut
1864 4250 1951 4306 fa-

367 4341 470 4396 bro
500 4354 772 4396 mensurae
821 4341 1169 4411 amussisque
1199 4342 1439 4398 rationes
1484 4345 1754 4409 tenendae,
1787 4345 1946 4400 militi

367 4447 518 4487 nunc
559 4431 688 4487 ludo
718 4432 1072 4502 equitandum
1101 4471 1117 4498 ,
1170 4449 1318 4488 nunc
1351 4433 1406 4487 id
1439 4449 1609 4504 genus
1641 4436 1788 4490 aliud
1815 4437 1948 4507 quid

2561 2972 2959 3026 ΚΕΦΑΛΑΙΟΝ
3004 2973 3106 3025 ΙΖ¹.

2049 3071 2180 3125 Ὀτι
2199 3067 2393 3124 καλὸν
2422 3065 2491 3131 ἐξ
2520 3064 2607 3119 ἔτι
2629 3065 2773 3130 νέας
2797 3064 3042 3132 ἡλικίας
3073 3062 3220 3128 τοὺς
3254 3061 3475 3126 παῖδας
3506 3059 3630 3126 τοῖς

2265 3137 2378 3209 τῆς
2405 3136 2749 3200 θεοσεϐείας
2779 3135 2985 3192 ἔθεσιν
3009 3133 3413 3204 ἑηυμνάζειν.

2120 3250 2140 3284 ‹
2179 3230 2339 3299 Λέγω
2363 3224 2456 3284 οὖν
2484 3229 2596 3300 (95)
2625 3228 2716 3281 καί
2747 3245 2890 3298 φημι
2914 3227 3005 3280 τὸν
3029 3225 3206 3279 ὁτιοῦν
3231 3224 3434 3293 ἀγαθὸν
3463 3224 3630 3294 ἄνδρα

2047 3323 2307 3397 μέλλοντα
2329 3321 2570 3385 ἔσεσθαι,
2603 3319 2749 3374 τοῦτ’
2783 3319 2916 3374 αὐτὸ
2945 3320 3010 3372 ἐκ
3043 3317 3252 3370 παίδων
3284 3315 3445 3378 εὐθὺς
3477 3317 3631 3386 μελε-

2046 3418 2166 3488 τᾷν,
2201 3414 2470 3479 παίζοντά
2493 3430 2553 3467 τε
2591 3413 2686 3467 καὶ
2708 3411 3076 3477 σπουδάζοντα
3105 3412 3164 3464 έν
3198 3414 3312 3474 τοῖς
3351 3409 3448 3462 τοῦ
3495 3409 3631 3480 πράο

2044 3526 2080 3580 γ
2093 3525 2260 3579 ματος
2285 3505 2514 3560 ἑκάστου
2540 3504 2930 3576 προσήκουσιν.
2953 3499 3078 3557 Οἷον
3092 3502 3181 3556 τὸν
3201 3503 3466 3574 μέλλοντα
3495 3503 3630 3570 ἀγα-

2046 3599 2137 3653 θὺν
2159 3597 2377 3651 ἔσεσθαι
2411 3597 2677 3668 γεωργὸν,
2708 3596 2743 3668 ἦ
2775 3612 2896 3650 τινα
2923 3594 3239 3664 οἰκοδόμονο
3278 3595 3371 3648 τὸν
3413 3595 3516 3665 μὲν
3555 3595 3632 3646 oi-

2046 3687 2382 3760 κοδομοῦντά
2407 3705 2461 3740 τι
2483 3687 2593 3740 τῶν
2629 3685 2896 3740 παιδικῶν
2928 3683 3381 3755 οἰκοδομημάτων
3413 3683 3634 3746 παίζειν

2045 3781 2151 3852 χρή
2171 3796 2185 3809 ο
2215 3779 2308 3834 τὸν
2337 3779 2383 3832 δ’
2429 3775 2497 3832 αὖ
2525 3778 2875 3851 γεωργοῦντα
2897 3793 2912 3809 ο
2968 3777 3062 3831 καὶ
3116 3776 3325 3847 ὄργανα
3386 3775 3633 3846 ἑκατέρῳ

2048 3869 2257 3943 σμικρὰ
2277 3871 2386 3924 τῶν
2409 3868 2678 3939 ἀληθινῶν
2719 3869 3012 3940 μιμήματα
3053 3865 3498 3936 παρασκευάζειν
3541 3867 3632 3918 τὸν

2045 3961 2312 4033 τρέφοντα
2335 3961 2512 4014 αὐτῶν
2541 3959 2820 4033 ἑκάτερον.
2854 3959 2963 4011 Καὶ
2985 3958 3049 4030 δὴ
3079 3957 3174 4011 καὶ
3208 3957 3318 4010 τῶν
3371 3956 3632 4028 μαθημά-

2045 4071 2153 4108 των
2205 4055 2305 4108 ὅσα
2335 4056 2608 4123 ἀναγκαῖα
2642 4051 3148 4124 προμεμαθηκέναι,
3185 4049 3596 4122 προμανθάνειν
3617 4066 3630 4078 ·
3675 4083 3692 4106 ι

2045 4141 2157 4200 οἷον
2186 4145 2414 4199 τέκτονα
2438 4145 2676 4216 μετρεῖν,
2711 4143 2746 4213 ἢ
2781 4140 3156 4212 σταθμᾶσθαι,
3205 4140 3300 4193 καὶ
3335 4140 3638 4211 πολεμικὸν

2049 4237 2298 4291 ἱππεύειν
2331 4237 2612 4301 παίζοντα,
2643 4237 2678 4306 ἠ
2703 4253 2756 4288 τι
2803 4233 2913 4287 τῶν
2953 4232 3211 4286 τοιούτων
3251 4231 3382 4285 ἄλλο
3414 4229 3635 4284 ποιοῦν-

2046 4347 2114 4383 τα
2141 4329 2253 4401 (94)
2276 4347 2290 4361 ·
2315 4330 2412 4383 καὶ
2443 4327 2734 4400 πειρᾶσθαι
2763 4325 2852 4380 διὰ
2899 4325 3006 4379 τῶν
3040 4325 3267 4378 παιδιῶν
3298 4326 3481 4377 ἐκεῖσε
3506 4323 3635 4394 τρέ-

2051 4438 2175 4474 πειν
2200 4421 2300 4484 τὰς
2331 4420 2526 4492 ἡδονὰς
2564 4421 2660 4472 καὶ
2683 4417 2980 4488 ἐπιθυμίας
3011 4416 3118 4470 τῶν
3147 4416 3354 4469 παίδων
3379 4455 3395 4480 ,
3425 4409 3487 4468 οἷ
3510 4416 3637 4484 ἀφι-

367 4524 708 4581 actitandum
739 4543 752 4580 :
784 4540 1030 4595 prorsus,
1065 4533 1127 4579 ut
1149 4525 1269 4596 ipso
1293 4541 1514 4597 quoque
1547 4528 1702 4584 lusus
1728 4505 1944 4600 genere,

2052 4510 2316 4580 κομένους
2351 4509 2548 4573 αὐτοὺς
2571 4508 2653 4561 δεῖ
2673 4507 2827 4571 τέλος
2849 4508 3012 4578 ἔχειν.
3053 4507 3365 4576 Κεφάλαιον
3397 4505 3458 4559 δὲ
3507 4522 3637 4558 παι-

366 4617 675 4689 voluptates
706 4633 773 4674 eo
803 4618 1241 4690 cupiditatesque
1272 4636 1568 4690 puerorum
1605 4621 1823 4679 ﬂectere
1850 4640 1947 4680 co-

366 4726 584 4776 nemur,
616 4726 727 4782 quo
755 4711 976 4767 tandem
1007 4727 1103 4769 eos
1130 4719 1392 4784 tanquam
1421 4715 1489 4770 ad
1518 4715 1681 4772 ﬁnem
1706 4717 1950 4788 aspirare

439 4852 488 4884 "
529 4850 722 4908 Matth.
754 4869 832 4920 vr,
865 4853 954 4908 55.

368 4965 586 5036 opinor,
615 4966 784 5035 gloria
815 4976 922 5030 est,
970 4967 1142 5021 multa
1187 4969 1332 5022 enim
1361 4967 1517 5022 Plato
1543 4967 1611 5023 de
1657 4969 1817 5024 laude
1846 4969 1947 5024 ho-

369 5038 542 5090 nestis
579 5037 889 5092 actionibus
929 5037 1218 5108 tribuenda
1257 5039 1664 5108 disputaverat,
1704 5040 1949 5108 adeoque

370 5109 616 5174 proxime
656 5116 782 5163 ante
828 5108 1096 5175 κατιδών,
1159 5107 1214 5162 in
1267 5107 1652 5179 eo’praecipue
1698 5107 1948 5165 versatus

368 5187 504 5230 erat.

592 5246 746 5320 Plato
771 5249 895 5302 add.
931 5248 1072 5302 τινά.

441 5316 553 5390 (90)
600 5318 776 5383 Τάξιν
807 5321 1117 5390 εἰληφότα.
1169 5316 1339 5390 Hicin.
1361 5359 1377 5384 ,
1407 5327 1458 5374 et
1491 5335 1724 5390 quonam
1763 5319 1947 5374 ordine

369 5389 542 5455 posita
595 5399 812 5456 pateant
871 5388 984 5452 illi,
1027 5398 1133 5443 etc.
1190 5387 1415 5455 Vereor,
1476 5387 1538 5444 ut
1595 5389 1838 5446 Platonis
1879 5406 1947 5444 ex

371 5466 572 5530 mente.
599 5457 722 5512 Haec
745 5458 890 5513 enim
917 5475 984 5514 ex
1015 5459 1763 5530 superioribusintelligenda
1793 5470 1942 5526 sunt,

372 5528 464 5579 ubi
495 5527 563 5580 de
601 5530 792 5583 ordine
811 5571 826 5592 ,
857 5544 968 5598 quo
999 5527 1164 5586 statui
1195 5531 1340 5599 leges
1368 5527 1674 5599 oporteret,
1704 5531 1948 5594 disputa-

373 5608 487 5668 tum
537 5608 694 5651 erat:
731 5613 892 5668 quem
944 5600 1059 5668 ipse
1112 5601 1358 5656 ordinem
1400 5602 1453 5654 in
1502 5600 1843 5656 Cretensium
1893 5609 1949 5655 et

375 5666 910 5724 Lacedzemoniorum
957 5666 1167 5740 legibus
1195 5671 1393 5740 aperiri
1420 5671 1606 5736 vellet,
1639 5673 1732 5740 qui
1759 5671 1947 5740 peritis

377 5743 538 5811 notus
582 5753 645 5792 ac
685 5751 1000 5808 perspectus
1047 5741 1372 5809 haberetur,
1422 5742 1546 5797 aliis
1594 5753 1774 5797 tamen
1820 5756 1943 5811 per-

377 5806 641 5862 obscurus
666 5806 828 5863 esset:

2047 4598 2194 4662 δείας
2247 4597 2477 4668 λέγομεν
2521 4598 2622 4669 τὴν
2680 4595 2846 4669 ὀρθὴν
2876 4595 3084 4668 τροφὴν
3106 4635 3120 4659 ,
3148 4596 3182 4666 ἥ
3215 4595 3312 4648 τοῦ
3346 4595 3637 4660 παίζοντος

2047 4688 2145 4761 τὴν
2180 4687 2358 4760 ψυχὴν
2385 4689 2466 4752 εἰς
2497 4687 2676 4760 έρωτα
2696 4687 2777 4740 ὅτι
2799 4685 3033 4756 μάλιστα
3056 4684 3172 4752 ἄξει
3206 4683 3420 4748 τούτου,
3460 4683 3488 4736 ὃ
3511 4683 3636 4754 δεή-

2120 4969 2234 5042 (91)
2276 4970 2530 5042 Ἀλλοις
2563 4967 2726 5038 ἡμῖν.
2761 4967 3040 5042 Prorsus,
3071 4975 3131 5019 ut
3169 4978 3273 5018 nos
3312 4962 3630 5042 veru-acula

2047 5042 2080 5095 ὰ
2108 5031 2239 5095 iiou's
2266 5049 2466 5094 autres.
2496 5031 2670 5104 ῥυείη
2704 5040 2869 5094 etiam
2893 5031 3228 5092 idiotismum
3261 5033 3417 5104 apud,
3437 5031 3636 5086 Demo-

2049 5113 2296 5167 sthenem
2332 5124 2442 5163 non
2471 5103 2642 5163 semel
2669 5110 2834 5178 leges,
2866 5117 2926 5162 ut
2946 5109 3012 5178 in
3049 5104 3324 5178 diediana,
3350 5103 3466 5178 τῶν
3500 5103 3632 5155 ἴσων

2048 5182 2108 5234 ού
2157 5181 2372 5250 μετεῖχε
2401 5179 2514 5250 τοῖς
2545 5171 2906 5250 ἄλλοιξήμῖν.
2941 5177 3026 5250 id1
3049 5175 3203 5250 Plato
3245 5175 3301 5227 in
3349 5171 3631 5250 Thefeteto,

2047 5243 2260 5338 ἡμῖίιδὲ
2285 5243 2634 5338 uisscias
2657 5243 2934 5338 ,ῖτξέῖἒτῆς
2968 5247 3067 5317 σῆς
3103 5244 3370 5315 κρίσεωςν
3401 5243 3633 5313 πότερον

2047 5319 2148 5374 οὐκ
2169 5320 2284 5392 έστι
2308 5322 2522 5392 κριταῖς
2550 5319 2836 5392 γενέσθαι;
2924 5387 2935 5392 _
3003 5386 3025 5392 _
3257 5383 3268 5392 _
3483 5382 3498 5392 _
3535 5383 3547 5392 _
3572 5382 3602 5392 η

2121 5390 2232 5463 (92)
2256 5382 2398 5463 fil"?
2436 5382 2798 5463 βαᾲινζείαγ,
2823 5382 3416 5463 κᾳὶῌδικαιρσιξνην,
3469 5382 3635 5463 Δάφ-

2048 5453 2427 5532 ὀίεέείβασιλ.
2475 5458 2569 5512 τοῦ
2611 5457 2770 5525 Θεοῦ,
2815 5457 2912 5511 καὶ
2953 5456 3062 5510 δικ.
3109 5453 3306 5519 αὑτοῦ,
3345 5464 3402 5508 ut
3449 5466 3537 5508 est
3575 5453 3633 5507 in

2048 5532 2366 5586 Evanaelio.

2047 5549 2451 5730 Ξίῗὲξθιῖέγω
2494 5593 2631 5654 οὖν.
2669 5597 2862 5668 Plato,
2915 5597 3013 5654 lib.
3066 5611 3084 5652 ι
3129 5592 3295 5665 Leg.,
3353 5609 3479 5666 pag.
3529 5590 3633 5647 572

2095 5688 2246 5728 lcml.

2095 5688 2246 5728 lClDl.

2121 5743 2235 5799 (Ml
2272 5741 2451 5810 Plato,
2485 5740 2678 5804 ποιεῖς.
