3826 6232
214 347 318 407 ’981

1363 356 1692 414 ΡΒᾹΞΡΛΒ.
1735 356 1986 420 EVANG.
2029 362 2158 421 LIB.
2199 364 2313 420 XII.

3389 362 3495 420 981

219 488 305 526 σει
334 470 623 543 γενόμενον
647 471 816 545 ἄνδρα
847 474 1008 529 αὐτὸν
1033 475 1236 531 τέλειον
1263 471 1400 532 εἷναι
1426 479 1528 549 τῆς
1551 480 1646 534 τοῦ
1668 482 1792 553 πρά-

1912 485 2211 555 cupiamus.
2271 483 2450 558 Caput
2495 487 2640 544 enim
2690 483 2994 556 disciplinae
3051 479 3234 536 omnis
3286 487 3493 534 rectam

216 582 428 636 γματος
445 565 666 638 ἀρετῆς.
696 586 714 618 ι
738 569 848 622 Καὶ
866 569 1025 623 τοῦτο
1043 569 1332 642 προλαϐὼν
1352 572 1612 644 Μωῦσῆς,
1630 575 1814 645 ἐνομο-

217 654 446 727 θέτησεν
473 657 711 728 εἰρηκώς
734 675 748 688 ο
778 678 796 709 ι
833 661 942 714 Καὶ
971 659 1123 714 ἔσται
1152 662 1220 715 τά
1252 663 1477 734 ῥήματα
1502 662 1678 718 ταῦτα
1705 665 1808 719 ὅσα

214 745 330 815 ἐγὼ
357 747 670 819 ἐντέλλομαί
697 767 780 803 σοι
806 752 1067 822 σήμερον,
1096 754 1155 806 ὲν
1181 756 1247 825 τῇ
1271 754 1470 827 καρδίᾳ
1504 772 1598 809 σου
1632 756 1726 810 καὶ
1747 757 1808 810 ὲν

213 839 284 909 τῇ
315 838 462 911 ψυχῇ
505 856 620 904 σου,
656 842 751 894 καὶ
777 843 1131 913 προϐιϐάσεις
1159 846 1298 900 αὐτὰ
1328 849 1442 911 τοῖς
1471 848 1608 912 υίοῖς
1632 865 1748 903 σου.
1778 867 1800 904 ι

220 930 290 982 Ὃ
311 928 376 1001 δὴ
404 931 498 984 καὶ
519 933 779 1003 πράττειν
801 933 1030 1006 σύνηθες
1051 937 1240 990 παισὶν
1273 938 1639 1011 Ἐϐραίων,·ἐξ
1663 941 1804 995 ἁπα-

213 1024 314 1095 λῆς
341 1024 556 1095 ἡλικίας
577 1026 701 1090 τοὺς
728 1026 881 1090 νέους
901 1029 1147 1093 ἅπαντας
1183 1033 1297 1094 τοῖς
1343 1031 1445 1101 τῆς
1491 1031 1804 1097 θεοσεϐείας

213 1117 584 1188 παιδεύμασιν
624 1119 1006 1191 ἀνατρέψουσι.
1060 1121 1232 1175 Τοῦτο
1282 1123 1338 1176 δὲ
1366 1124 1460 1179 καὶ
1507 1127 1587 1190 είς
1620 1124 1802 1196 δεῦρο,

213 1211 361 1265 κατά
390 1230 444 1264 τι
473 1211 700 1283 πάτριον
722 1211 861 1279 ἔθος,
886 1212 1039 1286 παρὰ
1068 1213 1148 1286 τῷ
1188 1216 1456 1274 Ἰουδαίων
1479 1217 1622 1273 ἔθνει
1640 1236 1803 1274 σπου-

211 1302 457 1368 δάζεται.

1911 577 2292 635 educationem
2338 597 2463 638 esse
2514 581 2899 643 defendimus,
2953 590 3075 648 quat
3127 574 3211 629 vel
3255 572 3494 627 ludentis

1913 671 2155 726 animum
2205 672 2262 726 in
2300 672 2422 742 ejus
2448 676 2527 729 rei
2556 689 2801 730 amorem
2836 671 3094 727 facillime
3120 666 3399 738 perducet,
3436 665 3494 719 in

1909 778 2019 834 qua
2039 763 2218 818 virum
2250 765 2382 820 olim
2413 781 2628 822 summa
2659 781 2783 821 cum
2807 762 3067 834 facultate
3096 776 3160 816 ac
3188 759 3347 814 laude
3371 773 3493 812 ver-

1909 832 2021 908 sari
2058 854 2383 924 oportebit.»
2432 854 2590 927 591
2627 855 2708 912 Ita
2735 832 2909 910 Plato.
2977 852 3134 920 Quod
3171 853 3348 921 ipsum
3376 849 3492 918 jam

1910 953 2038 1000 ante
2064 943 2280 1018 Moyses
2322 956 2706 1018 occupaverat,
2731 961 2856 1002 cum
2895 945 2972 1000 ita
2999 941 3281 1013 conceptis
3307 939 3492 995 verbis

1911 1013 2173 1090 statuerit
2201 1055 2216 1092 :
2257 1055 2277 1089 ι
2312 1013 2596 1109 Ειιιιηιίμῖο
2627 1013 2792 1094 verba
2822 1039 2960 1104 haec,
2991 1050 3115 1107 quae
3156 1047 3259 1106 ego
3299 1031 3494 1102 praeci-

1909 1128 2002 1199 pio
2033 1129 2130 1184 tibi
2173 1129 2358 1197 hodie,
2390 1129 2446 1186 in
2478 1131 2644 1188 corde
2670 1139 2798 1198 tuo,
2846 1139 2901 1186 et
2940 1130 2996 1185 in
3032 1127 3213 1184 anima
3257 1134 3385 1189 tua,
3437 1132 3492 1180 et

1909 1219 2164 1278 narrabis
2188 1237 2253 1278 ea
2274 1222 2402 1278 filiis
2433 1223 2542 1280 tuis
2566 1223 2636 1278 “.
2663 1241 2682 1275 ι
2706 1222 2878 1290 Quem
2911 1236 3043 1279 sane
3078 1234 3284 1275 morem
3305 1217 3492 1288 junio-

1903 1327 1994 1367 res
2043 1328 2235 1370 omnes
2282 1315 2501 1384 pietatis
2551 1330 2616 1372 ac
2659 1315 2940 1386 religionis
2979 1311 3266 1385 prmeeptis
3317 1308 3490 1365 infor-

213 1397 424 1464 mandi,
452 1405 505 1452 et
522 1397 637 1466 jam
661 1397 790 1453 olim
820 1395 1035 1456 Hebraei
1081 1407 1395 1467 tenuerunt,
1450 1412 1504 1459 et
1561 1402 1848 1473 hucusque
1883 1411 2144 1475 tauquam
2192 1408 2431 1476 patrium
2484 1408 2705 1479 aliquod
2750 1408 3060 1463 institutum
3100 1403 3287 1460 Iudaea
3340 1401 3491 1456 natio

214 1507 434 1548 summa
465 1492 746 1563 diligentia
774 1493 1064 1564 studioque
1095 1504 1408 1552 conservat.

723 1585 1121 1640 ΚΕΦΑΛΔΙΟΝ
1175 1587 1282 1639 IH'.

212 1674 346 1751 Ὀτι
379 1675 656 1751 παιδείαν
687 1676 806 1746 χρὴ
837 1677 1336 1751 μόνην-ἡγεῖσθαι
1376 1679 1493 1750 τὴν
1533 1683 1622 1746 εἰς
1661 1681 1796 1751 dpe-

281 1745 398 1814 τὴν
427 1745 844 1816 προάγουσαν·
871 1749 1008 1817 οὐχὶ
1033 1745 1242 1873 adﬁg-
1259 1752 1348 1815 είς
1373 1745 1794 1823 χρηματισμὸν

282 1816 323 1873 ἤ
354 1833 489 1870 τινα
509 1818 975 1873 βιοποοιστικὴν
1003 1819 1174 1873 ἐπιτή
1216 1835 1414 1873 ευσιν.

282 1816 323 1886 ἢ
354 1833 489 1870 τινα
509 1816 978 1888 ,ϐιοποριστικὴν
1003 1816 1414 1887 ἐπιτήδευσιῆ

292 1995 310 2028 ι
335 1975 428 2048 Μὴ
451 1977 633 2031 τοίνυν
649 1978 760 2048 (95)
787 1979 923 2052 μηδὲ
941 1981 971 2034 δ
997 1980 1232 2053 λέγομεν
1252 1980 1391 2038 εἶναι
1409 1984 1678 2050 παιδείαν,
1697 1986 1790 2040 ἀό-

211 2086 398 2140 ριστον
414 2070 659 2142 γένηται.
690 2071 804 2126 Νῦν
834 2073 944 2145 γάρ
969 2073 1318 2141 ὀνειδίζοντες
1343 2078 1695 2142 ἐπαινοῦντές
1735 2096 1794 2133 τε

209 2161 459 2215 ἑκάστων
488 2162 588 2225 τὰς
603 2163 829 2234 τροφὰς,
861 2165 1112 2238 λέγομεν,
1137 2167 1214 2232 ὡς
1234 2169 1327 2223 τὸν
1374 2171 1475 2241 μὲν
1497 2172 1785 2226 πεπαιδευ-

212 2253 375 2322 μένον
396 2253 554 2323 ἡμῶν
577 2255 686 2325 (96)
714 2256 844 2310 ὄντα
863 2257 1007 2324 τινὰ,
1037 2259 1131 2313 τὸν
1154 2259 1212 2313 δὲ
1234 2262 1558 2316 ἀπαίδευτον
1575 2303 1590 2326 ,
1621 2265 1793 2318 ἐνίοτε

208 2343 291 2406 είς
311 2343 423 2415 (9'7)
453 2361 512 2399 τε
536 2346 637 2409 τὰς
655 2348 981 2420 καπηλείας,
1006 2351 1100 2404 καὶ
1122 2353 1476 2425 ναυκληρίας,
1501 2355 1595 2409 καὶ
1618 2355 1794 2410 ἀλλων

207 2435 374 2488 τινῶν
398 2437 652 2493 τοιούτων
682 2438 917 2510 μάλιστα
956 2441 1067 2512 (98)
1097 2444 1545 2516 πεπαιδευμένων
1589 2445 1794 2516 σφόδρα

206 2525 532 2598 ἀνθ
559 2529 635 2582 Ού
661 2529 771 2602 γάρ
789 2531 964 2586 ταῦτα
982 2534 1320 2604 ἡγουμένων,
1335 2535 1412 2599 ὡς
1430 2534 1627 2600 ἔοικεν,
1653 2532 1794 2592 εῖναι

207 2619 463 2673 παιδείαν
490 2620 600 2691 (99)
621 2623 650 2675 ό
673 2622 766 2677 νῦν
787 2623 944 2692 λόγος
968 2623 1035 2678 ἂν
1057 2625 1142 2698 είη
1167 2643 1180 2656 ·
1202 2627 1303 2698 τὴν
1333 2627 1392 2681 δὲ
1417 2628 1556 2700 πρὸς
1589 2629 1794 2703 ἀρετὴν

205 2711 273 2764 ἐκ
321 2713 531 2766 παίδων
569 2714 840 2781 παιδείαν,
900 2717 1160 2772 ποιοῦσαν
1211 2719 1556 2792 ἐπιθυμητήν
1606 2739 1666 2774 τε
1699 2722 1793 2776 καὶ

205 2804 450 2876 ἐραστὴν
478 2805 573 2860 τοῦ
595 2806 818 2880 πολίτην
838 2809 1092 2878 γενέσθαι
1116 2810 1299 2866 τέλεον
1318 2852 1334 2875 ,
1369 2813 1557 2884 ἄρχειν
1597 2830 1660 2866 τε
1698 2814 1794 2868 καὶ

207 2897 473 2968 ἄρχεσθαι
495 2900 856 2971 ἐπιστάμενον
878 2905 1015 2973 μετὰ
1033 2903 1206 2976 δίκης.
1229 2905 1448 2977 Ταύτην
1464 2905 1564 2978 τὴν
1584 2907 1794 2979 τροφὴν

206 2988 614 3061 ἀφορισάμενος
643 2994 673 3046 ό
713 2994 870 3064 λόγος
909 2986 1085 3060 οὗτος,
1109 2997 1184 3062 ὡς
1231 2997 1356 3067 ἐμοὶ
1394 2998 1643 3068 φαίνεται
1687 2999 1789 3070 (I),

208 3079 308 3134 νῦν
343 3081 570 3152 βούλοιτ’
599 3085 666 3138 ἂν
694 3087 862 3158 μόνην
885 3088 1134 3144 παιδείαν
1171 3090 1602 3163 προσαγορεύειν
1623 3109 1638 3122 ·
1692 3091 1792 3164 τὴν

206 3175 267 3228 δὲ
292 3175 374 3237 εἰς
405 3176 665 3245 χρήματα
694 3177 992 3245 τείνουσαν,
1015 3180 1050 3252 ἧ
1076 3198 1200 3236 τινα
1224 3182 1361 3254 πρὸς
1407 3184 1580 3255 ἰσχὺν,
1623 3183 1657 3256 ἢ
1697 3183 1792 3238 καὶ

209 3267 350 3339 πρὸς
373 3267 538 3337 ἄλλην
560 3267 680 3321 τινὰ
703 3269 894 3339 σοφίαν
925 3273 1052 3326 ἄνευ
1076 3272 1167 3326 νοῦ
1190 3276 1284 3328 καὶ
1310 3275 1485 3348 δίκης,
1527 3277 1792 3348 βάναυσόν

204 3377 267 3413 τε
300 3355 559 3414 εἶναικαὶ
586 3362 966 3434 ἀνελεύθερον,
1009 3365 1105 3418 καὶ
1145 3367 1246 3420 οὐκ
1279 3367 1438 3434 ἀξίαν
1469 3371 1792 3442 τοπαράπαν

206 3452 463 3506 παιδείαν
483 3453 778 3509 καλεῖσθαι.
825 3456 1014 3526 Ἡμεῖς
1049 3458 1108 3511 δὲ
1151 3460 1317 3530 μηδὲν
1359 3461 1582 3534 ὀνόματι
1607 3463 1794 3534 διαφε-

208 3541 436 3614 ρώμεθα
457 3545 660 3611 αὐτοῖς,
683 3547 798 3602 ἀλλ’
822 3549 852 3600 ὁ
874 3547 970 3602 νῦν
995 3548 1058 3621 δὴ
1084 3549 1242 3620 λόγος
1274 3554 1407 3625 ἡμῖν
1439 3555 1793 3629 ὁμολογηθεὶς

208 3635 422 3704 μενέτω
440 3653 454 3666 ο
484 3637 558 3701 ὡς
582 3639 637 3692 οῖ
662 3657 725 3708 γε
756 3640 934 3712 ὀρθῶς
973 3645 1396 3716 πεπαιδευμένοι
1429 3647 1616 3719 σχεδὸν
1654 3649 1794 3718 ἀγα-

205 3724 294 3779 Ool.
315 3727 574 3794 γίνονται.
599 3730 710 3783 Καὶ
724 3730 805 3784 δεῖ
821 3733 884 3805 δὴ
906 3735 1005 3805 τὴν
1032 3736 1280 3790 παιδείαν
1310 3739 1559 3810 μηδαμοῦ
1595 3741 1794 3812 ἀτιμά-

203 3815 345 3883 ζειν,
373 3818 450 3882 ὡς
476 3819 692 3892 πρῶτον
709 3822 818 3877 τῶν
839 3825 1138 3881 καλλίστων
1159 3831 1273 3893 τοῖς
1295 3829 1540 3901 ἀρίστοις
1567 3833 1793 3904 ἀνδράσι

205 3914 680 3984 παραγιγνόμενον
699 3932 714 3946 ·
746 3917 840 3970 καὶ
873 3917 1077 3973 εἴποτε
1114 3921 1432 3993 ἐξέρχεται,
1472 3923 1698 3979 δυνατὸν
1734 3925 1796 3979 δέ

203 4005 326 4056 ἐστι
347 4005 488 4058 κατὰ
507 4005 733 4078 δύναμιν
766 4008 841 4078 (2)
876 4011 1329 4084 ἐπανορθοῦσθαι,
1365 4032 1525 4069 τουτο
1551 4017 1636 4070 ἀεὶ
1664 4017 1793 4089 δρα-

204 4093 367 4147 στέον
393 4094 481 4148 διὰ
506 4095 622 4166 βίου
657 4100 820 4152 παντὶ
848 4101 992 4154 κατὰ
1009 4101 1258 4175 δύναμιν.
1297 4124 1315 4156 ι
1348 4106 1460 4160 Καὶ
1481 4107 1542 4160 ἐν
1565 4107 1643 4179 τῷ
1670 4108 1792 4163 δευ-

201 4183 353 4254 τέρῳ
370 4183 427 4238 δέ
452 4184 560 4238 τῶν
580 4187 792 4257 Νόμων
815 4191 1058 4260 ἐπιλέγει
1079 4210 1092 4223 ⁸
1132 4212 1152 4246 ι
1181 4195 1437 4250 Παιδείαν
1463 4196 1538 4270 (3)
1558 4199 1622 4270 δὴ
1651 4199 1794 4270 λέγω

202 4274 309 4346 τὴν
350 4277 794 4351 παραγινομένην
829 4281 1044 4352 πρῶτον
1075 4286 1263 4341 παισὶν
1313 4289 1536 4361 ἀρετήν.
1599 4291 1794 4363 Ἡδονὴ

200 4367 284 4430 δὲ,
311 4369 408 4422 καὶ
437 4369 607 4438 φιλία,
637 4372 731 4425 καὶ
750 4372 918 4444 λύπη,
951 4373 1045 4428 καὶ
1074 4379 1227 4446 μῖσος
1258 4377 1354 4432 ἐὰν
1383 4380 1560 4451 ὀρθῶς
1595 4382 1654 4435 ἐν
1691 4382 1793 4453 ψυ-

202 4463 331 4530 χαῖς
373 4463 754 4531 ἐγγίγνωνται,
811 4465 979 4538 μήπω
1015 4465 1329 4539 δυναμένων
1379 4470 1537 4540 λόγον
1585 4471 1793 4545 λαμϐά-

2467 1588 2700 1646 CAPUT
2735 1587 2923 1644 XVIII.

1902 1677 2043 1734 Eam
2076 1682 2248 1736 solum
2279 1683 2537 1738 doctrinae
2569 1683 2684 1737 loco
2712 1681 3068 1743 statuendam,
3103 1693 3222 1749 qua:
3250 1678 3388 1749 uiam
3419 1676 3488 1730 ad

1976 1752 2223 1822 uirtutem
2252 1756 2495 1819 muniat;
2524 1770 2626 1807 non
2658 1763 2833 1806 autem
2865 1768 3002 1814 eam,
3037 1748 3155 1822 qua:
3189 1748 3268 1804 vel
3292 1764 3490 1822 ougen-

1970 1821 2331 1945 die‘pecunitz,
2369 1825 2448 1880 vel
2469 1823 2713 1893 parando
2741 1823 2902 1878 victui
2931 1819 3138 1894 quoquo
3179 1819 3335 1874 modo
3376 1833 3490 1872 ser-

1971 1908 2058 1945 vta
2087 1934 2101 1945 .

1971 1908 2101 1948 υιαι.

1977 2003 1997 2037 ι
2033 1985 2350 2044 Cavendum
2380 1988 2434 2044 id
2459 2001 2624 2059 porro
2656 1985 2836 2051 nobis,
2863 1985 3041 2056 inquit
3068 1983 3270 2040 ibidem
3303 1978 3482 2047 Plato,

1901 2097 1972 2138 ne
2002 2080 2306 2151 disciplinae
2347 2095 2547 2136 nomen
2579 2078 2856 2134 infinitum
2889 2076 3023 2147 quid
3054 2089 3279 2130 manere
3305 2071 3486 2144 patia-

1901 2188 2046 2228 mur.
2103 2169 2262 2229 Nunc
2292 2171 2463 2238 enim,
2515 2171 2648 2227 dum
2695 2171 2967 2242 cujusque
2989 2175 3084 2223 aut
3111 2167 3487 2236 vituperamus

1900 2264 2304 2329 educationem,
2338 2273 2432 2318 aut
2462 2262 2754 2319 laudamus
2774 2303 2790 2330 ,
2821 2262 2897 2317 ita
2927 2259 3080 2330 loqui
3112 2259 3388 2320 solemus,
3428 2263 3488 2310 ut

1901 2356 2069 2411 alium
2108 2355 2392 2426 disciplina
2415 2355 2716 2423 excultum,
2734 2353 2982 2425 ejusdem
3009 2361 3285 2421 expertem
3317 2347 3485 2403 alium

1901 2460 2025 2502 esse
2057 2445 2330 2514 dicamus,
2365 2447 2584 2502 tametsi
2632 2461 2700 2503 ex
2727 2460 2922 2502 eorum
2950 2443 3222 2500 interdum
3255 2453 3486 2496 numero

1901 2539 1994 2603 sit,
2026 2538 2122 2608 qui
2157 2539 2237 2594 vel
2268 2538 2638 2610 cauponariaz,
2665 2537 2752 2594 vel
2776 2535 3147 2601 naviculariae,
3176 2539 3262 2589 vel
3286 2531 3485 2589 similis

1901 2629 2126 2685 alterius
2155 2629 2293 2686 artis
2331 2629 2652 2699 peritissimi
2686 2627 3015 2684 habeantur.
3063 2625 3356 2680 Enimvero
3383 2622 3482 2685 ita,

1899 2736 2024 2778 meo
2045 2721 2253 2792 judicio
2273 2762 2290 2789 ,
2325 2721 2476 2794 loqui
2505 2722 2778 2786 solemus,
2818 2719 2968 2792 quod
2996 2733 3107 2774 non
3137 2717 3348 2773 artibus
3376 2715 3485 2772 illis

1900 2811 2204 2882 disciplinae
2235 2825 2434 2866 nomen
2458 2809 2805 2866 tribuendum
2832 2815 3109 2880 putemus,
3140 2805 3235 2861 sed
3265 2805 3317 2860 ei
3343 2804 3484 2863 dun-

1899 2911 2070 2972 taxat,
2099 2917 2224 2973 quae
2251 2917 2377 2958 cum
2401 2902 2680 2958 hominem
2707 2915 2740 2956 a
2770 2899 2956 2971 pueris
2976 2897 3044 2954 ad
3064 2897 3323 2952 virtutem
3349 2909 3480 2950 eru-

1899 2996 2035 3062 diat,
2069 3003 2184 3050 tum
2219 2994 2416 3051 efﬁciat
2462 2996 2580 3066 ipsa
2609 3007 2830 3065 quoque
2863 2999 2922 3046 ut
2964 2990 3107 3046 idem
3131 2998 3187 3045 et
3210 2985 3490 3059 perfectus

1898 3085 2032 3143 olim
2061 3086 2199 3143 civis
2242 3085 2475 3142 evadere
2504 3084 2708 3154 cupiat,
2737 3089 2792 3138 et
2835 3097 2960 3138 cum
2992 3080 3248 3152 atquitate
3271 3077 3354 3134 vel
3380 3077 3484 3131 im-

1897 3193 2092 3250 perare
2133 3178 2219 3234 vel
2258 3191 2453 3248 parere
2481 3176 2713 3232 noverit.
2769 3173 2887 3230 Hoc
2915 3171 3255 3229 educationis
3284 3183 3484 3241 genus,

1897 3281 1958 3326 ut
1978 3269 2112 3325 mihi
2141 3269 2360 3340 quidem
2395 3268 2731 3339 persuadeo,
2761 3264 3070 3322 communis
3099 3263 3203 3318 iste
3226 3259 3482 3333 loquendi

1894 3365 2094 3422 modus
2149 3364 2372 3436 proprie
2419 3363 2700 3434 designat,
2746 3360 2908 3431 eique
2943 3367 3153 3414 tantum
3184 3358 3280 3412 uni
3311 3355 3481 3411 disci-

1893 3457 2058 3528 plina:
2097 3457 2515 3529 appellationem
2552 3453 2804 3511 attribuit
2837 3471 2852 3507 :
2888 3467 3010 3522 quae
3049 3460 3232 3506 autem
3271 3449 3357 3504 vel
3384 3461 3489 3519 pa—

1894 3550 2081 3607 randae
2105 3551 2384 3622 pecuniae,
2433 3549 2519 3607 vel
2565 3548 2830 3621 augendis
2859 3547 3104 3614 viribus,
3133 3545 3220 3601 vel
3261 3543 3485 3600 cuilibet

1895 3643 1987 3698 alii
2013 3643 2226 3715 peritiae
2256 3658 2288 3698 a
2323 3642 2524 3700 mentis
2567 3651 2626 3698 et
2652 3640 2927 3712 mquitatis
2957 3638 3236 3696 consortio
3269 3637 3483 3708 disjun-

1894 3744 1996 3792 ctze
2023 3736 2247 3800 serviat,
2284 3736 2550 3807 plebeiam
2577 3743 2633 3790 et
2666 3735 3009 3799 illiberalem,
3042 3733 3287 3803 adeoque
3316 3731 3484 3786 disci-

1894 3829 2059 3900 plinae
2087 3829 2311 3884 nomine
2333 3842 2564 3899 prorsus
2589 3827 2868 3899 indignam
2893 3841 3016 3882 esse
3037 3825 3249 3881 statuit.
3278 3822 3483 3880 Verum

1896 3937 1999 3978 nos
2031 3937 2166 3978 sane
2212 3921 2420 3977 nullam
2453 3920 2524 3976 iis
2554 3920 2984 3976 controversiam
3031 3918 3272 3974 nominis
3318 3917 3486 3987 hujus

1896 4029 2065 4072 causa
2097 4027 2457 4071 moveamus:
2492 4021 2714 4068 maneat
2741 4013 2794 4068 id
2821 4012 2982 4069 modo
3008 4019 3196 4068 nostra
3234 4009 3484 4066 omnium
3595 4062 3611 4078 ,

1897 4105 2246 4163 confessione
2273 4115 2506 4170 certum,
2530 4105 2625 4177 qui
2657 4113 2804 4162 recte
2831 4105 3048 4162 educati
3077 4120 3106 4160 a
3128 4105 3302 4175 prima
3325 4111 3485 4159 aetate

1895 4197 2142 4265 fuerint,
2194 4211 2292 4254 eos
2343 4205 2404 4252 ut
2443 4195 2742 4266 plurimum
2798 4196 2948 4252 viros
3001 4195 3176 4250 bonos
3227 4195 3478 4251 evadere.

1895 4290 2078 4358 Quare
2099 4290 2410 4346 nullatenus
2439 4304 2681 4359 unquam
2706 4287 3024 4360 negligenda
3046 4285 3332 4357 disciplina
3362 4285 3482 4341 fue-

1895 4385 2002 4449 rit,
2037 4399 2161 4440 cum
2194 4397 2263 4439 ex
2309 4383 2459 4438 omni
2513 4397 2696 4438 rerum
2749 4380 3327 4452 praestantissimarum
3377 4396 3481 4434 nu-

1897 4489 2070 4543 mero,
2102 4474 2278 4545 prima
2302 4473 2392 4528 illa
2427 4473 2562 4528 viris
2588 4473 2813 4543 optimis
2846 4481 3046 4543 praesto
3084 4472 3176 4540 sit,
3225 4486 3482 4542 operam-

201 4570 323 4605 νειν
349 4553 462 4624 (4)⁶
490 4553 760 4610 λαϐόντων
801 4557 858 4610 δὲ
904 4558 998 4611 τὸν
1041 4558 1220 4628 λόγον,
1268 4564 1678 4635 συμφωνήσωσι
1713 4567 1792 4638 τῷ

1912 4583 2002 4639 [ue
2031 4575 2212 4623 navet.
2271 4564 2406 4632 Quae
2451 4565 2498 4621 si
2538 4563 2760 4639 quando
2791 4573 3104 4630 exerraret,
3140 4563 3234 4620 sed
3277 4561 3480 4632 corrigi

200 4645 354 4716 λόγῳ
375 4645 450 4717 (5)
481 4647 655 4719 ὀρθῶς
677 4649 910 4704 εἰθίσθαι
943 4650 1049 4704 ὑπὸ
1069 4651 1176 4707 τῶν
1201 4655 1590 4725 προσηκόντων
1629 4656 1792 4725 ἐθῶν,

200 4734 348 4807 αῦτη
377 4736 453 4808 (6)
483 4737 593 4791 ἐσθ’
620 4741 653 4810 ή
683 4741 970 4812 συμφωνία
997 4742 1260 4814 σύμπασα
1283 4745 1380 4814 μὲν
1410 4747 1602 4820 ἀρετὴ,
1637 4749 1699 4803 τὸ
1733 4749 1792 4823 δὲ

201 4827 340 4898 περὶ
354 4827 455 4891 τὰς
474 4829 666 4900 ἡδονὰς
683 4831 773 4884 καὶ
791 4831 968 4897 λύπας
986 4834 1382 4906 τεθραμμένον,
1394 4836 1472 4908 (7)
1521 4839 1693 4911 αὐτῆς
1708 4841 1794 4912 ὀρ-

277 4945 328 4978 ”
360 4944 520 5000 Deut.
558 4963 633 5015 vt,
662 4947 717 5011 6,
738 4947 791 5003 7.

277 5060 396 5135 (95)
436 5061 531 5135 Μὴ
557 5064 786 5120 τοίνυν.
818 5064 998 5133 Plato,
1032 5066 1193 5135 ibid.,
1222 5067 1287 5124 G.

276 5132 398 5206 (θῇ)
436 5132 599 5206 Forte
627 5136 778 5206 ἡμῖν.
985 5132 990 5133 7
1175 5132 1184 5135 ’
1364 5174 1371 5180 -

277 5203 396 5274 (97)
449 5203 680 5259 Ἐνίοτέ
702 5209 807 5272 είς.
836 5206 1048 5263 Mallem
1078 5211 1247 5266 ἐνίοτε
1277 5211 1510 5274 τῶνείς.

277 5273 395 5350 (98)
433 5274 712 5350 Μάλιστα
733 5318 748 5340 ,
784 5287 891 5334 etc.
923 5278 1076 5335 Plato
1107 5282 1186 5337 sic
1207 5322 1222 5346 ,
1260 5283 1406 5350 μάλα
1439 5273 1661 5338 πεπαιδ.
1702 5284 1792 5340 άν-

202 5345 702 5422 θριῇπωνῖσφόδρα,
739 5350 884 5422 quod
921 5353 1093 5422 magis
1121 5345 1313 5421 probo.

280 5416 398 5498 (99)
438 5414 624 5471 Εἶναί
649 5414 942 5498 παιδείαν.
978 5414 1136 5488 ρῖιξιί
1152 5433 1480 5498 sequuntur
1499 5426 1641 5498 apud
1676 5425 1792 5482 Eu-

202 5487 448 5552 sebium,
470 5504 660 5567 usque
685 5490 754 5544 ad
789 5487 1020 5548 alterum
1045 5487 1316 5562 παιδείαν,
1342 5496 1486 5567 apud
1506 5487 1788 5554 Platonem

201 5559 522 5628 reponenda
561 5569 708 5614 sunt.

281 5629 363 5697 (1)
415 5629 508 5694 Ὡς
543 5630 674 5698 ἐμοὶ
719 5633 1040 5700 spairetat.__
1058 5634 1126 5691 Et
1168 5637 1276 5692 hoc
1320 5637 1527 5694 rectius
1574 5637 1791 5696 videtur

204 5714 378 5776 quam
416 5700 566 5776 apud
587 5698 886 5776 Platonem,
915 5705 973 5773 ἐξ
1005 5698 1081 5758 ὧν
1109 5707 1378 5776 φαίνεται.

283 5770 363 5854 (2)
419 5770 581 5824 Κατὰ
629 5770 902 5854 summa
957 5770 1150 5834 'chi
1200 5778 1508 5850 superﬂua,
1558 5795 1790 5853 quaeque

207 5839 368 5897 Plato
402 5857 511 5897 non
543 5839 790 5914 agnoscit

1894 4668 2078 4715 tamen
2103 4657 2494 4728 emendarique
2520 4664 2742 4728 posset,
2782 4656 2837 4711 id
2865 4671 2996 4712 vero
3032 4655 3271 4722 nemini,
3303 4669 3482 4725 quan-

1892 4752 1986 4807 diu
2011 4751 2241 4818 viveret,
2263 4764 2373 4806 non
2419 4764 2519 4820 pro
2545 4749 2756 4806 viribus
2780 4749 3051 4820 agendum
3081 4755 3246 4803 esset.
3278 4764 3298 4800 ι
3328 4747 3480 4801 Idem

1895 4843 2092 4918 Legum
2120 4842 2382 4910 secundo,
2409 4842 2608 4913 paucis
2631 4841 2684 4897 id
2713 4841 2894 4912 ipsum
2927 4849 3214 4911 repetens,
3250 4857 3270 4891 ι
3301 4837 3479 4895 Disci-

1965 5061 2388 5143 (ὄληαιδείαν.
2428 5067 2575 5127 Idem
2607 5071 2764 5127 Plato
2792 5071 2888 5127 lib.
2932 5087 2970 5125 ιι
3011 5068 3246 5140 Legum,
3297 5049 3477 5134 initio,

2286 5212 2636 5295 λαιιϐίζιςειν.
2668 5211 3119 5295 Id‘malim'quam
3152 5210 3296 5295 λόγῳ
3318 5209 3476 5295 top“,

1891 5282 2143 5354 sequitur
2167 5282 2319 5354 enim
2339 5282 2663 5348 ,λαϐόντων
2692 5282 2750 5336 δὲ
2778 5283 2870 5337 τὸν
2897 5283 3055 5352 λόγον
3075 5323 3092 5351 ,
3130 5282 3278 5352 quod
3308 5282 3476 5335 etiam

1890 5353 2207 5425 agnoscitur
2235 5371 2266 5410 a
2293 5353 2540 5425 Platone.

1963 5426 2040 5498 (5)
2079 5424 2541 5496 Συμςοωνήσωσι
2565 5425 2647 5491 τῷ
2674 5426 2856 5497 λόγῳ,
2897 5432 3004 5498 etc.
3033 5423 3230 5489 Ficin.,
3264 5422 3477 5478 Rationi

1891 5495 2258 5564 consentiant,
2316 5508 2548 5567 propter,
2578 5495 2900 5567 superibrgm
2953 5495 3237 5567 bonorumg
3270 5510 3478 5567 morum

1891 5564 2358 5638 consuetudinem,
2397 5564 2573 5638 quasi
2598 5564 2744 5623 eSset
2783 5564 2860 5638 τῷ
2893 5566 3106 5638 ὀρθῶς,
3158 5565 3244 5622 vel
3288 5565 3376 5619 διὰ
3414 5565 3477 5618 τὸ

1890 5637 2261 5713 ὀρθῷςεγίἀε
2299 5636 2432 5713 nutri
2467 5640 2524 5713 id
2539 5636 2701 5713 Plato
2727 5636 2875 5694 velit.

1962 5710 2042 5781 (6)
2080 5709 2264 5781 Αὕτη.
2295 5707 2449 5781 ΑΙΙίηο
2490 5707 2772 5764 Platonem
2810 5707 3091 5778 corrigas,
3127 5706 3268 5778 apud
3310 5721 3473 5777 quem

1892 5778 2055 5852 male,
2090 5779 2263 5848 αὐτῆς
2289 5778 2336 5831 θ’
2364 5782 2396 5852 ᾖ
2434 5797 2607 5852 συμφᾼ.

1965 5850 2041 5916 (7)
2087 5848 2516 5917 Τεθραμμένονζ
2546 5850 2739 5909 Nescio
2770 5860 3067 5916 quomacto
3091 5849 3143 5905 in
3173 5848 3474 5913 marginem
