3826 6232
356 302 464 364 983

1004 292 1088 359 El)
1097 292 1287 360 SEBII‘
1306 292 1422 360 CA:
1431 300 1794 360 SARIENSIS
1826 300 1923 360 ΟΡ]

2079 302 2200 360 ins
2238 301 2303 358 ιι.
2338 332 2410 345 -
2440 275 3002 371 Αροιοοετιαέι.,’

3517 305 3630 362 984

353 420 816 494 ιιιίιιειιΐυιηιιιιίι,
841 424 1102 475 Virtutem
1127 418 1277 475 illam
1308 420 1541 491 appello,
1589 435 1754 493 quam
1776 420 1923 492 pueri

2079 419 2161 485 ὒς,
2208 419 2351 474 ὥστε
2409 422 2586 493 μισεῖν
2623 421 2722 493 μὲν
2752 420 2790 477 ἃ
2830 420 2938 494 χρὴ
2977 418 3156 492 μισεῖν
3179 416 3340 482 εὐθὺς
3360 417 3421 486 ἐξ
3446 420 3629 493 ἀρχῆς

353 500 852 584 omniomni-imam
865 509 1446 583 nanciscuntur.592
1455 509 1715 584 Voluptas
1730 522 1935 580 autem,

355 602 618 675 amicitia;
647 606 804 661 dolor
827 612 882 661 et
908 604 1118 674 odium,
1151 604 1198 661 si
1227 613 1282 661 et
1304 619 1495 661 eorum
1514 605 1810 675 mentibus,
1826 621 1937 679 quo

353 705 603 768 tempore
651 696 886 754 necdum
934 696 1015 753 uti
1070 696 1286 753 ratione
1312 703 1569 767 possunt,
1615 697 1697 752 uti
1729 711 1828 768 par
1853 706 1939 753 est

353 788 708 857 inserentur;
761 796 817 844 et
843 803 969 843 cum
1014 802 1076 844 ea
1103 788 1342 859 primum
1387 787 1468 843 uti
1497 788 1781 859 coeperint,
1811 803 1937 845 cum

281 957 287 962 I
350 882 541 939 eadem
577 896 688 937 uno
719 881 885 938 veluti
916 895 1212 948 consensu,
1240 880 1344 937 rite
1364 882 1816 938 convenientibus
1839 895 1937 938 eos

350 972 600 1029 moribus
630 971 958 1030 informatos
986 985 1043 1030 et
1067 974 1311 1032 imbutos
1352 974 1526 1031 fuisse
1568 974 1934 1040 testabuntur,

349 1064 527 1121 virtus
556 1064 777 1136 quidem
807 1065 914 1122 erit
967 1066 1179 1138 integra
1207 1067 1300 1123 illa
1330 1066 1679 1139 perfectaque
1707 1082 1935 1123 consen-

346 1158 455 1224 sio;
479 1159 624 1230 quod
652 1167 833 1215 autem
862 1175 931 1217 ex
954 1175 1019 1216 ea
1050 1161 1104 1217 in
1134 1170 1340 1218 rectam
1369 1161 1666 1232 voluptatis
1696 1160 1936 1217 doloris-

346 1265 457 1322 que
501 1248 934 1307 moderationem
979 1251 1286 1307 derivatum
1326 1251 1451 1320 erit,
1497 1260 1560 1307 ut
1605 1251 1768 1308 simul
1813 1265 1936 1321 quae

346 1343 476 1398 odio
505 1342 671 1414 digna
703 1342 953 1412 sunt,.ab
986 1343 1142 1400 initio
1173 1345 1240 1399 ad
1267 1343 1430 1400 linem
1464 1358 1640 1414 usque
1672 1352 1935 1400 constan-

347 1443 435 1491 ter
458 1435 695 1498 oderint,
746 1443 1039 1506 amentque
1085 1435 1400 1502 contraria;
1434 1436 1488 1491 id
1520 1444 1580 1491 tu
1606 1435 1655 1492 si
1681 1435 1751 1491 ab
1778 1443 1937 1490 caete-

349 1540 538 1580 rorum
586 1526 877 1598 complexu
924 1527 1306 1584 ratiocinando
1350 1528 1638 1600 sejungcs,
1694 1527 1934 1598 proprie,

346 1633 472 1674 mea
516 1618 736 1689 quidem
789 1620 1091 1685 sententia,
1150 1618 1495 1690 disciplinam
1549 1618 1868 1690 appellabis.
1908 1636 1929 1671 ι

346 1709 476 1768 Haec
501 1710 677 1768 Plato.
714 1710 888 1780 Quem
918 1721 1102 1769 tamen
1131 1712 1303 1768 David
1334 1712 1389 1766 in
1420 1710 1654 1767 Psalmis
1683 1719 1935 1767 antever-

2037 510 2166 584 ἄχρι
2182 511 2396 578 τέλους,
2422 513 2674 584 στέργειν
2693 511 2751 566 δὲ
2774 512 2812 568 ἃ
2832 512 2939 586 χρὴ
2980 511 3229 584 στέργειν
3249 550 3266 574 ,
3306 510 3453 565 τοῦτ’
3491 512 3629 566 αὐτὸ

2035 603 2329 675 ἀποτεμὼν
2369 603 2449 676 τῷ
2491 605 2639 676 λόγῳ
2662 644 2677 670 ,
2727 605 2822 659 καὶ
2872 604 3123 659 παιδείαν
3174 603 3625 676 προσαγορεύων,

2037 695 2181 750 κατά
2232 712 2298 765 γε
2331 695 2431 767 τὴν
2466 696 2542 767 (8)
2596 696 2737 768 ἐμὴν
2781 696 2958 769 ὀρθῶς
3007 696 3074 752 ἂν
3105 696 3557 768 προσαγορεύοις.
3603 717 3622 750 ι

2036 786 2224 841 Ταῦτα
2242 787 2272 840 ὁ
2296 786 2548 844 Πλάτων.
2577 787 2872 862 Προλαϐὼν
2889 788 2947 842 δὲ
2966 787 3130 843 αὐτὸν
3148 791 3177 843 ὁ
3200 788 3364 842 Δαϐὶδ
3392 791 3451 843 έν
3476 789 3630 843 Ψαλ-

2038 879 2291 951 μῳδίαις,
2334 883 2512 952 μισεῖν
2534 880 2573 937 ἃ
2610 882 2693 936 δεῖ
2724 884 2925 953 μισεῖν,
2967 881 3063 937 καὶ
3093 882 3344 955 στέργειν
3356 882 3628 938 διδάσκων

2036 975 2075 1030 ἃ
2101 976 2185 1030 δεῖ
2206 978 2477 1049 στεργείν,
2510 977 2639 1032 τάδε
2671 977 2805 1049 φησί
2827 993 2843 1009 ο
2872 996 2894 1029 ι
2919 975 3105 1044 Δεῦτε,
3131 976 3319 1043 τέκνα,
3352 977 3629 1033 ἀκούσατέ

2039 1086 2166 1139 μου,
2192 1068 2357 1139 φόϐον
2387 1068 2596 1142 Κυρίου
2629 1068 2828 1135 διδάξω
2869 1070 3038 1142 ὑμᾶς.
3092 1069 3189 1135 Τίς
3226 1073 3376 1125 ἐστιν
3415 1070 3634 1143 ἀνθρω-

2036 1177 2140 1224 πος
2174 1163 2203 1215 ὁ
2246 1159 2417 1215 θέλων
2462 1160 2629 1232 ζωὴν,
2662 1162 2893 1242 ἀγαπῶν
2932 1161 3149 1235 ἡμέρας
3187 1163 3317 1217 ἰδεῖν
3373 1163 3630 1232 ἀγαθάς;

2037 1249 2254 1306 Παῦσον
2277 1252 2376 1324 τὴν
2401 1251 2654 1322 γλῶσσάν
2685 1269 2780 1306 σου
2816 1252 2926 1306 ἀπὸ
2964 1251 3161 1318 κακοῦ,
3203 1253 3298 1307 κα).
3333 1254 3492 1325 χείλη
3533 1271 3631 1307 σου

2034 1341 2130 1396 τοῦ
2165 1343 2240 1415 μὴ
2272 1343 2506 1414 λαλῆσαι
2566 1343 2738 1400 δόλον.
2777 1343 3065 1398 Ἐκκλινον
3107 1344 3217 1399 ἀπὸ
3279 1344 3452 1399 κακοῦ
3479 1384 3496 1408 ,
3532 1346 3631 1399 καὶ

2037 1433 2263 1505 ποίησον
2280 1434 2481 1503 ἀγαθόν
2497 1451 2512 1465 ο
2548 1433 2782 1508 ζήτησον
2803 1436 3049 1508 εἰρήνην,
3075 1435 3168 1489 κοι)⁵
3185 1435 3375 1500 δίωξον
3394 1437 3589 1507 αὐτήν.
3604 1454 3626 1488 ι

2036 1529 2146 1583 Καὶ
2199 1530 2229 1583 ὁ
2279 1528 2530 1600 Σολομῶν
2587 1528 2811 1600 ὁμοίως·
2855 1545 2876 1580 ι
2911 1528 3224 1597 Ἀκούσατε,
3285 1529 3443 1601 φησι,
3502 1532 3633 1582 παῖ-

2036 1620 2148 1684 δες,
2178 1619 2429 1675 παιδείαν
2467 1620 2693 1693 πατρός.
2743 1619 2928 1693 Δῶρον
2957 1620 3067 1693 γάρ
3104 1620 3309 1691 ἀγαθὸν
3346 1621 3630 1697 δωροῦμαι

2037 1712 2198 1784 ὑμῖν⁸
2231 1712 2343 1767 τῶν
2379 1712 2531 1784 ὲμῶν
2588 1713 2769 1785 νόμων
2814 1712 2892 1786 μὴ
2945 1712 3399 1784 ὲπιλανθάνησθε.
3453 1733 3474 1765 ι
3517 1714 3630 1768 Καὶ

345 1804 433 1872 tit,
467 1805 558 1860 ubi
581 1820 766 1861 rerum
792 1806 921 1862 odio
942 1806 1027 1861 vel
1050 1820 1236 1861 amore
1258 1803 1549 1875 dignarum
1568 1803 1755 1860 odium
1780 1818 1923 1859 amo-

2079 1778 2223 1860 άλιν·
2258 1825 2278 1858 ‹
2333 1778 2552 1878 Κτῆσαι
2593 1778 2830 1876 σοφίαν,
2879 1778 3082 1878 κτῆσαι
3121 1778 3363 1871 σύνεσιν,
3398 1805 3476 1878 μὴ
3508 1808 3630 1859 ἐπι-

344 1913 570 1970 remque
600 1899 761 1954 docet
791 1897 878 1955 his
904 1898 1086 1955 verbis
1125 1917 1138 1953 :
1180 1916 1200 1951 ‹
1226 1897 1440 1963 Venite,
1472 1896 1590 1965 ﬁlii,
1610 1897 1796 1953 audite
1820 1911 1930 1962 me,

342 1991 602 2046 timorem
648 1989 868 2046 Domini
914 1989 1124 2046 docebo
1170 2004 1289 2047 vos.
1338 1986 1474 2056 Quis
1499 1996 1583 2044 est
1612 1987 1801 2053 homo,
1835 1987 1931 2057 qui

342 2082 463 2138 vult
484 2082 675 2147 vitam,
722 2081 901 2154 diligit
938 2081 1057 2138 dies
1097 2081 1281 2137 videre
1302 2080 1514 2138 bonos?
1563 2078 1803 2135 Prohibe
1827 2078 1931 2133 lin-

343 2190 506 2247 guam
532 2184 679 2231 tuam
708 2190 741 2230 a
764 2176 930 2243 malo,
963 2186 1020 2231 et
1057 2175 1199 2231 labia
1230 2184 1345 2241 tua,
1388 2189 1458 2231 ne
1508 2174 1804 2245 loquantur
1830 2173 1929 2229 do-

341 2264 479 2320 lum.
512 2265 727 2321 Diverte
758 2281 788 2322 a
817 2267 984 2335 malo,
1020 2275 1073 2323 et
1102 2265 1189 2323 iac
1210 2266 1437 2333 bonum,
1472 2265 1689 2337 inquire
1713 2279 1926 2336 pacem,

341 2367 397 2413 ct
420 2373 749 2429 persequere
775 2373 896 2415 eam
925 2360 1028 2413 ³⁸.»
1061 2357 1431 2430 Similiterque
1466 2355 1759 2412 Salomon:
1786 2357 1929 2410 «Au-

340 2448 501 2519 dite,
573 2449 796 2522 inquit,
865 2451 997 2521 ﬁlii,
1046 2438 1392 2523 diSeiplinam
1447 2448 1927 2523 patris.|Donum

2037 1899 2195 1973 λάθῃ.
2230 1918 2250 1952 ι
2278 1898 2408 1953 Καί·
2455 1917 2475 1952 ι
2510 1894 2680 1953 Εἶπον
2702 1899 2802 1970 τὴν
2824 1898 3015 1969 σοφίαν
3040 1898 3139 1971 σὴν
3180 1898 3416 1970 ἀδελφὴν
3463 1894 3627 1965 εἶναι,

2035 1992 2134 2064 τὴν
2170 1991 2228 2045 δὲ
2278 1991 2541 2064 φρόνησιν
2592 1988 2872 2063 γνώριμον
2926 1991 3285 2063 περιποίησαι
3330 1991 3567 2063 σεαυτῷ.
3601 2008 3624 2044 ι

2035 2085 2163 2139 Καίο
2200 2102 2221 2137 ι
2272 2084 2458 2149 Ὁδοὺς
2499 2083 2715 2138 ἀσεϐῶν
2753 2083 2828 2156 μὴ
2882 2083 3116 2157 ὲπέλθῃς
3135 2125 3151 2149 ,
3203 2083 3337 2157 μηδὲ
3375 2082 3631 2157 Culcha-nc

2033 2180 2187 2243 ὁδοὺς
2233 2179 2591 2250 παρανόμων.
2636 2196 2657 2230 ι
2701 2175 2887 2248 Μυρία
2922 2174 2967 2229 δ’
3015 2175 3082 2230 ἂν
3128 2174 3311 2248 εὕροις
3356 2175 3497 2230 ἄλλα
3526 2193 3632 2230 τοι·

2035 2272 2178 2325 αὔτα
2215 2272 2273 2323 ὲν
2300 2272 2415 2334 τοῖς
2448 2268 2717 2341 Ἑϐραίων
2757 2267 3072 2340 γράμμασι,
3117 2267 3441 2321 παιδευτικά
3489 2265 3629 2339 πρὸς

2035 2362 2317 2427 εὐσεϐείας
2361 2360 2435 2434 (9)
2462 2362 2557 2415 καὶ
2589 2360 2859 2433 ἀνάληψιν
2890 2359 3117 2433 ἀρετῆς,
3157 2359 3299 2423 νέοις
3341 2358 3480 2431 ὁμοῦ
3533 2359 3631 2413 καὶ

2034 2449 2261 2514 τελείοις
2283 2449 2381 2522 τὴν
2412 2449 2631 2523 ἡλικίαν
2672 2453 3034 2523 προσήκοντα.

339 2541 488 2598 enim
537 2542 742 2600 bonum
788 2543 1026 2600 tribuam
1075 2544 1232 2600 vobis
1264 2562 1279 2598 :
1310 2543 1481 2615 legem
1518 2558 1697 2599 meam
1725 2558 1796 2599 ne
1829 2541 2222 2615 derelinquatis
2244 2542 2312 2596 ⁸⁸.
2352 2561 2372 2595 ι
2410 2543 2590 2615 Atque
2628 2543 2859 2613 iterum,
2922 2561 2943 2595 ι
2997 2542 3226 2601 Posside
3271 2541 3625 2614 sapientiam,

339 2637 562 2708 posside
610 2639 988 2710 prudentiam;
1034 2655 1104 2695 ne
1149 2639 1495 2696 obliviscaris
1522 2639 1592 2693 ".
1629 2657 1649 2690 ι
1684 2637 1969 2711 Itemque:
2014 2657 2034 2691 ι
2069 2638 2165 2694 Dic
2222 2637 2550 2710 sapientiam
2581 2628 3007 2695 sororemtuam
3046 2652 3172 2695 esse
3219 2656 3234 2692 :
3285 2645 3343 2692 et
3382 2635 3626 2708 pruden-

336 2735 471 2788 tiam
500 2730 822 2789 familiarem
855 2734 952 2790 tibi
978 2733 1144 2790 redde
1165 2734 1265 2788 ⁵⁸.»
1303 2732 1392 2797 Ει,
1432 2753 1452 2786 ι
1477 2733 1610 2792 Vias
1640 2734 1934 2807 impiorum
1972 2746 2044 2788 ne
2083 2731 2330 2801 insistas,
2362 2747 2463 2789 nec
2490 2733 2587 2789 tibi
2621 2732 2872 2803 placeant
2898 2730 3172 2787 malorum
3192 2730 3296 2787 via:
3317 2728 3410 2786 η’.
3446 2747 3467 2781 ι
3500 2726 3630 2784 Haec

336 2825 555 2897 aliaque
597 2826 653 2883 id
699 2842 873 2898 genus
908 2826 1264 2883 Hebraeorum
1313 2827 1369 2882 in
1420 2827 1621 2884 litteris
1659 2827 1931 2896 invenias,
1968 2840 2093 2898 quae
2118 2825 2188 2882 ad
2213 2826 2497 2897 religionis
2529 2841 2596 2883 ac
2619 2825 2842 2882 virtutis
2866 2825 3049 2882 omnis
3068 2823 3245 2882 oilicia
3269 2824 3556 2890 erudiunt,

334 2934 439 2974 nec
466 2917 903 2975 adolescentibus
934 2919 1119 2986 modo,
1163 2917 1260 2974 sed
1304 2918 1466 2975 etiam
1512 2926 1671 2975 aetate
1694 2919 1925 2974 maturis
1963 2918 2211 2990 apprime
2243 2917 2598 2974 conveniunt.

918 3012 1150 3070 CAPUT
1188 3014 1334 3070 XIX.

2558 3010 2954 3066 ΚΕΦΑΛΑΙΟΝ
2993 3010 3096 3064 16⁸.

336 3105 405 3161 In
433 3122 495 3160 ea
518 3122 638 3159 cum
673 3104 916 3160 Hebrwis
949 3107 1213 3161 sententia
1232 3103 1515 3161 Platonem
1546 3106 1731 3176 fuisse,
1754 3116 1813 3160 ut
1843 3124 1923 3164 res

2079 3105 2161 3157 ὶτι
2201 3103 2645 3176 παραπλησίως
2697 3102 2985 3176 Ἑϐραίοις
3013 3099 3135 3176 Ακαι
3162 3099 3500 3176 όᾼιμᾴτων
3538 3102 3623 3156 εί-

332 3222 337 3229 .
406 3177 686 3244 inferiores
718 3177 1041 3229 diviniorum
1070 3177 1326 3246 imagines
1361 3193 1472 3231 esse
1504 3178 1852 3232 existimaret.

324 3250 335 3315 ἰ
409 3265 508 3322 llis
528 3267 658 3322 olim
679 3266 858 3323 verbis
873 3265 1112 3339 Moysem
1128 3268 1409 3324 oraculum
1425 3281 1713 3327 monuerat
1733 3290 1778 3326 ει
1790 3269 1926 3330 Vide

334 3368 398 3414 ιιι
423 3358 595 3415 facias
620 3358 804 3414 omnia
859 3358 1163 3415 secundum
1213 3360 1517 3431 exemplar,
1564 3364 1711 3434 quod
1742 3363 1841 3420 tibi
1869 3366 1922 3421 in

335 3461 522 3508 monte
560 3459 926 3513 monstratum
959 3463 1043 3508 est
1071 3453 1139 3507 ".
1172 3472 1190 3506 ι
1246 3453 1403 3521 Quod
1431 3454 1611 3524 ipsum
1641 3456 1925 3514 illustrans

333 3541 661 3612 Apostolus:
696 3560 716 3594 ι
745 3540 852 3609 Qui
891 3542 1188 3613 exemplari
1220 3553 1275 3600 et
1313 3546 1541 3613 umbrae,
1582 3546 1780 3618 inquit,
1832 3548 1926 3604 de-

333 3634 585 3691 serviunt
631 3633 935 3690 coslestium
963 3634 1033 3689 “.
1069 3653 1088 3686 ι
1142 3633 1357 3703 Quibus
1399 3652 1532 3694 sane
1582 3639 1787 3709 verbis,
1836 3657 1925 3698 res

332 3728 458 3786 illas
506 3728 829 3798 diviniores,
866 3744 991 3802 qua:
1032 3730 1365 3801 spiritalium
1413 3733 1585 3804 gradu
1631 3742 1686 3790 et
1731 3734 1924 3791 ordine

333 3822 707 3888 continentur,
742 3821 811 3877 iis
854 3837 979 3894 qua:
1018 3822 1160 3893 apud
1194 3822 1355 3895 593
1386 3823 1627 3897 Moysem
1665 3826 1918 3898 legimus,

332 3922 595 3983 tanquam
633 3915 898 3986 symbolis
921 3915 1250 3986 quibusdam
1285 3932 1350 3972 ac
1376 3918 1520 3973 notis
1544 3917 1768 3983 involvi,
1800 3935 1921 3975 ma-

333 4004 532 4061 nifeste
565 4006 743 4062 docet.
796 4005 939 4063 Audi
978 4021 1109 4063 vero
1136 4022 1303 4077 quam
1337 4007 1403 4064 iis
1432 4007 1615 4064 aﬂinia
1642 4008 1799 4066 Plato
1824 4026 1921 4082 ge-

331 4098 595 4168 minaque
628 4097 1067 4168 philosophetur,
1101 4097 1230 4153 dum
1255 4099 1311 4153 in
1342 4110 1498 4157 sexto
1522 4101 1600 4155 De
1628 4102 1918 4173 republica,

332 4189 482 4243 hunc
507 4189 560 4242 in
587 4188 813 4245 modum
840 4188 1030 4245 scribit
1081 4209 1096 4245 :
1150 4209 1170 4242 ι
1198 4189 1566 4263 Philosophus
1595 4194 1799 4266 igitur,
1836 4198 1920 4252 in-

330 4279 454 4352 quit
480 4279 592 4346 ille,
629 4286 689 4334 ut
713 4294 929 4334 summa
955 4278 1051 4336 Dei
1079 4295 1144 4336 ac
1170 4281 1599 4351 pulchritudinis
1635 4286 1809 4357 ipsius
1835 4287 1919 4343 fa-

328 4373 650 4428 miliaritate
691 4373 884 4441 utitur,
934 4372 1010 4428 ita
1039 4372 1345 4430 divinitatis
1376 4391 1442 4432 ac
1467 4377 1916 4449 pulchritudinis,

2170 3167 2322 3228 κόνὶι
2350 3167 2658 3243 θειοτέρωιο
2696 3173 2769 3227 τὰ
2785 3167 2944 3242 ’τῇδε
2964 3167 3135 3227 εἶναι
3171 3170 3473 3237 ἐδόξαζεν.

2100 3285 2207 3339 Τοῦ
2239 3286 2385 3342 θείου
2416 3285 2667 3360 χρησμοῦ
2696 3288 2966 3358 φήσαντος
2997 3288 3228 3358 Μωῦαῇ,
3252 3306 3271 3338 ι
3292 3287 3438 3358 Ὅρα
3467 3288 3623 3360 ποιή-

2030 3395 2131 3453 σῃς
2158 3379 2340 3434 πάντα
2373 3381 2519 3435 κατά
2548 3381 2640 3434 τὸν
2669 3380 2840 3435 τύπον
2880 3380 2973 3435 τὸν
3010 3380 3291 3452 δειχθέντα
3320 3397 3405 3434 σοι
3445 3384 3507 3435 ὲν
3543 3380 3625 3452 τῷ

2028 3473 2146 3544 δρει
2168 3487 2183 3502 ·
2220 3492 2239 3524 ι
2267 3473 2361 3527 τοῦ
2378 3491 2438 3527 τε
2464 3473 2611 3546 ἱεροῦ
2643 3471 2802 3543 λόγου
2827 3472 3161 3546 σαφέστερον
3183 3473 3453 3537 εἰπόντος,
3484 3492 3505 3523 ι
3536 3475 3628 3526 Οἴα

2025 3581 2172 3629 τινες
2201 3564 2562 3637 ὑποδείγματι
2602 3564 2698 3619 καὶ
2744 3566 2874 3636 σκιᾷ
2898 3563 3191 3636 ὲλάτρευον
3231 3563 3342 3618 τῶν
3380 3565 3626 3634 ἐπουρα-

2026 3657 2179 3722 νίων,
2215 3677 2235 3710 ι
2268 3659 2453 3712 εἰκόνα
2485 3675 2546 3711 τε
2562 3657 2821 3730 ἄντικρυς
2841 3656 2951 3711 τῶν
2978 3658 3038 3709 ἐν
3074 3659 3289 3727 νοητοῖς
3329 3655 3626 3727 θειοτέρων

2026 3750 2094 3803 τά
2118 3749 2271 3822 παρά
2290 3750 2495 3821 Μωύσῇ
2529 3749 2775 3821 σύμϐολα
2806 3748 3083 3820 περιέχειν
3101 3747 3465 3810 διδάσκοντος·
3486 3747 3624 3801 ἐπά-

2027 3859 2223 3898 κουσον
2243 3843 2392 3906 ὅπως
2429 3842 2526 3896 καὶ
2552 3844 2581 3895 ὁ
2610 3842 2837 3897 Πλάτων
2878 3840 2949 3895 τὰ
2986 3841 3151 3911 ὅμοια
3180 3839 3535 3911 διερμηνεύει
3565 3840 3625 3892 ὲν

2026 3933 2171 4004 ἕκτῳ
2201 3932 2303 4004 τῆς
2320 3933 2634 3999 Πολιτείας
2659 3927 2762 3988 ὧδε
2788 3933 3046 4005 γράφων·
3072 3950 3091 3984 ‹
3121 3930 3243 4002 Θεῷ
3269 3931 3335 4002 δὴ
3377 3930 3496 4002 (10)
3528 3932 3625 3984 καὶ

2025 4025 2216 4096 κόσμῳ
2244 4025 2355 4094 ὅγε
2389 4025 2677 4095 φιλόσοφος
2704 4024 2929 4097 ὁμιλῶν,
2964 4023 3192 4095 κόσμιός
3231 4039 3293 4076 τε
3333 4023 3431 4076 καὶ
3480 4022 3624 4085 θεῖος

2027 4117 2107 4180 εἰς
2133 4116 2194 4171 τὸ
2221 4115 2445 4171 δυνατὸν
2470 4116 2745 4188 ἀνθρώπῳ
2775 4117 3005 4186 γίνεται.
3028 4114 3262 4187 Διαϐολὴ
3289 4115 3346 4168 δὲ
3377 4116 3435 4167 ἐν
3487 4117 3625 4170 πᾶσι

2026 4206 2218 4279 πολλή.
2242 4239 2314 4251 -
2334 4209 2657 4263 Παντάπασι
2683 4210 2785 4281 μὲν
2813 4205 2926 4263 οὖν.
2954 4239 3023 4248 --
3043 4210 3142 4262 Ἂν
3166 4204 3261 4262 οὖν
3296 4224 3404 4272 τις,
3443 4202 3622 4272 εἷπον,

2025 4298 2173 4370 αὐτῷ
2192 4299 2407 4371 ἀνάγκη
2428 4299 2655 4371 γένηται
2684 4300 2721 4354 ἀ
2758 4301 2876 4355 ἐκεῖ
2898 4302 3022 4373 ὁρᾷ,
3076 4298 3375 4369 μελετῆσαι
3414 4299 3499 4362 εἰς
3524 4298 3623 4351 ἀερ-

2024 4389 2259 4462 θρώπων
2286 4390 2416 4463 ἦθη,
2457 4393 2552 4446 καὶ
2582 4392 2689 4464 ἰδίᾳ
2735 4392 2831 4448 καὶ
2867 4392 3102 4464 δημοσίᾳ
3140 4391 3371 4453 τιθέναι,
3404 4390 3505 4444 καὶ
3545 4390 3620 4460 μὴ

329 4473 598 4557 quantum
638 4465 849 4557 homini
897 4465 984 4523 fas
1033 4477 1136 4534 est,
1169 4445 1752 4543 particeps—cilicitur.
1813 4445 1921 4531 Sed

2079 4482 2189 4537 ὄνον
2237 4445 2427 4538 έαύτδν
2483 4445 2950 4557 πλάττειν·νᾶρὲ
2980 4445 3150 4540 κακὸν
3187 4483 3253 4554 δὴ
3281 4445 3622 4554 δημιουργὸν

329 4555 608 4612 calumnia
666 4556 916 4614 videlicet
961 4557 1167 4632 ubique
1222 4572 1435 4632 regnat.
1486 4592 1557 4603 -—
1612 4561 1690 4617 lta
1736 4562 1921 4634 profe-

2024 4575 2186 4630 αὐτὸν
2204 4577 2306 4630 οἴει
2321 4577 2651 4649 γενήσεσθαι
2673 4577 3030 4650 σωφροσύνης
3051 4593 3111 4630 τε
3130 4578 3224 4630 καὶ
3241 4575 3619 4645 δικαιοσύνης,

332 4658 423 4702 cto
481 4653 588 4703 est.
645 4676 716 4687 —
773 4645 932 4704 Hunc
989 4658 1048 4704 tu
1105 4650 1302 4722 igitur,
1364 4651 1629 4723 inquam,
1689 4654 1737 4710 si
1800 4671 1923 4727 quae

2079 4668 2120 4720 ιὶ
2164 4645 2457 4741 ξυμπάσης
2516 4670 2617 4741 τῆς
2668 4645 3245 4742 δημοτικῆς-ἀρετῆς
3275 4697 3345 4707 -
3376 4666 3623 4720 ’Ἠκιστά

327 4738 443 4795 illic
498 4738 918 4811 contemplatur,
950 4740 1021 4796 ad
1066 4741 1432 4799 instituendos
1487 4744 1771 4801 hominum
1802 4762 1923 4803 mo-

2079 4776 2112 4826 ε,
2131 4758 2168 4835 ἦ
2187 4737 2245 4816 δ”
2260 4763 2338 4826 ὃς.
2357 4737 2496 4815 Ἀλλ’
2518 4737 2615 4817 ἐάν
2634 4761 2698 4834 δὴ
2714 4737 3011 4815 αἴσθωνται
3027 4737 3076 4815 όε
3100 4737 3306 4824 πολλοὶ,
3327 4760 3411 4813 ὅτι
3439 4759 3618 4831 ἀληθῆ

326 4845 421 4887 res
473 4831 798 4887 necessitate
851 4832 1088 4903 quadam
1134 4848 1415 4900 revocare,
1458 4837 1823 4911 privatimque
1846 4843 1922 4899 si-

327 4921 443 4977 mul
475 4937 542 4979 ac
588 4923 810 4994 publice
850 4939 1192 4995 proponere,
1240 4942 1344 4983 nec
1389 4943 1511 4985 sese
1558 4939 1770 4988 tantum
1814 4935 1921 4989 line

327 5029 455 5086 gere
481 5014 938 5088 conformareque
977 5017 1261 5084 debuerit;
1308 5033 1377 5074 an
1420 5021 1647 5077 stultum
1677 5025 1917 5097 aliquem

328 5109 724 5179 temperantiae,
752 5110 1024 5182 aequitatis
1046 5151 1063 5179 ,
1104 5111 1394 5184 omnisque
1420 5114 1557 5171 adeo
1585 5115 1806 5175 virtutis
1837 5122 1918 5176 ci-

2029 4857 2159 4929 περὶ
2182 4854 2349 4910 αὐτοῦ
2370 4857 2630 4927 λέγομεν,
2659 4854 3027 4926 χαλεπανοῦσι
3053 4853 3119 4924 δὴ
3139 4855 3253 4916 τοῖς
3279 4851 3617 4921 φιλοσόφοις,

2027 4950 2124 5003 καὶ
2152 4948 2545 5019 ἀπιστήσουσιν
2576 4949 2708 5019 ἡμῖν
2733 4947 3003 5016 λέγουσιν,
3045 4945 3120 5009 ὡς
3151 4945 3251 4998 οὐκ
3277 4944 3344 4998 ἄν
3374 4961 3510 4998 ποτε
3535 4944 3621 4999 άλο

2025 5039 2133 5104 λως
2168 5039 2574 5110 εὐδαιμονήσειε
2622 5038 2807 5104 πόλις,
2849 5037 2898 5090 εί
2950 5036 3025 5108 μὴ
3058 5034 3227 5106 αὐτὴν
3254 5034 3620 5107 διαγράψειαν

2026 5129 2076 5182 οἱ
2098 5125 2175 5199 τῷ
2198 5127 2329 5198 θείῳ
2369 5128 2775 5200 παραδείγματι
2796 5124 3072 5199 χρώμενοι
3103 5122 3388 5197 ζωγράφοι
3412 5142 3430 5193 ;
3454 5125 3617 5178 -Οὑ

397 5223 444 5309 :5
472 5220 620 5309 Ρξθι,
650 5239 850 5309 xum,
879 5223 1101 5309 αξξ.
1157 5225 1207 5258 ⁸⁸
1237 5224 1400 5309 Prov_._
1428 5246 1502 5298 Iv,
1532 5233 1590 5299 1,
1611 5232 1667 5288 2.
1737 5235 1784 5269 ⁸⁷
1815 5236 1923 5295 ibid

2121 5242 2168 5275 ⁵⁸
2207 5241 2367 5299 Prov.
2399 5259 2498 5307 vn,
2526 5243 2578 5298 4.
2653 5243 2721 5276 ⁸⁸⁸
2754 5243 2899 5299 Eccli
2928 5258 3007 5305 xu,
3035 5239 3323 5308 22;Prov.
3390 5256 3469 5309 tv,
3525 5241 3614 5296 Η.

325 5292 374 5325 ⁸⁸
391 5292 564 5349 Exod.
604 5311 732 5362 xxv,
760 5294 850 5350 ιο.
934 5295 980 5328 ⁸⁸
1004 5295 1169 5353 Hebr.
1206 5312 1327 5364 vm,
1368 5300 1422 5355 5.

327 5383 609 5460 inrepserit
634 5425 651 5449 ,
702 5387 850 5460 quod
883 5387 955 5460 ibi
992 5397 1234 5453 notatur,
1271 5391 1415 5460 apud
1463 5390 1745 5448 Platonem
1795 5408 1918 5450 esse

324 5457 911 5538 Fecpappévov._l\pud
938 5460 1090 5514 illum
1117 5460 1287 5538 enim,
1306 5457 1426 5538 tam
1448 5462 1502 5516 in
1528 5462 1724 5538 Ficini,
1750 5470 1923 5538 quam

326 5529 383 5579 in
418 5529 947 5599 Sct'raniieditione,
978 5532 1444 5599 quemadmodum
1483 5545 1539 5589 et
1570 5535 1625 5589 in
1658 5529 1915 5592 omnibus

328 5608 608 5675 manuscr.
657 5598 889 5675 habetur
927 5600 1506 5675 ΔτεθραμμένονηΜίιιί
1557 5614 1772 5668 tamen,
1820 5623 1914 5660 τε-

327 5665 644 5748 τραμμένον
682 5669 863 5748 aptius
891 5665 1196 5748 videretur;
1231 5673 1361 5748 quid
1393 5675 1540 5748 enim
1577 5685 1661 5731 est
1708 5665 1768 5729 τδ
1814 5677 1913 5748 τῆς

326 5737 531 5802 ἀρετὴς
553 5737 930 5810 τεθραμμένον
961 5742 1088 5813 περὶ
1119 5742 1219 5807 τὰς
1252 5737 1464 5814 ἧδονάς.

2096 5398 2171 5471 (8)
2212 5398 2368 5456 Plato
2398 5400 2522 5454 add.
2552 5399 2731 5467 δόξαν.

2092 5472 2169 5541 (9)
2204 5472 2550 5536 Εὐσεϐείας.
2591 5472 2901 5541 Legendum
2947 5473 3266 5539 εὐσέϐειαν,
3317 5480 3415 5529 aut
3466 5483 3615 5531 certe

2020 5542 2302 5605 εὐσεϐείας
2333 5544 2423 5622 καὶ
2460 5542 2660 5614 ἀρετῆς
2684 5542 2974 5666 ἀνάληῒιν.

2090 5612 2199 5666 (1οἶ
2246 5614 2369 5666 Θεω
2406 5612 2505 5666 δή.
2533 5612 2723 5666 Plato.
2765 5631 2814 5666 vr
2903 5630 2974 5666 ei

2090 5612 2199 5687 (i0;
2232 5611 2369 5687 ΔΘεῷ
2533 5611 2688 5687 Plato
2707 5653 2735 5687 ,A
2765 5631 2814 5668 Vl
2844 5611 2942 5687 De
2962 5615 3164 5687 republ.
3185 5654 3200 5682 ,
3229 5630 3355 5687 pag.
3386 5615 3516 5682 473,
3542 5613 3610 5676 G.

2018 5684 2111 5739 ubi
2144 5684 2363 5756 legitur,
2394 5683 2525 5756 θείῳ
2561 5683 2627 5756 δὴ
2655 5685 2747 5739 καὶ
2775 5684 3008 5757 κοσμίῳ.
