  <div class='ocr_page' id='page_1' title='image "/cluster/home/n/w/nwhite01/storage/ocr_20150623/21/nnc1.0046978437/660.png"; bbox 0 0 3826 6232; ppageno 0'>
   <div class='ocr_carea' id='block_1_1' title="bbox 168 394 277 454">
    <p class='ocr_par' dir='ltr' id='par_1_1' title="bbox 168 394 277 454">
     <span class='ocr_line' id='line_1_1' title="bbox 168 394 277 454; baseline 0 -2"><span class='ocrx_word' id='word_1_1' title='bbox 168 394 277 454; x_wconf 77' lang='lat'><strong>985</strong></span> 
     </span>
    </p>
   </div>
   <div class='ocr_carea' id='block_1_2' title="bbox 1332 392 2283 453">
    <p class='ocr_par' dir='ltr' id='par_1_2' title="bbox 1332 392 2283 453">
     <span class='ocr_line' id='line_1_2' title="bbox 1332 392 2283 453; baseline -0.002 0"><span class='ocrx_word' id='word_1_2' title='bbox 1332 394 1660 453; x_wconf 64' lang='lat' dir='ltr'><strong>PBEPAR.</strong></span> <span class='ocrx_word' id='word_1_3' title='bbox 1700 394 1954 453; x_wconf 74' lang='lat' dir='ltr'><strong>EVANG.</strong></span> <span class='ocrx_word' id='word_1_4' title='bbox 1996 394 2126 451; x_wconf 87' lang='lat' dir='ltr'><strong>LIB.</strong></span> <span class='ocrx_word' id='word_1_5' title='bbox 2167 392 2283 451; x_wconf 75' lang='lat' dir='ltr'><strong>XII.</strong></span> 
     </span>
    </p>
   </div>
   <div class='ocr_carea' id='block_1_3' title="bbox 3335 391 3441 450">
    <p class='ocr_par' dir='ltr' id='par_1_3' title="bbox 3335 391 3441 450">
     <span class='ocr_line' id='line_1_3' title="bbox 3335 391 3441 450; baseline 0 0"><span class='ocrx_word' id='word_1_6' title='bbox 3335 391 3441 450; x_wconf 71' lang='lat'><strong>986</strong></span> 
     </span>
    </p>
   </div>
   <div class='ocr_carea' id='block_1_4' title="bbox 163 501 1742 584">
    <p class='ocr_par' dir='ltr' id='par_1_4' title="bbox 163 501 1742 584">
     <span class='ocr_line' id='line_1_4' title="bbox 163 501 1742 584; baseline 0.001 -21"><span class='ocrx_word' id='word_1_7' title='bbox 163 505 588 584; x_wconf 79' lang='grc' dir='ltr'><strong>χαλεπανοῦσιν,</strong></span> <span class='ocrx_word' id='word_1_8' title='bbox 615 501 652 580; x_wconf 76' lang='grc' dir='ltr'>ἦ</span> <span class='ocrx_word' id='word_1_9' title='bbox 689 506 735 560; x_wconf 79' lang='grc' dir='ltr'>δ’</span> <span class='ocrx_word' id='word_1_10' title='bbox 766 505 847 572; x_wconf 78' lang='grc' dir='ltr'>ὃς,</span> <span class='ocrx_word' id='word_1_11' title='bbox 880 506 1086 581; x_wconf 83' lang='grc' dir='ltr'>ἐάνπερ</span> <span class='ocrx_word' id='word_1_12' title='bbox 1116 507 1437 565; x_wconf 69' lang='grc' dir='ltr'>αἴσθωνται.</span> <span class='ocrx_word' id='word_1_13' title='bbox 1490 508 1649 564; x_wconf 81' lang='grc' dir='ltr'>Ἀλλὰ</span> <span class='ocrx_word' id='word_1_14' title='bbox 1683 509 1742 582; x_wconf 74' lang='grc' dir='ltr'>δὴ</span> 
     </span>
    </p>
   </div>
   <div class='ocr_carea' id='block_1_5' title="bbox 1856 501 3437 584">
    <p class='ocr_par' dir='ltr' id='par_1_5' title="bbox 1856 505 3437 574">
     <span class='ocr_line' id='line_1_5' title="bbox 1856 505 3437 574; baseline 0.002 -11"><span class='ocrx_word' id='word_1_15' title='bbox 1856 508 1975 565; x_wconf 86' lang='lat' dir='ltr'><strong>vilis</strong></span> <span class='ocrx_word' id='word_1_16' title='bbox 1997 508 2263 565; x_wconf 78' lang='lat' dir='ltr'><strong>artiﬁcem</strong></span> <span class='ocrx_word' id='word_1_17' title='bbox 2316 506 2562 565; x_wconf 70' lang='lat' dir='ltr'><strong>futurum</strong></span> <span class='ocrx_word' id='word_1_18' title='bbox 2591 505 2877 565; x_wconf 76' lang='lat' dir='ltr'><strong>arbitraris</strong></span> <span class='ocrx_word' id='word_1_19' title='bbox 2892 507 2918 561; x_wconf 80' lang='lat'><strong>?</strong></span> <span class='ocrx_word' id='word_1_20' title='bbox 2937 539 3011 551; x_wconf 91' lang='lat'><strong>—</strong></span> <span class='ocrx_word' id='word_1_21' title='bbox 3033 507 3255 566; x_wconf 76' lang='lat' dir='ltr'><strong>Minime</strong></span> <span class='ocrx_word' id='word_1_22' title='bbox 3285 528 3437 574; x_wconf 79' lang='lat' dir='ltr'><strong>vero,</strong></span> 
     </span>
    </p>
   </div>
   <div class='ocr_carea' id='block_1_6' title="bbox 163 595 1757 674">
    <p class='ocr_par' dir='ltr' id='par_1_6' title="bbox 163 595 1757 674">
     <span class='ocr_line' id='line_1_6' title="bbox 163 595 1757 674; baseline -0.002 -16"><span class='ocrx_word' id='word_1_23' title='bbox 163 604 287 658; x_wconf 85' lang='grc' dir='ltr'>τίνα</span> <span class='ocrx_word' id='word_1_24' title='bbox 312 601 490 671; x_wconf 79' lang='grc' dir='ltr'>λέγεις</span> <span class='ocrx_word' id='word_1_25' title='bbox 513 600 716 674; x_wconf 78' lang='grc' dir='ltr'>τρόπον</span> <span class='ocrx_word' id='word_1_26' title='bbox 736 600 837 670; x_wconf 80' lang='grc' dir='ltr'>τῆς</span> <span class='ocrx_word' id='word_1_27' title='bbox 865 600 1173 673; x_wconf 84' lang='grc' dir='ltr'>διαγραφῆς</span> <span class='ocrx_word' id='word_1_28' title='bbox 1192 618 1206 667; x_wconf 92' lang='grc'><strong>;</strong></span> <span class='ocrx_word' id='word_1_29' title='bbox 1227 599 1602 666; x_wconf 76' lang='grc' dir='ltr'>-Λαδόντες,</span> <span class='ocrx_word' id='word_1_30' title='bbox 1629 595 1698 673; x_wconf 78' lang='grc' dir='ltr'>ἦν</span> <span class='ocrx_word' id='word_1_31' title='bbox 1713 598 1757 654; x_wconf 84' lang='grc' dir='ltr'>δ’</span> 
     </span>
    </p>
   </div>
   <div class='ocr_carea' id='block_1_7' title="bbox 163 691 1757 766">
    <p class='ocr_par' dir='ltr' id='par_1_7' title="bbox 163 691 1757 766">
     <span class='ocr_line' id='line_1_7' title="bbox 163 691 1757 766; baseline 0 -17"><span class='ocrx_word' id='word_1_32' title='bbox 163 695 301 766; x_wconf 81' lang='grc' dir='ltr'>ἐγὼ,</span> <span class='ocrx_word' id='word_1_33' title='bbox 327 694 518 766; x_wconf 79' lang='grc' dir='ltr'>ῶσπερ</span> <span class='ocrx_word' id='word_1_34' title='bbox 545 694 774 758; x_wconf 87' lang='grc' dir='ltr'>πίνακα,</span> <span class='ocrx_word' id='word_1_35' title='bbox 826 693 982 747; x_wconf 88' lang='grc' dir='ltr'>πόλιν</span> <span class='ocrx_word' id='word_1_36' title='bbox 1007 711 1073 747; x_wconf 86' lang='grc' dir='ltr'><strong>τε</strong></span> <span class='ocrx_word' id='word_1_37' title='bbox 1117 694 1213 748; x_wconf 70' lang='grc' dir='ltr'>καὶ</span> <span class='ocrx_word' id='word_1_38' title='bbox 1262 693 1368 765; x_wconf 72' lang='grc' dir='ltr'><strong>ἢθη</strong></span> <span class='ocrx_word' id='word_1_39' title='bbox 1410 691 1714 765; x_wconf 84' lang='grc' dir='ltr'>ἀνθρώπων</span> <span class='ocrx_word' id='word_1_40' title='bbox 1740 734 1757 760; x_wconf 90' lang='grc'><strong>,</strong></span> 
     </span>
    </p>
   </div>
   <div class='ocr_carea' id='block_1_8' title="bbox 164 784 1755 860">
    <p class='ocr_par' dir='ltr' id='par_1_8' title="bbox 164 784 1755 860">
     <span class='ocr_line' id='line_1_8' title="bbox 164 784 1755 860; baseline -0.001 -18"><span class='ocrx_word' id='word_1_41' title='bbox 164 786 383 860; x_wconf 82' lang='grc' dir='ltr'>πρῶτον</span> <span class='ocrx_word' id='word_1_42' title='bbox 421 787 518 858; x_wconf 81' lang='grc' dir='ltr'>μὲν</span> <span class='ocrx_word' id='word_1_43' title='bbox 535 786 784 858; x_wconf 73' lang='grc' dir='ltr'>καθαρὰν</span> <span class='ocrx_word' id='word_1_44' title='bbox 809 787 1092 859; x_wconf 83' lang='grc' dir='ltr'>ποιήσειαν</span> <span class='ocrx_word' id='word_1_45' title='bbox 1121 785 1208 852; x_wconf 75' lang='grc' dir='ltr'>ἂν,</span> <span class='ocrx_word' id='word_1_46' title='bbox 1249 785 1278 839; x_wconf 85' lang='grc' dir='ltr'><strong>δ</strong></span> <span class='ocrx_word' id='word_1_47' title='bbox 1300 785 1364 838; x_wconf 77' lang='grc' dir='ltr'>οὐ</span> <span class='ocrx_word' id='word_1_48' title='bbox 1390 784 1531 841; x_wconf 84' lang='grc' dir='ltr'>πάνυ</span> <span class='ocrx_word' id='word_1_49' title='bbox 1557 786 1755 858; x_wconf 77' lang='grc' dir='ltr'>ῥᾴδιον.</span> 
     </span>
    </p>
   </div>
   <div class='ocr_carea' id='block_1_9' title="bbox 172 874 1757 950">
    <p class='ocr_par' dir='ltr' id='par_1_9' title="bbox 172 874 1757 950">
     <span class='ocr_line' id='line_1_9' title="bbox 172 874 1757 950; baseline -0.001 -17"><span class='ocrx_word' id='word_1_50' title='bbox 172 879 319 933; x_wconf 81' lang='grc' dir='ltr'>Ἀλλ’</span> <span class='ocrx_word' id='word_1_51' title='bbox 349 874 442 933; x_wconf 81' lang='grc' dir='ltr'>οὖν</span> <span class='ocrx_word' id='word_1_52' title='bbox 470 874 608 932; x_wconf 74' lang='grc' dir='ltr'>οἷσθ’</span> <span class='ocrx_word' id='word_1_53' title='bbox 646 877 758 950; x_wconf 80' lang='grc' dir='ltr'><strong>(Η)</strong></span> <span class='ocrx_word' id='word_1_54' title='bbox 796 880 879 933; x_wconf 85' lang='grc' dir='ltr'>ὅτι</span> <span class='ocrx_word' id='word_1_55' title='bbox 925 878 1103 950; x_wconf 85' lang='grc' dir='ltr'>τούτῳ</span> <span class='ocrx_word' id='word_1_56' title='bbox 1144 877 1212 932; x_wconf 77' lang='grc' dir='ltr'>ἂν</span> <span class='ocrx_word' id='word_1_57' title='bbox 1240 876 1408 942; x_wconf 79' lang='grc' dir='ltr'>εὐθὺς</span> <span class='ocrx_word' id='word_1_58' title='bbox 1446 876 1556 932; x_wconf 85' lang='grc' dir='ltr'><strong>τῶν</strong></span> <span class='ocrx_word' id='word_1_59' title='bbox 1581 877 1757 931; x_wconf 72' lang='grc' dir='ltr'>ἄλλων</span> 
     </span>
    </p>
   </div>
   <div class='ocr_carea' id='block_1_10' title="bbox 162 968 1758 1041">
    <p class='ocr_par' dir='ltr' id='par_1_10' title="bbox 162 968 1758 1041">
     <span class='ocr_line' id='line_1_10' title="bbox 162 968 1758 1041; baseline -0.001 -18"><span class='ocrx_word' id='word_1_60' title='bbox 162 970 500 1039; x_wconf 80' lang='grc' dir='ltr'>διενέγκαιεν</span> <span class='ocrx_word' id='word_1_61' title='bbox 525 968 660 1039; x_wconf 75' lang='lat' dir='ltr'><strong>(l2),</strong></span> <span class='ocrx_word' id='word_1_62' title='bbox 690 968 772 1041; x_wconf 80' lang='grc' dir='ltr'>τῷ</span> <span class='ocrx_word' id='word_1_63' title='bbox 804 971 941 1041; x_wconf 84' lang='grc' dir='ltr'>μήτε</span> <span class='ocrx_word' id='word_1_64' title='bbox 967 969 1206 1034; x_wconf 77' lang='grc' dir='ltr'><strong>ἰδιώτου,</strong></span> <span class='ocrx_word' id='word_1_65' title='bbox 1237 971 1377 1041; x_wconf 83' lang='grc' dir='ltr'>μήτε</span> <span class='ocrx_word' id='word_1_66' title='bbox 1404 969 1615 1033; x_wconf 87' lang='grc' dir='ltr'>πόλεως</span> <span class='ocrx_word' id='word_1_67' title='bbox 1640 969 1758 1023; x_wconf 83' lang='grc' dir='ltr'>ἐθε-</span> 
     </span>
    </p>
   </div>
   <div class='ocr_carea' id='block_1_11' title="bbox 162 1060 1755 1134">
    <p class='ocr_par' dir='ltr' id='par_1_11' title="bbox 162 1060 1755 1134">
     <span class='ocr_line' id='line_1_11' title="bbox 162 1060 1755 1134; baseline 0 -19"><span class='ocrx_word' id='word_1_68' title='bbox 162 1062 333 1133; x_wconf 79' lang='grc' dir='ltr'>λῆσαι</span> <span class='ocrx_word' id='word_1_69' title='bbox 365 1061 432 1115; x_wconf 77' lang='grc' dir='ltr'>ἂν</span> <span class='ocrx_word' id='word_1_70' title='bbox 458 1062 569 1133; x_wconf 80' lang='grc'><strong>(15)</strong></span> <span class='ocrx_word' id='word_1_71' title='bbox 608 1060 846 1133; x_wconf 75' lang='grc' dir='ltr'>ἅψασθαι</span> <span class='ocrx_word' id='word_1_72' title='bbox 868 1102 882 1125; x_wconf 94' lang='grc'><strong>,</strong></span> <span class='ocrx_word' id='word_1_73' title='bbox 920 1062 1056 1134; x_wconf 86' lang='grc' dir='ltr'>μηδὲ</span> <span class='ocrx_word' id='word_1_74' title='bbox 1088 1062 1323 1134; x_wconf 84' lang='grc' dir='ltr'>γράφειν</span> <span class='ocrx_word' id='word_1_75' title='bbox 1356 1062 1556 1133; x_wconf 84' lang='grc' dir='ltr'>νόμους</span> <span class='ocrx_word' id='word_1_76' title='bbox 1580 1102 1595 1126; x_wconf 92' lang='grc'><strong>,</strong></span> <span class='ocrx_word' id='word_1_77' title='bbox 1625 1062 1755 1134; x_wconf 80' lang='grc' dir='ltr'>πρὶν</span> 
     </span>
    </p>
   </div>
   <div class='ocr_carea' id='block_1_12' title="bbox 160 1153 1754 1227">
    <p class='ocr_par' dir='ltr' id='par_1_12' title="bbox 160 1153 1754 1227">
     <span class='ocr_line' id='line_1_12' title="bbox 160 1153 1754 1227; baseline 0 -20"><span class='ocrx_word' id='word_1_78' title='bbox 160 1153 509 1226; x_wconf 62' lang='grc' dir='ltr'>πραλαῦεῖν</span> <span class='ocrx_word' id='word_1_79' title='bbox 531 1153 799 1226; x_wconf 78' lang='grc' dir='ltr'>καθαρὰν,</span> <span class='ocrx_word' id='word_1_80' title='bbox 830 1153 1039 1224; x_wconf 77' lang='grc' dir='ltr'>ἢαὺτοὶ</span> <span class='ocrx_word' id='word_1_81' title='bbox 1074 1155 1315 1226; x_wconf 84' lang='grc' dir='ltr'>ποιῆσαι.</span> <span class='ocrx_word' id='word_1_82' title='bbox 1344 1154 1541 1208; x_wconf 67' lang='grc' dir='ltr'><strong>-Καὶ</strong></span> <span class='ocrx_word' id='word_1_83' title='bbox 1578 1154 1754 1227; x_wconf 83' lang='grc' dir='ltr'><strong>ὀρθῶς</strong></span> 
     </span>
    </p>
   </div>
   <div class='ocr_carea' id='block_1_13' title="bbox 158 1243 1753 1316">
    <p class='ocr_par' dir='ltr' id='par_1_13' title="bbox 158 1243 1753 1316">
     <span class='ocr_line' id='line_1_13' title="bbox 158 1243 1753 1316; baseline 0 -18"><span class='ocrx_word' id='word_1_84' title='bbox 158 1261 246 1313; x_wconf 89' lang='grc' dir='ltr'><strong>γε,</strong></span> <span class='ocrx_word' id='word_1_85' title='bbox 266 1244 393 1315; x_wconf 78' lang='grc' dir='ltr'><strong>ἔφη.</strong></span> <span class='ocrx_word' id='word_1_86' title='bbox 409 1274 481 1284; x_wconf 90' lang='grc'><strong><em>-</em></strong></span> <span class='ocrx_word' id='word_1_87' title='bbox 503 1244 712 1298; x_wconf 81' lang='grc' dir='ltr'>Οὐκοῦν</span> <span class='ocrx_word' id='word_1_88' title='bbox 749 1245 886 1316; x_wconf 83' lang='grc' dir='ltr'>μετὰ</span> <span class='ocrx_word' id='word_1_89' title='bbox 911 1244 1083 1298; x_wconf 82' lang='grc' dir='ltr'>ταῦτα</span> <span class='ocrx_word' id='word_1_90' title='bbox 1101 1243 1203 1298; x_wconf 85' lang='grc' dir='ltr'>οίει</span> <span class='ocrx_word' id='word_1_91' title='bbox 1243 1244 1662 1316; x_wconf 75' lang='grc' dir='ltr'><strong>ὑπογράψασθαι</strong></span> <span class='ocrx_word' id='word_1_92' title='bbox 1687 1244 1753 1298; x_wconf 82' lang='grc' dir='ltr'>ἂν</span> 
     </span>
    </p>
   </div>
   <div class='ocr_carea' id='block_1_14' title="bbox 157 1332 1749 1410">
    <p class='ocr_par' dir='ltr' id='par_1_14' title="bbox 157 1332 1749 1410">
     <span class='ocr_line' id='line_1_14' title="bbox 157 1332 1749 1410; baseline -0.002 -18"><span class='ocrx_word' id='word_1_93' title='bbox 157 1339 225 1392; x_wconf 84' lang='grc' dir='ltr'>τὸ</span> <span class='ocrx_word' id='word_1_94' title='bbox 250 1339 437 1410; x_wconf 87' lang='grc' dir='ltr'>σχῆμα</span> <span class='ocrx_word' id='word_1_95' title='bbox 459 1338 558 1410; x_wconf 78' lang='grc' dir='ltr'>τῆς</span> <span class='ocrx_word' id='word_1_96' title='bbox 579 1337 887 1403; x_wconf 88' lang='grc' dir='ltr'>πολιτείας;</span> <span class='ocrx_word' id='word_1_97' title='bbox 910 1336 1058 1389; x_wconf 89' lang='grc' dir='ltr'><strong>-Τί</strong></span> <span class='ocrx_word' id='word_1_98' title='bbox 1085 1337 1192 1407; x_wconf 82' lang='grc' dir='ltr'>μήν</span> <span class='ocrx_word' id='word_1_99' title='bbox 1209 1336 1557 1403; x_wconf 86' lang='grc' dir='ltr'>;-Ἔπειτα,</span> <span class='ocrx_word' id='word_1_100' title='bbox 1573 1332 1749 1403; x_wconf 76' lang='grc' dir='ltr'>οἶμαι,</span> 
     </span>
    </p>
   </div>
   <div class='ocr_carea' id='block_1_15' title="bbox 159 1427 1748 1503">
    <p class='ocr_par' dir='ltr' id='par_1_15' title="bbox 159 1427 1748 1503">
     <span class='ocr_line' id='line_1_15' title="bbox 159 1427 1748 1503; baseline -0.001 -19"><span class='ocrx_word' id='word_1_101' title='bbox 159 1427 604 1503; x_wconf 80' lang='grc' dir='ltr'>ἀπεργαζόμενοι</span> <span class='ocrx_word' id='word_1_102' title='bbox 627 1470 643 1495; x_wconf 93' lang='grc'><strong>,</strong></span> <span class='ocrx_word' id='word_1_103' title='bbox 685 1429 868 1484; x_wconf 83' lang='grc' dir='ltr'>πυκνὰ</span> <span class='ocrx_word' id='word_1_104' title='bbox 902 1427 969 1483; x_wconf 82' lang='grc' dir='ltr'>ἂν</span> <span class='ocrx_word' id='word_1_105' title='bbox 1002 1428 1309 1500; x_wconf 74' lang='grc' dir='ltr'><strong>ἑκατέρωσε</strong></span> <span class='ocrx_word' id='word_1_106' title='bbox 1369 1428 1748 1493; x_wconf 75' lang='grc' dir='ltr'>ἀποϐλέποιεν,</span> 
     </span>
    </p>
   </div>
   <div class='ocr_carea' id='block_1_16' title="bbox 162 1520 1751 1594">
    <p class='ocr_par' dir='ltr' id='par_1_16' title="bbox 162 1520 1751 1594">
     <span class='ocr_line' id='line_1_16' title="bbox 162 1520 1751 1594; baseline -0.001 -18"><span class='ocrx_word' id='word_1_107' title='bbox 162 1524 305 1594; x_wconf 82' lang='grc' dir='ltr'>πρός</span> <span class='ocrx_word' id='word_1_108' title='bbox 339 1541 402 1577; x_wconf 88' lang='grc' dir='ltr'><strong>τε</strong></span> <span class='ocrx_word' id='word_1_109' title='bbox 432 1525 494 1578; x_wconf 87' lang='grc' dir='ltr'>τὸ</span> <span class='ocrx_word' id='word_1_110' title='bbox 524 1522 682 1594; x_wconf 87' lang='grc' dir='ltr'>φύσει</span> <span class='ocrx_word' id='word_1_111' title='bbox 710 1523 917 1577; x_wconf 86' lang='grc' dir='ltr'>δίκαιον</span> <span class='ocrx_word' id='word_1_112' title='bbox 957 1522 1051 1576; x_wconf 79' lang='grc' dir='ltr'>καὶ</span> <span class='ocrx_word' id='word_1_113' title='bbox 1070 1520 1235 1575; x_wconf 85' lang='grc' dir='ltr'>καλὸν</span> <span class='ocrx_word' id='word_1_114' title='bbox 1262 1521 1358 1576; x_wconf 73' lang='grc' dir='ltr'>καὶ</span> <span class='ocrx_word' id='word_1_115' title='bbox 1388 1520 1624 1593; x_wconf 88' lang='grc' dir='ltr'>σῶφρον,</span> <span class='ocrx_word' id='word_1_116' title='bbox 1656 1523 1751 1575; x_wconf 80' lang='grc' dir='ltr'>καὶ</span> 
     </span>
    </p>
   </div>
   <div class='ocr_carea' id='block_1_17' title="bbox 161 1611 1748 1689">
    <p class='ocr_par' dir='ltr' id='par_1_17' title="bbox 161 1611 1748 1689">
     <span class='ocr_line' id='line_1_17' title="bbox 161 1611 1748 1689; baseline 0.001 -22"><span class='ocrx_word' id='word_1_117' title='bbox 161 1615 342 1670; x_wconf 85' lang='grc' dir='ltr'>πάντα</span> <span class='ocrx_word' id='word_1_118' title='bbox 366 1617 437 1671; x_wconf 83' lang='grc' dir='ltr'>τὰ</span> <span class='ocrx_word' id='word_1_119' title='bbox 455 1615 687 1671; x_wconf 80' lang='grc' dir='ltr'>τοιαῦτα</span> <span class='ocrx_word' id='word_1_120' title='bbox 707 1632 719 1644; x_wconf 94' lang='grc'>·</span> <span class='ocrx_word' id='word_1_121' title='bbox 754 1618 847 1670; x_wconf 77' lang='grc' dir='ltr'><strong>καὶ</strong></span> <span class='ocrx_word' id='word_1_122' title='bbox 882 1615 1019 1689; x_wconf 80' lang='grc' dir='ltr'>πρὸς</span> <span class='ocrx_word' id='word_1_123' title='bbox 1041 1618 1222 1669; x_wconf 75' lang='grc' dir='ltr'>ἐκείνο</span> <span class='ocrx_word' id='word_1_124' title='bbox 1246 1611 1337 1680; x_wconf 84' lang='grc' dir='ltr'><strong>αὗ,</strong></span> <span class='ocrx_word' id='word_1_125' title='bbox 1361 1615 1390 1669; x_wconf 84' lang='grc' dir='ltr'><strong>δ</strong></span> <span class='ocrx_word' id='word_1_126' title='bbox 1418 1617 1476 1669; x_wconf 84' lang='grc' dir='ltr'><strong>ἐν</strong></span> <span class='ocrx_word' id='word_1_127' title='bbox 1508 1619 1621 1680; x_wconf 78' lang='grc' dir='ltr'>τοῖς</span> <span class='ocrx_word' id='word_1_128' title='bbox 1652 1616 1748 1669; x_wconf 81' lang='grc' dir='ltr'>άν-</span> 
     </span>
    </p>
   </div>
   <div class='ocr_carea' id='block_1_18' title="bbox 161 1706 1748 1781">
    <p class='ocr_par' dir='ltr' id='par_1_18' title="bbox 161 1706 1748 1781">
     <span class='ocr_line' id='line_1_18' title="bbox 161 1706 1748 1781; baseline 0 -21"><span class='ocrx_word' id='word_1_129' title='bbox 161 1706 406 1779; x_wconf 84' lang='grc' dir='ltr'>θρὼποις</span> <span class='ocrx_word' id='word_1_130' title='bbox 426 1711 722 1781; x_wconf 78' lang='grc' dir='ltr'>ἐμποιοῖεν,</span> <span class='ocrx_word' id='word_1_131' title='bbox 758 1707 1160 1780; x_wconf 79' lang='grc' dir='ltr'>ξυμμιγνύντες</span> <span class='ocrx_word' id='word_1_132' title='bbox 1182 1725 1243 1761; x_wconf 85' lang='grc' dir='ltr'><strong>τε</strong></span> <span class='ocrx_word' id='word_1_133' title='bbox 1273 1708 1365 1762; x_wconf 76' lang='grc' dir='ltr'>καὶ</span> <span class='ocrx_word' id='word_1_134' title='bbox 1393 1707 1748 1778; x_wconf 80' lang='grc' dir='ltr'>κεραννύντες</span> 
     </span>
    </p>
   </div>
   <div class='ocr_carea' id='block_1_19' title="bbox 159 1799 1746 1873">
    <p class='ocr_par' dir='ltr' id='par_1_19' title="bbox 159 1799 1746 1873">
     <span class='ocr_line' id='line_1_19' title="bbox 159 1799 1746 1873; baseline 0.001 -21"><span class='ocrx_word' id='word_1_135' title='bbox 159 1800 228 1853; x_wconf 78' lang='grc' dir='ltr'><strong>ἐκ</strong></span> <span class='ocrx_word' id='word_1_136' title='bbox 258 1799 370 1853; x_wconf 87' lang='grc' dir='ltr'><strong>τῶν</strong></span> <span class='ocrx_word' id='word_1_137' title='bbox 399 1800 653 1873; x_wconf 86' lang='grc' dir='ltr'>ἐπιτηδευ</span> <span class='ocrx_word' id='word_1_138' title='bbox 662 1801 867 1872; x_wconf 86' lang='grc' dir='ltr'>μάτων,</span> <span class='ocrx_word' id='word_1_139' title='bbox 892 1800 954 1854; x_wconf 84' lang='grc' dir='ltr'>τὸ</span> <span class='ocrx_word' id='word_1_140' title='bbox 1001 1800 1364 1872; x_wconf 78' lang='grc' dir='ltr'>ἀνδρείκελον,</span> <span class='ocrx_word' id='word_1_141' title='bbox 1417 1801 1512 1854; x_wconf 84' lang='grc' dir='ltr'><strong>ἀπ’</strong></span> <span class='ocrx_word' id='word_1_142' title='bbox 1538 1800 1746 1854; x_wconf 85' lang='grc' dir='ltr'>ἐκείνου</span> 
     </span>
    </p>
   </div>
   <div class='ocr_carea' id='block_1_20' title="bbox 1860 597 3441 670">
    <p class='ocr_par' dir='ltr' id='par_1_20' title="bbox 1860 597 3441 670">
     <span class='ocr_line' id='line_1_20' title="bbox 1860 597 3441 670; baseline 0.003 -17"><span class='ocrx_word' id='word_1_143' title='bbox 1860 598 2059 669; x_wconf 78' lang='lat' dir='ltr'><strong>inquit.</strong></span> <span class='ocrx_word' id='word_1_144' title='bbox 2085 628 2157 641; x_wconf 88' lang='lat'><strong>——-</strong></span> <span class='ocrx_word' id='word_1_145' title='bbox 2182 597 2250 654; x_wconf 88' lang='lat' dir='ltr'><strong>Et</strong></span> <span class='ocrx_word' id='word_1_146' title='bbox 2279 598 2594 665; x_wconf 73' lang='lat' dir='ltr'><strong>multitudo,</strong></span> <span class='ocrx_word' id='word_1_147' title='bbox 2623 599 2869 670; x_wconf 86' lang='lat' dir='ltr'><strong>inquam,</strong></span> <span class='ocrx_word' id='word_1_148' title='bbox 2901 598 2951 654; x_wconf 86' lang='lat' dir='ltr'><strong>si</strong></span> <span class='ocrx_word' id='word_1_149' title='bbox 2993 600 3161 656; x_wconf 80' lang='lat' dir='ltr'><strong>semel</strong></span> <span class='ocrx_word' id='word_1_150' title='bbox 3190 615 3378 656; x_wconf 84' lang='lat' dir='ltr'><strong>verum</strong></span> <span class='ocrx_word' id='word_1_151' title='bbox 3406 618 3441 658; x_wconf 83' lang='lat' dir='ltr'><strong>a</strong></span> 
     </span>
    </p>
   </div>
   <div class='ocr_carea' id='block_1_21' title="bbox 1860 690 3437 767">
    <p class='ocr_par' dir='ltr' id='par_1_21' title="bbox 1860 690 3437 767">
     <span class='ocr_line' id='line_1_21' title="bbox 1860 690 3437 767; baseline 0.001 -21"><span class='ocrx_word' id='word_1_152' title='bbox 1860 692 2021 748; x_wconf 88' lang='lat' dir='ltr'><strong>nobis</strong></span> <span class='ocrx_word' id='word_1_153' title='bbox 2042 691 2149 747; x_wconf 90' lang='lat' dir='ltr'><strong>hoc</strong></span> <span class='ocrx_word' id='word_1_154' title='bbox 2171 691 2226 746; x_wconf 88' lang='lat' dir='ltr'><strong>in</strong></span> <span class='ocrx_word' id='word_1_155' title='bbox 2254 706 2451 763; x_wconf 86' lang='lat' dir='ltr'><strong>genere</strong></span> <span class='ocrx_word' id='word_1_156' title='bbox 2478 691 2587 767; x_wconf 83' lang='lat' dir='ltr'><strong>dici</strong></span> <span class='ocrx_word' id='word_1_157' title='bbox 2619 690 2969 763; x_wconf 71' lang='lat' dir='ltr'><strong>cognoverit,</strong></span> <span class='ocrx_word' id='word_1_158' title='bbox 3015 690 3230 746; x_wconf 89' lang='lat' dir='ltr'><strong>ultraue</strong></span> <span class='ocrx_word' id='word_1_159' title='bbox 3255 691 3437 761; x_wconf 86' lang='lat' dir='ltr'><strong>philo-</strong></span> 
     </span>
    </p>
   </div>
   <div class='ocr_carea' id='block_1_22' title="bbox 1857 782 3439 855">
    <p class='ocr_par' dir='ltr' id='par_1_22' title="bbox 1857 782 3439 855">
     <span class='ocr_line' id='line_1_22' title="bbox 1857 782 3439 855; baseline -0.001 -13"><span class='ocrx_word' id='word_1_160' title='bbox 1857 785 2047 855; x_wconf 90' lang='lat' dir='ltr'><strong>sophis</strong></span> <span class='ocrx_word' id='word_1_161' title='bbox 2096 785 2465 851; x_wconf 83' lang='lat' dir='ltr'><strong>succensebit,</strong></span> <span class='ocrx_word' id='word_1_162' title='bbox 2509 799 2575 841; x_wconf 92' lang='lat' dir='ltr'><strong>ac</strong></span> <span class='ocrx_word' id='word_1_163' title='bbox 2619 784 2779 841; x_wconf 78' lang='lat' dir='ltr'><strong>ﬁdem</strong></span> <span class='ocrx_word' id='word_1_164' title='bbox 2807 784 2969 840; x_wconf 86' lang='lat' dir='ltr'><strong>nobis</strong></span> <span class='ocrx_word' id='word_1_165' title='bbox 3008 782 3279 848; x_wconf 76' lang='lat' dir='ltr'><strong>detrahet,</strong></span> <span class='ocrx_word' id='word_1_166' title='bbox 3307 783 3439 840; x_wconf 88' lang='lat' dir='ltr'><strong>dum</strong></span> 
     </span>
    </p>
   </div>
   <div class='ocr_carea' id='block_1_23' title="bbox 1856 877 3439 949">
    <p class='ocr_par' dir='ltr' id='par_1_23' title="bbox 1856 877 3439 949">
     <span class='ocr_line' id='line_1_23' title="bbox 1856 877 3439 949; baseline -0.001 -15"><span class='ocrx_word' id='word_1_167' title='bbox 1856 878 2252 949; x_wconf 79' lang='lat' dir='ltr'><strong>rempublicam</strong></span> <span class='ocrx_word' id='word_1_168' title='bbox 2305 877 2466 933; x_wconf 86' lang='lat' dir='ltr'><strong>aliter</strong></span> <span class='ocrx_word' id='word_1_169' title='bbox 2492 877 2704 933; x_wconf 75' lang='lat' dir='ltr'><strong>felicem</strong></span> <span class='ocrx_word' id='word_1_170' title='bbox 2729 877 2967 933; x_wconf 78' lang='lat' dir='ltr'><strong>futuram</strong></span> <span class='ocrx_word' id='word_1_171' title='bbox 2995 891 3281 947; x_wconf 88' lang='lat' dir='ltr'><strong>negamus,</strong></span> <span class='ocrx_word' id='word_1_172' title='bbox 3330 877 3439 934; x_wconf 85' lang='lat' dir='ltr'><strong>nisi</strong></span> 
     </span>
    </p>
   </div>
   <div class='ocr_carea' id='block_1_24' title="bbox 1854 968 3440 1042">
    <p class='ocr_par' dir='ltr' id='par_1_24' title="bbox 1854 968 3440 1042">
     <span class='ocr_line' id='line_1_24' title="bbox 1854 968 3440 1042; baseline -0.003 -15"><span class='ocrx_word' id='word_1_173' title='bbox 1854 986 1976 1027; x_wconf 86' lang='lat' dir='ltr'><strong>eam</strong></span> <span class='ocrx_word' id='word_1_174' title='bbox 2026 972 2265 1042; x_wconf 82' lang='lat' dir='ltr'><strong>pictores</strong></span> <span class='ocrx_word' id='word_1_175' title='bbox 2311 971 2389 1026; x_wconf 91' lang='lat' dir='ltr'><strong>illi</strong></span> <span class='ocrx_word' id='word_1_176' title='bbox 2442 969 2690 1026; x_wconf 87' lang='lat' dir='ltr'><strong>divinum</strong></span> <span class='ocrx_word' id='word_1_177' title='bbox 2740 969 3018 1041; x_wconf 85' lang='lat' dir='ltr'><strong>exemplar</strong></span> <span class='ocrx_word' id='word_1_178' title='bbox 3048 968 3321 1025; x_wconf 87' lang='lat' dir='ltr'><strong>intuentes</strong></span> <span class='ocrx_word' id='word_1_179' title='bbox 3354 970 3440 1023; x_wconf 78' lang='lat' dir='ltr'><strong>in-</strong></span> 
     </span>
    </p>
   </div>
   <div class='ocr_carea' id='block_1_25' title="bbox 1854 1063 3439 1135">
    <p class='ocr_par' dir='ltr' id='par_1_25' title="bbox 1854 1063 3439 1135">
     <span class='ocr_line' id='line_1_25' title="bbox 1854 1063 3439 1135; baseline -0.002 -14"><span class='ocrx_word' id='word_1_180' title='bbox 1854 1064 2250 1121; x_wconf 76' lang='lat' dir='ltr'><strong>formaverint?</strong></span> <span class='ocrx_word' id='word_1_181' title='bbox 2267 1063 2628 1135; x_wconf 85' lang='lat' dir='ltr'><strong>—-Nunquam</strong></span> <span class='ocrx_word' id='word_1_182' title='bbox 2659 1064 2861 1122; x_wconf 84' lang='lat' dir='ltr'><strong>hercle.</strong></span> <span class='ocrx_word' id='word_1_183' title='bbox 2886 1063 2941 1118; x_wconf 87' lang='lat' dir='ltr'><strong>id</strong></span> <span class='ocrx_word' id='word_1_184' title='bbox 2965 1063 3013 1120; x_wconf 91' lang='lat' dir='ltr'><strong>si</strong></span> <span class='ocrx_word' id='word_1_185' title='bbox 3046 1064 3210 1118; x_wconf 87' lang='lat' dir='ltr'><strong>modo</strong></span> <span class='ocrx_word' id='word_1_186' title='bbox 3236 1076 3439 1134; x_wconf 63' lang='lat' dir='ltr'><strong>cogno-</strong></span> 
     </span>
    </p>
   </div>
   <div class='ocr_carea' id='block_1_26' title="bbox 1854 1154 3439 1227">
    <p class='ocr_par' dir='ltr' id='par_1_26' title="bbox 1854 1154 3439 1227">
     <span class='ocr_line' id='line_1_26' title="bbox 1854 1154 3439 1227; baseline 0 -17"><span class='ocrx_word' id='word_1_187' title='bbox 1854 1157 2012 1213; x_wconf 84' lang='lat' dir='ltr'><strong>verit.</strong></span> <span class='ocrx_word' id='word_1_188' title='bbox 2085 1155 2228 1224; x_wconf 89' lang='lat' dir='ltr'><strong>Sed,</strong></span> <span class='ocrx_word' id='word_1_189' title='bbox 2278 1156 2555 1227; x_wconf 88' lang='lat' dir='ltr'><strong>quodnam</strong></span> <span class='ocrx_word' id='word_1_190' title='bbox 2595 1157 2769 1221; x_wconf 89' lang='lat' dir='ltr'><strong>istuc,</strong></span> <span class='ocrx_word' id='word_1_191' title='bbox 2802 1157 3069 1223; x_wconf 86' lang='lat' dir='ltr'><strong>obsecro,</strong></span> <span class='ocrx_word' id='word_1_192' title='bbox 3106 1154 3439 1210; x_wconf 83' lang='lat' dir='ltr'><strong>informandi</strong></span> 
     </span>
    </p>
   </div>
   <div class='ocr_carea' id='block_1_27' title="bbox 1854 1246 3439 1320">
    <p class='ocr_par' dir='ltr' id='par_1_27' title="bbox 1854 1246 3439 1320">
     <span class='ocr_line' id='line_1_27' title="bbox 1854 1246 3439 1320; baseline -0.001 -17"><span class='ocrx_word' id='word_1_193' title='bbox 1854 1263 2026 1320; x_wconf 88' lang='lat' dir='ltr'><strong>genus</strong></span> <span class='ocrx_word' id='word_1_194' title='bbox 2059 1248 2321 1320; x_wconf 74' lang='lat' dir='ltr'><strong>intelligis</strong></span> <span class='ocrx_word' id='word_1_195' title='bbox 2340 1248 2441 1303; x_wconf 65' lang='lat'><strong>1—</strong></span> <span class='ocrx_word' id='word_1_196' title='bbox 2472 1246 2695 1318; x_wconf 85' lang='lat' dir='ltr'><strong>Nempe,</strong></span> <span class='ocrx_word' id='word_1_197' title='bbox 2724 1246 3020 1314; x_wconf 76' lang='lat' dir='ltr'><strong>civitatem,</strong></span> <span class='ocrx_word' id='word_1_198' title='bbox 3045 1247 3288 1320; x_wconf 88' lang='lat' dir='ltr'><strong>inquam,</strong></span> <span class='ocrx_word' id='word_1_199' title='bbox 3319 1261 3439 1301; x_wconf 88' lang='lat' dir='ltr'><strong>mo-</strong></span> 
     </span>
    </p>
   </div>
   <div class='ocr_carea' id='block_1_28' title="bbox 1852 1338 3437 1411">
    <p class='ocr_par' dir='ltr' id='par_1_28' title="bbox 1852 1338 3437 1411">
     <span class='ocr_line' id='line_1_28' title="bbox 1852 1338 3437 1411; baseline 0.001 -18"><span class='ocrx_word' id='word_1_200' title='bbox 1852 1354 2050 1409; x_wconf 89' lang='lat' dir='ltr'><strong>resque</strong></span> <span class='ocrx_word' id='word_1_201' title='bbox 2069 1340 2381 1407; x_wconf 85' lang='lat' dir='ltr'><strong>hominum,</strong></span> <span class='ocrx_word' id='word_1_202' title='bbox 2411 1339 2569 1411; x_wconf 90' lang='lat' dir='ltr'><strong>quasi</strong></span> <span class='ocrx_word' id='word_1_203' title='bbox 2600 1339 2843 1395; x_wconf 64' lang='lat' dir='ltr'><strong>tabulam</strong></span> <span class='ocrx_word' id='word_1_204' title='bbox 2887 1338 3126 1410; x_wconf 86' lang='lat' dir='ltr'><strong>aliquam</strong></span> <span class='ocrx_word' id='word_1_205' title='bbox 3158 1339 3212 1393; x_wconf 91' lang='lat' dir='ltr'><strong>in</strong></span> <span class='ocrx_word' id='word_1_206' title='bbox 3239 1354 3437 1395; x_wconf 85' lang='lat' dir='ltr'><strong>manus</strong></span> 
     </span>
    </p>
   </div>
   <div class='ocr_carea' id='block_1_29' title="bbox 1852 1430 3437 1502">
    <p class='ocr_par' dir='ltr' id='par_1_29' title="bbox 1852 1430 3437 1502">
     <span class='ocr_line' id='line_1_29' title="bbox 1852 1430 3437 1502; baseline -0.001 -15"><span class='ocrx_word' id='word_1_207' title='bbox 1852 1441 2154 1499; x_wconf 87' lang='lat' dir='ltr'><strong>sumentes,</strong></span> <span class='ocrx_word' id='word_1_208' title='bbox 2186 1432 2256 1487; x_wconf 91' lang='lat' dir='ltr'><strong>ab</strong></span> <span class='ocrx_word' id='word_1_209' title='bbox 2280 1432 2431 1488; x_wconf 92' lang='lat' dir='ltr'><strong>omni</strong></span> <span class='ocrx_word' id='word_1_210' title='bbox 2479 1431 2714 1501; x_wconf 90' lang='lat' dir='ltr'><strong>primum</strong></span> <span class='ocrx_word' id='word_1_211' title='bbox 2743 1431 2867 1485; x_wconf 84' lang='lat' dir='ltr'><strong>labe</strong></span> <span class='ocrx_word' id='word_1_212' title='bbox 2893 1432 3226 1502; x_wconf 85' lang='lat' dir='ltr'><strong>purgabunt.</strong></span> <span class='ocrx_word' id='word_1_213' title='bbox 3280 1430 3437 1498; x_wconf 84' lang='lat' dir='ltr'><strong>Quod</strong></span> 
     </span>
    </p>
   </div>
   <div class='ocr_carea' id='block_1_30' title="bbox 1852 1522 3436 1593">
    <p class='ocr_par' dir='ltr' id='par_1_30' title="bbox 1852 1522 3436 1593">
     <span class='ocr_line' id='line_1_30' title="bbox 1852 1522 3436 1593; baseline 0.001 -17"><span class='ocrx_word' id='word_1_214' title='bbox 1852 1523 2073 1593; x_wconf 89' lang='lat' dir='ltr'><strong>quidem</strong></span> <span class='ocrx_word' id='word_1_215' title='bbox 2099 1539 2209 1578; x_wconf 91' lang='lat' dir='ltr'><strong>non</strong></span> <span class='ocrx_word' id='word_1_216' title='bbox 2240 1523 2536 1579; x_wconf 90' lang='lat' dir='ltr'><strong>admodum</strong></span> <span class='ocrx_word' id='word_1_217' title='bbox 2563 1522 2724 1579; x_wconf 85' lang='lat' dir='ltr'><strong>facile</strong></span> <span class='ocrx_word' id='word_1_218' title='bbox 2756 1530 2862 1578; x_wconf 88' lang='lat' dir='ltr'><strong>est.</strong></span> <span class='ocrx_word' id='word_1_219' title='bbox 2917 1522 3022 1579; x_wconf 90' lang='lat' dir='ltr'><strong>Sed</strong></span> <span class='ocrx_word' id='word_1_220' title='bbox 3050 1523 3155 1579; x_wconf 91' lang='lat' dir='ltr'><strong>hoc</strong></span> <span class='ocrx_word' id='word_1_221' title='bbox 3176 1523 3436 1577; x_wconf 88' lang='lat' dir='ltr'><strong>nimirum</strong></span> 
     </span>
    </p>
   </div>
   <div class='ocr_carea' id='block_1_31' title="bbox 1849 1616 3439 1688">
    <p class='ocr_par' dir='ltr' id='par_1_31' title="bbox 1849 1616 3439 1688">
     <span class='ocr_line' id='line_1_31' title="bbox 1849 1616 3439 1688; baseline 0.001 -19"><span class='ocrx_word' id='word_1_222' title='bbox 1849 1616 2020 1687; x_wconf 89' lang='lat' dir='ltr'><strong>probe</strong></span> <span class='ocrx_word' id='word_1_223' title='bbox 2050 1617 2214 1682; x_wconf 86' lang='lat' dir='ltr'><strong>nosti,</strong></span> <span class='ocrx_word' id='word_1_224' title='bbox 2250 1616 2335 1671; x_wconf 90' lang='lat' dir='ltr'><strong>vel</strong></span> <span class='ocrx_word' id='word_1_225' title='bbox 2363 1617 2468 1673; x_wconf 90' lang='lat' dir='ltr'><strong>hoc</strong></span> <span class='ocrx_word' id='word_1_226' title='bbox 2515 1616 2755 1671; x_wconf 80' lang='lat' dir='ltr'><strong>maxime</strong></span> <span class='ocrx_word' id='word_1_227' title='bbox 2776 1617 3004 1688; x_wconf 89' lang='lat' dir='ltr'><strong>reliquis</strong></span> <span class='ocrx_word' id='word_1_228' title='bbox 3033 1618 3288 1673; x_wconf 88' lang='lat' dir='ltr'><strong>omnibus</strong></span> <span class='ocrx_word' id='word_1_229' title='bbox 3317 1616 3439 1686; x_wconf 79' lang='lat' dir='ltr'><strong>phi-</strong></span> 
     </span>
    </p>
   </div>
   <div class='ocr_carea' id='block_1_32' title="bbox 1848 1707 3434 1781">
    <p class='ocr_par' dir='ltr' id='par_1_32' title="bbox 1848 1707 3434 1781">
     <span class='ocr_line' id='line_1_32' title="bbox 1848 1707 3434 1781; baseline 0.001 -18"><span class='ocrx_word' id='word_1_230' title='bbox 1848 1707 2114 1779; x_wconf 83' lang='lat' dir='ltr'><strong>losophos</strong></span> <span class='ocrx_word' id='word_1_231' title='bbox 2136 1709 2367 1776; x_wconf 89' lang='lat' dir='ltr'><strong>anteire,</strong></span> <span class='ocrx_word' id='word_1_232' title='bbox 2401 1708 2548 1778; x_wconf 89' lang='lat' dir='ltr'><strong>quod</strong></span> <span class='ocrx_word' id='word_1_233' title='bbox 2579 1725 2755 1780; x_wconf 89' lang='lat' dir='ltr'><strong>neque</strong></span> <span class='ocrx_word' id='word_1_234' title='bbox 2781 1710 3055 1781; x_wconf 87' lang='lat' dir='ltr'><strong>privatum</strong></span> <span class='ocrx_word' id='word_1_235' title='bbox 3082 1725 3434 1781; x_wconf 86' lang='lat' dir='ltr'><strong>quemquam,</strong></span> 
     </span>
    </p>
   </div>
   <div class='ocr_carea' id='block_1_33' title="bbox 1849 1800 3435 1875">
    <p class='ocr_par' dir='ltr' id='par_1_33' title="bbox 1849 1800 3435 1875">
     <span class='ocr_line' id='line_1_33' title="bbox 1849 1800 3435 1875; baseline 0.002 -20"><span class='ocrx_word' id='word_1_236' title='bbox 1849 1809 1946 1856; x_wconf 92' lang='lat' dir='ltr'><strong>aut</strong></span> <span class='ocrx_word' id='word_1_237' title='bbox 1977 1800 2372 1871; x_wconf 88' lang='lat' dir='ltr'><strong>rempublicam</strong></span> <span class='ocrx_word' id='word_1_238' title='bbox 2396 1802 2561 1857; x_wconf 87' lang='lat' dir='ltr'><strong>ullam</strong></span> <span class='ocrx_word' id='word_1_239' title='bbox 2596 1803 2885 1873; x_wconf 75' lang='lat' dir='ltr'><strong>attingere,</strong></span> <span class='ocrx_word' id='word_1_240' title='bbox 2910 1819 3013 1859; x_wconf 92' lang='lat' dir='ltr'><strong>nec</strong></span> <span class='ocrx_word' id='word_1_241' title='bbox 3042 1804 3186 1875; x_wconf 76' lang='lat' dir='ltr'><strong>leges</strong></span> <span class='ocrx_word' id='word_1_242' title='bbox 3211 1803 3435 1858; x_wconf 85' lang='lat' dir='ltr'><strong>omnino</strong></span> 
     </span>
    </p>
   </div>
   <div class='ocr_carea' id='block_1_34' title="bbox 158 1875 1742 1967">
    <p class='ocr_par' dir='ltr' id='par_1_34' title="bbox 158 1893 1742 1967">
     <span class='ocr_line' id='line_1_34' title="bbox 158 1893 1742 1967; baseline 0.001 -22"><span class='ocrx_word' id='word_1_243' title='bbox 158 1893 610 1966; x_wconf 82' lang='grc' dir='ltr'>τεκμαιρόμενοι,</span> <span class='ocrx_word' id='word_1_244' title='bbox 649 1894 679 1948; x_wconf 80' lang='grc' dir='ltr'><strong>ὃ</strong></span> <span class='ocrx_word' id='word_1_245' title='bbox 707 1893 772 1967; x_wconf 79' lang='grc' dir='ltr'>δὴ</span> <span class='ocrx_word' id='word_1_246' title='bbox 809 1894 921 1965; x_wconf 62' lang='lat' dir='ltr'><strong>(id)</strong></span> <span class='ocrx_word' id='word_1_247' title='bbox 975 1895 1070 1949; x_wconf 80' lang='grc' dir='ltr'>καὶ</span> <span class='ocrx_word' id='word_1_248' title='bbox 1105 1895 1353 1966; x_wconf 87' lang='grc' dir='ltr'>Ὄμηρος</span> <span class='ocrx_word' id='word_1_249' title='bbox 1399 1894 1657 1948; x_wconf 74' lang='grc' dir='ltr'>ἐκάλεσεν</span> <span class='ocrx_word' id='word_1_250' title='bbox 1689 1896 1742 1947; x_wconf 84' lang='grc' dir='ltr'><strong>ἐν</strong></span> 
     </span>
    </p>
   </div>
   <div class='ocr_carea' id='block_1_35' title="bbox 1856 1875 3437 1967">
    <p class='ocr_par' dir='ltr' id='par_1_35' title="bbox 1856 1892 3437 1967">
     <span class='ocr_line' id='line_1_35' title="bbox 1856 1892 3437 1967; baseline 0.001 -18"><span class='ocrx_word' id='word_1_251' title='bbox 1856 1892 1996 1949; x_wconf 76' lang='lat' dir='ltr'><strong>ferre</strong></span> <span class='ocrx_word' id='word_1_252' title='bbox 2030 1894 2220 1959; x_wconf 84' lang='lat' dir='ltr'><strong>velint,</strong></span> <span class='ocrx_word' id='word_1_253' title='bbox 2252 1894 2361 1950; x_wconf 89' lang='lat' dir='ltr'><strong>nisi</strong></span> <span class='ocrx_word' id='word_1_254' title='bbox 2393 1902 2692 1965; x_wconf 88' lang='lat' dir='ltr'><strong>utrumque</strong></span> <span class='ocrx_word' id='word_1_255' title='bbox 2721 1896 2874 1965; x_wconf 90' lang='lat' dir='ltr'><strong>prius</strong></span> <span class='ocrx_word' id='word_1_256' title='bbox 2901 1895 2986 1951; x_wconf 87' lang='lat' dir='ltr'><strong>vel</strong></span> <span class='ocrx_word' id='word_1_257' title='bbox 3022 1903 3311 1967; x_wconf 81' lang='lat' dir='ltr'><strong>purgatum</strong></span> <span class='ocrx_word' id='word_1_258' title='bbox 3345 1910 3437 1950; x_wconf 89' lang='lat' dir='ltr'><strong>ac-</strong></span> 
     </span>
    </p>
   </div>
   <div class='ocr_carea' id='block_1_36' title="bbox 157 1983 1749 2056">
    <p class='ocr_par' dir='ltr' id='par_1_36' title="bbox 157 1983 1749 2056">
     <span class='ocr_line' id='line_1_36' title="bbox 157 1983 1749 2056; baseline -0.001 -17"><span class='ocrx_word' id='word_1_259' title='bbox 157 1987 277 2049; x_wconf 84' lang='grc' dir='ltr'>τοῖς</span> <span class='ocrx_word' id='word_1_260' title='bbox 312 1984 622 2056; x_wconf 79' lang='grc' dir='ltr'>ἀνθρώποις</span> <span class='ocrx_word' id='word_1_261' title='bbox 649 1986 1036 2056; x_wconf 78' lang='grc' dir='ltr'>ἐγγιγνόμενον</span> <span class='ocrx_word' id='word_1_262' title='bbox 1083 1984 1313 2049; x_wconf 81' lang='grc' dir='ltr'>θεοειδές</span> <span class='ocrx_word' id='word_1_263' title='bbox 1355 2002 1416 2039; x_wconf 87' lang='grc' dir='ltr'><strong>τε</strong></span> <span class='ocrx_word' id='word_1_264' title='bbox 1450 1986 1547 2039; x_wconf 78' lang='grc' dir='ltr'>καὶ</span> <span class='ocrx_word' id='word_1_265' title='bbox 1579 1983 1749 2039; x_wconf 88' lang='grc' dir='ltr'>θεοεί-</span> 
     </span>
    </p>
   </div>
   <div class='ocr_carea' id='block_1_37' title="bbox 159 2069 1751 2147">
    <p class='ocr_par' dir='ltr' id='par_1_37' title="bbox 159 2069 1751 2147">
     <span class='ocr_line' id='line_1_37' title="bbox 159 2069 1751 2147; baseline 0.001 -20"><span class='ocrx_word' id='word_1_266' title='bbox 159 2074 340 2128; x_wconf 81' lang='grc' dir='ltr'>κελον.</span> <span class='ocrx_word' id='word_1_267' title='bbox 357 2102 429 2113; x_wconf 91' lang='lat'>—</span> <span class='ocrx_word' id='word_1_268' title='bbox 452 2074 675 2147; x_wconf 84' lang='grc' dir='ltr'>Ὀρθῶς,</span> <span class='ocrx_word' id='word_1_269' title='bbox 701 2073 827 2145; x_wconf 79' lang='grc' dir='ltr'>ἐφη.</span> <span class='ocrx_word' id='word_1_270' title='bbox 857 2103 926 2114; x_wconf 92' lang='lat'><strong>-—</strong></span> <span class='ocrx_word' id='word_1_271' title='bbox 948 2073 1059 2127; x_wconf 79' lang='grc' dir='ltr'><strong>Καὶ</strong></span> <span class='ocrx_word' id='word_1_272' title='bbox 1090 2072 1151 2127; x_wconf 79' lang='grc' dir='ltr'>τὸ</span> <span class='ocrx_word' id='word_1_273' title='bbox 1181 2074 1279 2145; x_wconf 80' lang='grc' dir='ltr'>μὲν</span> <span class='ocrx_word' id='word_1_274' title='bbox 1319 2072 1407 2138; x_wconf 79' lang='grc' dir='ltr'>ἂν,</span> <span class='ocrx_word' id='word_1_275' title='bbox 1430 2069 1603 2146; x_wconf 81' lang='grc' dir='ltr'>οἶμαι,</span> <span class='ocrx_word' id='word_1_276' title='bbox 1627 2073 1751 2139; x_wconf 83' lang='grc' dir='ltr'>ἐξα-</span> 
     </span>
    </p>
   </div>
   <div class='ocr_carea' id='block_1_38' title="bbox 1850 1984 3432 2058">
    <p class='ocr_par' dir='ltr' id='par_1_38' title="bbox 1850 1984 3432 2058">
     <span class='ocr_line' id='line_1_38' title="bbox 1850 1984 3432 2058; baseline 0 -16"><span class='ocrx_word' id='word_1_277' title='bbox 1850 1984 2119 2056; x_wconf 88' lang='lat' dir='ltr'><strong>ceperint,</strong></span> <span class='ocrx_word' id='word_1_278' title='bbox 2146 1986 2231 2041; x_wconf 85' lang='lat' dir='ltr'><strong>vel</strong></span> <span class='ocrx_word' id='word_1_279' title='bbox 2261 1985 2479 2056; x_wconf 90' lang='lat' dir='ltr'><strong>ipsimet</strong></span> <span class='ocrx_word' id='word_1_280' title='bbox 2507 1985 3037 2058; x_wconf 82' lang='lat' dir='ltr'><strong>purgaverint.—Et</strong></span> <span class='ocrx_word' id='word_1_281' title='bbox 3061 1986 3255 2042; x_wconf 83' lang='lat' dir='ltr'><strong>merito</strong></span> <span class='ocrx_word' id='word_1_282' title='bbox 3281 2001 3432 2052; x_wconf 87' lang='lat' dir='ltr'><strong>sane,</strong></span> 
     </span>
    </p>
   </div>
   <div class='ocr_carea' id='block_1_39' title="bbox 1850 2077 3436 2149">
    <p class='ocr_par' dir='ltr' id='par_1_39' title="bbox 1850 2077 3436 2149">
     <span class='ocr_line' id='line_1_39' title="bbox 1850 2077 3436 2149; baseline 0.001 -16"><span class='ocrx_word' id='word_1_283' title='bbox 1850 2077 2048 2149; x_wconf 90' lang='lat' dir='ltr'><strong>inquit.</strong></span> <span class='ocrx_word' id='word_1_284' title='bbox 2074 2109 2145 2118; x_wconf 93' lang='lat'><strong>—</strong></span> <span class='ocrx_word' id='word_1_285' title='bbox 2173 2077 2372 2134; x_wconf 81' lang='lat' dir='ltr'><strong>Postea</strong></span> <span class='ocrx_word' id='word_1_286' title='bbox 2405 2093 2554 2139; x_wconf 84' lang='lat' dir='ltr'><strong>vero.</strong></span> <span class='ocrx_word' id='word_1_287' title='bbox 2587 2094 2699 2134; x_wconf 92' lang='lat' dir='ltr'><strong>non</strong></span> <span class='ocrx_word' id='word_1_288' title='bbox 2733 2088 2790 2134; x_wconf 91' lang='lat' dir='ltr'><strong>tu</strong></span> <span class='ocrx_word' id='word_1_289' title='bbox 2822 2093 2918 2135; x_wconf 90' lang='lat' dir='ltr'><strong>eos</strong></span> <span class='ocrx_word' id='word_1_290' title='bbox 2965 2079 3225 2149; x_wconf 89' lang='lat' dir='ltr'><strong>optimam</strong></span> <span class='ocrx_word' id='word_1_291' title='bbox 3254 2079 3436 2149; x_wconf 82' lang='lat' dir='ltr'><strong>reipu-</strong></span> 
     </span>
    </p>
   </div>
   <div class='ocr_carea' id='block_1_40' title="bbox 158 2162 1742 2244">
    <p class='ocr_par' dir='ltr' id='par_1_40' title="bbox 158 2162 1742 2236">
     <span class='ocr_line' id='line_1_40' title="bbox 158 2162 1742 2236; baseline 0.001 -19"><span class='ocrx_word' id='word_1_292' title='bbox 158 2163 419 2233; x_wconf 84' lang='grc' dir='ltr'>λείφοιεν,</span> <span class='ocrx_word' id='word_1_293' title='bbox 444 2165 579 2219; x_wconf 80' lang='grc' dir='ltr'>τὸδὲ</span> <span class='ocrx_word' id='word_1_294' title='bbox 612 2165 774 2220; x_wconf 86' lang='grc' dir='ltr'>πάλιν</span> <span class='ocrx_word' id='word_1_295' title='bbox 792 2165 1142 2236; x_wconf 87' lang='grc' dir='ltr'>ἐγγράφοιεν,</span> <span class='ocrx_word' id='word_1_296' title='bbox 1171 2162 1276 2227; x_wconf 79' lang='grc' dir='ltr'>ἓως</span> <span class='ocrx_word' id='word_1_297' title='bbox 1306 2163 1375 2217; x_wconf 78' lang='grc' dir='ltr'>ἂν</span> <span class='ocrx_word' id='word_1_298' title='bbox 1402 2165 1483 2217; x_wconf 81' lang='grc' dir='ltr'>ὅτι</span> <span class='ocrx_word' id='word_1_299' title='bbox 1515 2163 1742 2234; x_wconf 85' lang='grc' dir='ltr'>μάλιστα</span> 
     </span>
    </p>
   </div>
   <div class='ocr_carea' id='block_1_41' title="bbox 1856 2162 3429 2244">
    <p class='ocr_par' dir='ltr' id='par_1_41' title="bbox 1856 2168 3429 2244">
     <span class='ocr_line' id='line_1_41' title="bbox 1856 2168 3429 2244; baseline 0.003 -19"><span class='ocrx_word' id='word_1_300' title='bbox 1856 2169 2003 2225; x_wconf 72' lang='grc' dir='ltr'>ὺιὶοιο</span> <span class='ocrx_word' id='word_1_301' title='bbox 2031 2168 2267 2225; x_wconf 82' lang='lat' dir='ltr'><strong>formam</strong></span> <span class='ocrx_word' id='word_1_302' title='bbox 2295 2169 2670 2241; x_wconf 88' lang='lat' dir='ltr'><strong>descripturos</strong></span> <span class='ocrx_word' id='word_1_303' title='bbox 2702 2172 3022 2229; x_wconf 82' lang='lat' dir='ltr'><strong>existimas?</strong></span> <span class='ocrx_word' id='word_1_304' title='bbox 3044 2202 3111 2215; x_wconf 88' lang='lat'><strong>——-</strong></span> <span class='ocrx_word' id='word_1_305' title='bbox 3145 2172 3429 2244; x_wconf 77' lang='lat' dir='ltr'><strong>Equidem.</strong></span> 
     </span>
    </p>
   </div>
   <div class='ocr_carea' id='block_1_42' title="bbox 154 2255 1742 2335">
    <p class='ocr_par' dir='ltr' id='par_1_42' title="bbox 154 2255 1742 2331">
     <span class='ocr_line' id='line_1_42' title="bbox 154 2255 1742 2331; baseline -0.001 -21"><span class='ocrx_word' id='word_1_306' title='bbox 154 2257 230 2311; x_wconf 83' lang='grc' dir='ltr'>τὰ</span> <span class='ocrx_word' id='word_1_307' title='bbox 260 2257 576 2329; x_wconf 84' lang='grc' dir='ltr'>ἀνθρώπεια</span> <span class='ocrx_word' id='word_1_308' title='bbox 601 2258 727 2331; x_wconf 73' lang='grc' dir='ltr'>ἢθη,</span> <span class='ocrx_word' id='word_1_309' title='bbox 757 2259 837 2321; x_wconf 88' lang='grc' dir='ltr'><strong>είς</strong></span> <span class='ocrx_word' id='word_1_310' title='bbox 869 2258 994 2310; x_wconf 83' lang='grc' dir='ltr'>ὅσον</span> <span class='ocrx_word' id='word_1_311' title='bbox 1016 2255 1311 2326; x_wconf 84' lang='grc' dir='ltr'>ἐνδέχεται,</span> <span class='ocrx_word' id='word_1_312' title='bbox 1342 2255 1565 2327; x_wconf 82' lang='grc' dir='ltr'>θεοφιλῆ</span> <span class='ocrx_word' id='word_1_313' title='bbox 1587 2257 1742 2329; x_wconf 88' lang='grc' dir='ltr'>ποιή-</span> 
     </span>
    </p>
   </div>
   <div class='ocr_carea' id='block_1_43' title="bbox 1856 2255 3435 2335">
    <p class='ocr_par' dir='ltr' id='par_1_43' title="bbox 1856 2259 3435 2335">
     <span class='ocr_line' id='line_1_43' title="bbox 1856 2259 3435 2335; baseline 0.003 -21"><span class='ocrx_word' id='word_1_314' title='bbox 1856 2290 1917 2301; x_wconf 91' lang='lat'><strong>—-</strong></span> <span class='ocrx_word' id='word_1_315' title='bbox 1948 2259 2085 2316; x_wconf 90' lang='lat' dir='ltr'><strong>Tum</strong></span> <span class='ocrx_word' id='word_1_316' title='bbox 2111 2275 2273 2328; x_wconf 87' lang='lat' dir='ltr'><strong>vero,</strong></span> <span class='ocrx_word' id='word_1_317' title='bbox 2306 2262 2435 2316; x_wconf 92' lang='lat' dir='ltr'><strong>dum</strong></span> <span class='ocrx_word' id='word_1_318' title='bbox 2472 2264 2526 2318; x_wconf 90' lang='lat' dir='ltr'><strong>in</strong></span> <span class='ocrx_word' id='word_1_319' title='bbox 2555 2278 2696 2334; x_wconf 92' lang='lat' dir='ltr'><strong>opus</strong></span> <span class='ocrx_word' id='word_1_320' title='bbox 2727 2265 3077 2333; x_wconf 86' lang='lat' dir='ltr'><strong>incumbent,</strong></span> <span class='ocrx_word' id='word_1_321' title='bbox 3112 2280 3284 2335; x_wconf 62' lang='lat' dir='ltr'><strong>srepe,</strong></span> <span class='ocrx_word' id='word_1_322' title='bbox 3319 2265 3435 2335; x_wconf 89' lang='lat' dir='ltr'><strong>opi-</strong></span> 
     </span>
    </p>
   </div>
   <div class='ocr_carea' id='block_1_44' title="bbox 158 2351 3431 2423">
    <p class='ocr_par' dir='ltr' id='par_1_44' title="bbox 158 2351 3431 2423">
     <span class='ocr_line' id='line_1_44' title="bbox 158 2351 3431 2423; baseline 0.002 -19"><span class='ocrx_word' id='word_1_323' title='bbox 158 2368 336 2405; x_wconf 87' lang='grc' dir='ltr'>σειαν.</span> <span class='ocrx_word' id='word_1_324' title='bbox 379 2370 400 2403; x_wconf 75' lang='grc' dir='ltr'><strong>ι</strong></span> <span class='ocrx_word' id='word_1_325' title='bbox 1846 2366 1968 2419; x_wconf 92' lang='lat' dir='ltr'><strong>nor,</strong></span> <span class='ocrx_word' id='word_1_326' title='bbox 1987 2351 2054 2406; x_wconf 91' lang='lat' dir='ltr'><strong>ad</strong></span> <span class='ocrx_word' id='word_1_327' title='bbox 2086 2364 2379 2421; x_wconf 84' lang='lat' dir='ltr'><strong>utrumque</strong></span> <span class='ocrx_word' id='word_1_328' title='bbox 2407 2353 2723 2423; x_wconf 88' lang='lat' dir='ltr'><strong>respicient,</strong></span> <span class='ocrx_word' id='word_1_329' title='bbox 2743 2356 2847 2410; x_wconf 88' lang='lat' dir='ltr'><strong>hoc</strong></span> <span class='ocrx_word' id='word_1_330' title='bbox 2874 2363 2959 2411; x_wconf 92' lang='lat' dir='ltr'><strong>est</strong></span> <span class='ocrx_word' id='word_1_331' title='bbox 2978 2355 3146 2410; x_wconf 87' lang='lat' dir='ltr'><strong>modo</strong></span> <span class='ocrx_word' id='word_1_332' title='bbox 3176 2354 3242 2409; x_wconf 93' lang='lat' dir='ltr'><strong>ad</strong></span> <span class='ocrx_word' id='word_1_333' title='bbox 3274 2354 3431 2419; x_wconf 84' lang='lat' dir='ltr'><strong>illud,</strong></span> 
     </span>
    </p>
   </div>
   <div class='ocr_carea' id='block_1_45' title="bbox 159 2439 3432 2514">
    <p class='ocr_par' dir='ltr' id='par_1_45' title="bbox 159 2439 3432 2514">
     <span class='ocr_line' id='line_1_45' title="bbox 159 2439 3432 2514; baseline 0 -17"><span class='ocrx_word' id='word_1_334' title='bbox 159 2441 316 2512; x_wconf 86' lang='lat' dir='ltr'><strong>quod</strong></span> <span class='ocrx_word' id='word_1_335' title='bbox 365 2450 561 2513; x_wconf 90' lang='lat' dir='ltr'><strong>suapte</strong></span> <span class='ocrx_word' id='word_1_336' title='bbox 617 2452 814 2497; x_wconf 89' lang='lat' dir='ltr'><strong>natura</strong></span> <span class='ocrx_word' id='word_1_337' title='bbox 845 2440 1082 2512; x_wconf 89' lang='lat' dir='ltr'><strong>justum,</strong></span> <span class='ocrx_word' id='word_1_338' title='bbox 1106 2440 1418 2511; x_wconf 85' lang='lat' dir='ltr'><strong>pulchrum,</strong></span> <span class='ocrx_word' id='word_1_339' title='bbox 1444 2439 1784 2496; x_wconf 80' lang='lat' dir='ltr'><strong>moderatum</strong></span> <span class='ocrx_word' id='word_1_340' title='bbox 1821 2449 1927 2506; x_wconf 90' lang='lat' dir='ltr'><strong>est,</strong></span> <span class='ocrx_word' id='word_1_341' title='bbox 1974 2449 2278 2513; x_wconf 65' lang='lat' dir='ltr'><strong>caeteraque</strong></span> <span class='ocrx_word' id='word_1_342' title='bbox 2314 2443 2368 2497; x_wconf 93' lang='lat' dir='ltr'><strong>id</strong></span> <span class='ocrx_word' id='word_1_343' title='bbox 2393 2458 2563 2514; x_wconf 87' lang='lat' dir='ltr'><strong>genus</strong></span> <span class='ocrx_word' id='word_1_344' title='bbox 2593 2443 2811 2509; x_wconf 89' lang='lat' dir='ltr'><strong>omnia;</strong></span> <span class='ocrx_word' id='word_1_345' title='bbox 2856 2444 3021 2498; x_wconf 90' lang='lat' dir='ltr'><strong>modo</strong></span> <span class='ocrx_word' id='word_1_346' title='bbox 3053 2443 3118 2498; x_wconf 90' lang='lat' dir='ltr'><strong>ad</strong></span> <span class='ocrx_word' id='word_1_347' title='bbox 3150 2443 3255 2499; x_wconf 89' lang='lat' dir='ltr'><strong>hoc</strong></span> <span class='ocrx_word' id='word_1_348' title='bbox 3296 2444 3432 2499; x_wconf 60' lang='lat' dir='ltr'><strong>alte-</strong></span> 
     </span>
    </p>
   </div>
   <div class='ocr_carea' id='block_1_46' title="bbox 155 2532 3432 2606">
    <p class='ocr_par' dir='ltr' id='par_1_46' title="bbox 155 2532 3432 2606">
     <span class='ocr_line' id='line_1_46' title="bbox 155 2532 3432 2606; baseline 0.002 -20"><span class='ocrx_word' id='word_1_349' title='bbox 155 2548 319 2596; x_wconf 89' lang='lat' dir='ltr'><strong>rum,</strong></span> <span class='ocrx_word' id='word_1_350' title='bbox 385 2532 533 2603; x_wconf 89' lang='lat' dir='ltr'><strong>quod</strong></span> <span class='ocrx_word' id='word_1_351' title='bbox 566 2534 709 2589; x_wconf 90' lang='lat' dir='ltr'><strong>inter</strong></span> <span class='ocrx_word' id='word_1_352' title='bbox 738 2535 988 2589; x_wconf 87' lang='lat' dir='ltr'><strong>homines</strong></span> <span class='ocrx_word' id='word_1_353' title='bbox 1044 2534 1348 2598; x_wconf 86' lang='lat' dir='ltr'><strong>elaborent,</strong></span> <span class='ocrx_word' id='word_1_354' title='bbox 1417 2532 1720 2588; x_wconf 88' lang='lat' dir='ltr'><strong>humanum</strong></span> <span class='ocrx_word' id='word_1_355' title='bbox 1788 2533 2140 2590; x_wconf 88' lang='lat' dir='ltr'><strong>simulacrum</strong></span> <span class='ocrx_word' id='word_1_356' title='bbox 2172 2534 2249 2589; x_wconf 87' lang='lat' dir='ltr'><strong>ita</strong></span> <span class='ocrx_word' id='word_1_357' title='bbox 2274 2534 2392 2590; x_wconf 89' lang='lat' dir='ltr'><strong>suis</strong></span> <span class='ocrx_word' id='word_1_358' title='bbox 2422 2550 2487 2589; x_wconf 84' lang='lat' dir='ltr'><strong>ex</strong></span> <span class='ocrx_word' id='word_1_359' title='bbox 2535 2535 2844 2590; x_wconf 86' lang='lat' dir='ltr'><strong>studiorum</strong></span> <span class='ocrx_word' id='word_1_360' title='bbox 2890 2534 3309 2606; x_wconf 79' lang='lat' dir='ltr'><strong>ofﬁciorumque</strong></span> <span class='ocrx_word' id='word_1_361' title='bbox 3344 2551 3432 2591; x_wconf 86' lang='lat' dir='ltr'><strong>ra-</strong></span> 
     </span>
    </p>
   </div>
   <div class='ocr_carea' id='block_1_47' title="bbox 156 2625 3428 2699">
    <p class='ocr_par' dir='ltr' id='par_1_47' title="bbox 156 2625 3428 2699">
     <span class='ocr_line' id='line_1_47' title="bbox 156 2625 3428 2699; baseline 0.001 -21"><span class='ocrx_word' id='word_1_362' title='bbox 156 2625 401 2681; x_wconf 88' lang='lat' dir='ltr'><strong>tionibus</strong></span> <span class='ocrx_word' id='word_1_363' title='bbox 431 2625 718 2682; x_wconf 83' lang='lat' dir='ltr'><strong>conﬂando</strong></span> <span class='ocrx_word' id='word_1_364' title='bbox 762 2636 928 2697; x_wconf 90' lang='lat' dir='ltr'><strong>atque</strong></span> <span class='ocrx_word' id='word_1_365' title='bbox 956 2626 1332 2697; x_wconf 89' lang='lat' dir='ltr'><strong>temperando,</strong></span> <span class='ocrx_word' id='word_1_366' title='bbox 1384 2636 1444 2681; x_wconf 92' lang='lat' dir='ltr'><strong>ut</strong></span> <span class='ocrx_word' id='word_1_367' title='bbox 1507 2626 1637 2680; x_wconf 90' lang='lat' dir='ltr'><strong>illud</strong></span> <span class='ocrx_word' id='word_1_368' title='bbox 1678 2640 1893 2696; x_wconf 88' lang='lat' dir='ltr'><strong>semper</strong></span> <span class='ocrx_word' id='word_1_369' title='bbox 1935 2626 2236 2691; x_wconf 87' lang='lat' dir='ltr'><strong>imitentur,</strong></span> <span class='ocrx_word' id='word_1_370' title='bbox 2272 2628 2419 2697; x_wconf 90' lang='lat' dir='ltr'><strong>quod</strong></span> <span class='ocrx_word' id='word_1_371' title='bbox 2471 2626 2743 2684; x_wconf 83' lang='lat' dir='ltr'><strong>Homerus</strong></span> <span class='ocrx_word' id='word_1_372' title='bbox 2787 2627 2905 2699; x_wconf 91' lang='lat' dir='ltr'><strong>ipse</strong></span> <span class='ocrx_word' id='word_1_373' title='bbox 2941 2642 3160 2697; x_wconf 91' lang='lat' dir='ltr'><strong>quoque</strong></span> <span class='ocrx_word' id='word_1_374' title='bbox 3205 2627 3428 2681; x_wconf 87' lang='lat' dir='ltr'><strong>insitam</strong></span> 
     </span>
    </p>
   </div>
   <div class='ocr_carea' id='block_1_48' title="bbox 155 2716 3434 2790">
    <p class='ocr_par' dir='ltr' id='par_1_48' title="bbox 155 2716 3434 2790">
     <span class='ocr_line' id='line_1_48' title="bbox 155 2716 3434 2790; baseline 0.001 -18"><span class='ocrx_word' id='word_1_375' title='bbox 155 2720 595 2788; x_wconf 86' lang='lat' dir='ltr'><strong>impressamque</strong></span> <span class='ocrx_word' id='word_1_376' title='bbox 639 2718 957 2774; x_wconf 88' lang='lat' dir='ltr'><strong>hominibus</strong></span> <span class='ocrx_word' id='word_1_377' title='bbox 999 2718 1241 2773; x_wconf 86' lang='lat' dir='ltr'><strong>divinam</strong></span> <span class='ocrx_word' id='word_1_378' title='bbox 1279 2717 1516 2789; x_wconf 89' lang='lat' dir='ltr'><strong>speciem</strong></span> <span class='ocrx_word' id='word_1_379' title='bbox 1575 2725 1630 2772; x_wconf 90' lang='lat' dir='ltr'><strong>et</strong></span> <span class='ocrx_word' id='word_1_380' title='bbox 1660 2716 1953 2787; x_wconf 78' lang='lat' dir='ltr'><strong>imaginem</strong></span> <span class='ocrx_word' id='word_1_381' title='bbox 1981 2718 2293 2788; x_wconf 86' lang='lat' dir='ltr'><strong>appellavit.</strong></span> <span class='ocrx_word' id='word_1_382' title='bbox 2346 2749 2416 2759; x_wconf 93' lang='lat'><strong><em>—</em></strong></span> <span class='ocrx_word' id='word_1_383' title='bbox 2445 2718 2730 2786; x_wconf 65' lang='lat' dir='ltr'><strong>Praeclare,</strong></span> <span class='ocrx_word' id='word_1_384' title='bbox 2764 2719 2961 2790; x_wconf 92' lang='lat' dir='ltr'><strong>inquit.</strong></span> <span class='ocrx_word' id='word_1_385' title='bbox 3001 2749 3075 2761; x_wconf 89' lang='lat'><strong>——</strong></span> <span class='ocrx_word' id='word_1_386' title='bbox 3104 2718 3172 2774; x_wconf 88' lang='lat' dir='ltr'><strong>Et</strong></span> <span class='ocrx_word' id='word_1_387' title='bbox 3201 2721 3434 2777; x_wconf 81' lang='lat' dir='ltr'><strong>subinde</strong></span> 
     </span>
    </p>
   </div>
   <div class='ocr_carea' id='block_1_49' title="bbox 153 2809 3434 2887">
    <p class='ocr_par' dir='ltr' id='par_1_49' title="bbox 153 2809 3434 2887">
     <span class='ocr_line' id='line_1_49' title="bbox 153 2809 3434 2887; baseline 0.002 -21"><span class='ocrx_word' id='word_1_388' title='bbox 153 2811 415 2882; x_wconf 74' lang='lat' dir='ltr'><strong>quidem,</strong></span> <span class='ocrx_word' id='word_1_389' title='bbox 465 2810 700 2880; x_wconf 89' lang='lat' dir='ltr'><strong>opinor,</strong></span> <span class='ocrx_word' id='word_1_390' title='bbox 758 2811 990 2867; x_wconf 85' lang='lat' dir='ltr'><strong>deleturi</strong></span> <span class='ocrx_word' id='word_1_391' title='bbox 1048 2812 1249 2877; x_wconf 89' lang='lat' dir='ltr'><strong>modo,</strong></span> <span class='ocrx_word' id='word_1_392' title='bbox 1314 2811 1477 2867; x_wconf 91' lang='lat' dir='ltr'><strong>modo</strong></span> <span class='ocrx_word' id='word_1_393' title='bbox 1522 2809 1871 2866; x_wconf 82' lang='lat' dir='ltr'><strong>informaturi</strong></span> <span class='ocrx_word' id='word_1_394' title='bbox 1909 2820 2072 2880; x_wconf 81' lang='lat' dir='ltr'><strong>sunt,</strong></span> <span class='ocrx_word' id='word_1_395' title='bbox 2115 2812 2293 2868; x_wconf 88' lang='lat' dir='ltr'><strong>donec</strong></span> <span class='ocrx_word' id='word_1_396' title='bbox 2336 2812 2608 2870; x_wconf 88' lang='lat' dir='ltr'><strong>humanos</strong></span> <span class='ocrx_word' id='word_1_397' title='bbox 2662 2813 2768 2884; x_wconf 88' lang='lat' dir='ltr'><strong>ipsi</strong></span> <span class='ocrx_word' id='word_1_398' title='bbox 2816 2829 3036 2882; x_wconf 78' lang='lat' dir='ltr'><strong>mores,</strong></span> <span class='ocrx_word' id='word_1_399' title='bbox 3093 2830 3258 2887; x_wconf 89' lang='lat' dir='ltr'><strong>quam</strong></span> <span class='ocrx_word' id='word_1_400' title='bbox 3315 2833 3434 2874; x_wconf 82' lang='lat' dir='ltr'><strong>ma-</strong></span> 
     </span>
    </p>
   </div>
   <div class='ocr_carea' id='block_1_50' title="bbox 153 2902 1919 2976">
    <p class='ocr_par' dir='ltr' id='par_1_50' title="bbox 153 2902 1919 2976">
     <span class='ocr_line' id='line_1_50' title="bbox 153 2902 1919 2976; baseline -0.002 -16"><span class='ocrx_word' id='word_1_401' title='bbox 153 2905 304 2960; x_wconf 84' lang='lat' dir='ltr'><strong>xime</strong></span> <span class='ocrx_word' id='word_1_402' title='bbox 329 2902 460 2961; x_wconf 78' lang='lat' dir='ltr'><strong>fieri</strong></span> <span class='ocrx_word' id='word_1_403' title='bbox 503 2911 702 2975; x_wconf 90' lang='lat' dir='ltr'><strong>potest,</strong></span> <span class='ocrx_word' id='word_1_404' title='bbox 755 2902 867 2959; x_wconf 90' lang='lat' dir='ltr'><strong>Deo</strong></span> <span class='ocrx_word' id='word_1_405' title='bbox 904 2920 1066 2962; x_wconf 86' lang='lat' dir='ltr'><strong>caros</strong></span> <span class='ocrx_word' id='word_1_406' title='bbox 1099 2913 1460 2976; x_wconf 86' lang='lat' dir='ltr'><strong>acceptosque</strong></span> <span class='ocrx_word' id='word_1_407' title='bbox 1513 2903 1866 2960; x_wconf 88' lang='lat' dir='ltr'><strong>reddiderint.</strong></span> <span class='ocrx_word' id='word_1_408' title='bbox 1898 2921 1919 2957; x_wconf 77' lang='grc' dir='ltr'><strong>ι</strong></span> 
     </span>
    </p>
   </div>
   <div class='ocr_carea' id='block_1_51' title="bbox 687 2995 1208 3051">
    <p class='ocr_par' dir='ltr' id='par_1_51' title="bbox 687 2995 1208 3051">
     <span class='ocr_line' id='line_1_51' title="bbox 687 2995 1208 3051; baseline 0.008 -4"><span class='ocrx_word' id='word_1_409' title='bbox 687 2995 1083 3051; x_wconf 78' lang='grc' dir='ltr'><strong>ΚΕΦΑΛᾹΙΟΝ</strong></span> <span class='ocrx_word' id='word_1_410' title='bbox 1120 2996 1208 3051; x_wconf 69' lang='grc' dir='ltr'><strong>ις’.</strong></span> 
     </span>
    </p>
   </div>
   <div class='ocr_carea' id='block_1_52' title="bbox 2328 2996 2956 3071">
    <p class='ocr_par' dir='ltr' id='par_1_52' title="bbox 2328 2996 2956 3071">
     <span class='ocr_line' id='line_1_52' title="bbox 2328 2996 2956 3071; baseline 0.006 -19"><span class='ocrx_word' id='word_1_411' title='bbox 2328 2996 2492 3071; x_wconf 72' lang='grc'><strong>594</strong></span> <span class='ocrx_word' id='word_1_412' title='bbox 2546 2996 2776 3054; x_wconf 80' lang='lat' dir='ltr'><strong>CAPUT</strong></span> <span class='ocrx_word' id='word_1_413' title='bbox 2835 2998 2956 3057; x_wconf 85' lang='lat' dir='ltr'><strong>xx.</strong></span> 
     </span>
    </p>
   </div>
   <div class='ocr_carea' id='block_1_53' title="bbox 154 3105 1742 3215">
    <p class='ocr_par' dir='ltr' id='par_1_53' title="bbox 154 3105 1742 3215">
     <span class='ocr_line' id='line_1_53' title="bbox 154 3105 1742 3215; baseline 0.001 0"><span class='ocrx_word' id='word_1_414' title='bbox 154 3108 295 3215; x_wconf 62' lang='grc' dir='ltr'><strong>’θέε</strong></span> <span class='ocrx_word' id='word_1_415' title='bbox 310 3106 617 3215; x_wconf 46' lang='lat' dir='ltr'><strong>vitreae</strong></span> <span class='ocrx_word' id='word_1_416' title='bbox 636 3105 931 3215; x_wconf 52' lang='grc' dir='ltr'><strong>νέιυςλδί</strong></span> <span class='ocrx_word' id='word_1_417' title='bbox 972 3111 1359 3215; x_wconf 45' lang='lat' dir='ltr'><strong>essent???</strong></span> <span class='ocrx_word' id='word_1_418' title='bbox 1399 3112 1605 3183; x_wconf 68' lang='grc' dir='ltr'><strong>ὕμνων</strong></span> <span class='ocrx_word' id='word_1_419' title='bbox 1647 3114 1742 3184; x_wconf 58' lang='grc' dir='ltr'><em>δν</em></span> 
     </span>
    </p>
   </div>
   <div class='ocr_carea' id='block_1_54' title="bbox 1856 3105 3433 3215">
    <p class='ocr_par' dir='ltr' id='par_1_54' title="bbox 1856 3126 3433 3215">
     <span class='ocr_line' id='line_1_54' title="bbox 1856 3126 3433 3215; baseline 0.006 -32"><span class='ocrx_word' id='word_1_420' title='bbox 1856 3126 2098 3211; x_wconf 62' lang='lat' dir='ltr'><strong>Iuniores</strong></span> <span class='ocrx_word' id='word_1_421' title='bbox 2125 3130 2356 3215; x_wconf 66' lang='lat' dir='ltr'><strong>honestis</strong></span> <span class='ocrx_word' id='word_1_422' title='bbox 2393 3130 2714 3215; x_wconf 61' lang='lat' dir='ltr'><strong>quibusdam</strong></span> <span class='ocrx_word' id='word_1_423' title='bbox 2756 3133 2962 3215; x_wconf 52' lang='lat' dir='ltr'><strong>hymnis</strong></span> <span class='ocrx_word' id='word_1_424' title='bbox 2991 3135 3433 3215; x_wconf 59' lang='lat' dir='ltr'><strong>oditquememo-</strong></span> 
     </span>
    </p>
   </div>
   <div class='ocr_carea' id='block_1_55' title="bbox 223 3176 1747 3256">
    <p class='ocr_par' dir='ltr' id='par_1_55' title="bbox 223 3176 1747 3256">
     <span class='ocr_line' id='line_1_55' title="bbox 223 3176 1747 3256; baseline 0.005 -24"><span class='ocrx_word' id='word_1_425' title='bbox 223 3176 465 3256; x_wconf 70' lang='grc' dir='ltr'>θῶν</span> <span class='ocrx_word' id='word_1_426' title='bbox 696 3181 784 3256; x_wconf 68' lang='grc' dir='ltr'><strong>είς</strong></span> <span class='ocrx_word' id='word_1_427' title='bbox 826 3176 1051 3256; x_wconf 49' lang='grc' dir='ltr'>αρετῆς(</span> <span class='ocrx_word' id='word_1_428' title='bbox 1074 3176 1747 3256; x_wconf 46' lang='grc' dir='ltr'><strong>Δἀνάκτωρ-ιτς-ξθιςροπαρὲι·</strong></span> 
     </span>
    </p>
   </div>
   <div class='ocr_carea' id='block_1_56' title="bbox 223 3245 1590 3325">
    <p class='ocr_par' dir='ltr' id='par_1_56' title="bbox 223 3245 1590 3325">
     <span class='ocr_line' id='line_1_56' title="bbox 223 3245 1590 3325; baseline 0.005 -24"><span class='ocrx_word' id='word_1_429' title='bbox 223 3245 560 3308; x_wconf 78' lang='grc' dir='ltr'>σκευάζειν.</span> <span class='ocrx_word' id='word_1_430' title='bbox 603 3248 737 3302; x_wconf 77' lang='grc' dir='ltr'><strong>Ἀπὸ</strong></span> <span class='ocrx_word' id='word_1_431' title='bbox 769 3245 875 3304; x_wconf 81' lang='grc' dir='ltr'>τοῦ</span> <span class='ocrx_word' id='word_1_432' title='bbox 912 3245 1195 3321; x_wconf 62' lang='grc' dir='ltr'>δευτέρου</span> <span class='ocrx_word' id='word_1_433' title='bbox 1221 3245 1340 3307; x_wconf 70' lang='grc' dir='ltr'>τῶν</span> <span class='ocrx_word' id='word_1_434' title='bbox 1371 3245 1590 3325; x_wconf 66' lang='grc' dir='ltr'>Νόμῖων.</span> 
     </span>
    </p>
   </div>
   <div class='ocr_carea' id='block_1_57' title="bbox 229 3360 1745 3438">
    <p class='ocr_par' dir='ltr' id='par_1_57' title="bbox 229 3360 1745 3438">
     <span class='ocr_line' id='line_1_57' title="bbox 229 3360 1745 3438; baseline 0.005 -25"><span class='ocrx_word' id='word_1_435' title='bbox 229 3378 253 3413; x_wconf 77' lang='grc' dir='ltr'><strong>ι</strong></span> <span class='ocrx_word' id='word_1_436' title='bbox 299 3362 461 3414; x_wconf 80' lang='grc' dir='ltr'>Δοκεῖ</span> <span class='ocrx_word' id='word_1_437' title='bbox 508 3376 602 3431; x_wconf 90' lang='grc' dir='ltr'><strong>μοι</strong></span> <span class='ocrx_word' id='word_1_438' title='bbox 639 3360 753 3432; x_wconf 78' lang='grc'><strong>(15)</strong></span> <span class='ocrx_word' id='word_1_439' title='bbox 794 3362 978 3434; x_wconf 86' lang='grc' dir='ltr'>τρίτον</span> <span class='ocrx_word' id='word_1_440' title='bbox 1013 3363 1337 3438; x_wconf 83' lang='grc' dir='ltr'>ἢτέταρτον</span> <span class='ocrx_word' id='word_1_441' title='bbox 1394 3368 1425 3420; x_wconf 85' lang='grc' dir='ltr'><strong>ὁ</strong></span> <span class='ocrx_word' id='word_1_442' title='bbox 1479 3364 1637 3436; x_wconf 87' lang='grc' dir='ltr'>λόγος</span> <span class='ocrx_word' id='word_1_443' title='bbox 1663 3368 1745 3432; x_wconf 82' lang='grc' dir='ltr'><strong>είς</strong></span> 
     </span>
    </p>
   </div>
   <div class='ocr_carea' id='block_1_58' title="bbox 150 3454 1744 3534">
    <p class='ocr_par' dir='ltr' id='par_1_58' title="bbox 150 3454 1744 3534">
     <span class='ocr_line' id='line_1_58' title="bbox 150 3454 1744 3534; baseline 0.006 -27"><span class='ocrx_word' id='word_1_444' title='bbox 150 3454 828 3527; x_wconf 65' lang='grc' dir='ltr'>ταὺτὺνέπεριφερόμενος</span> <span class='ocrx_word' id='word_1_445' title='bbox 882 3457 1062 3527; x_wconf 78' lang='grc' dir='ltr'>ἣκειν,</span> <span class='ocrx_word' id='word_1_446' title='bbox 1092 3459 1170 3523; x_wconf 83' lang='grc' dir='ltr'>ὡς</span> <span class='ocrx_word' id='word_1_447' title='bbox 1222 3458 1332 3530; x_wconf 80' lang='grc' dir='ltr'>ἄρα</span> <span class='ocrx_word' id='word_1_448' title='bbox 1378 3460 1598 3516; x_wconf 85' lang='grc' dir='ltr'>παιδεία</span> <span class='ocrx_word' id='word_1_449' title='bbox 1644 3461 1744 3534; x_wconf 83' lang='grc' dir='ltr'>μὲν</span> 
     </span>
    </p>
   </div>
   <div class='ocr_carea' id='block_1_59' title="bbox 149 3544 1742 3624">
    <p class='ocr_par' dir='ltr' id='par_1_59' title="bbox 149 3544 1742 3624">
     <span class='ocr_line' id='line_1_59' title="bbox 149 3544 1742 3624; baseline 0.006 -26"><span class='ocrx_word' id='word_1_450' title='bbox 149 3544 268 3599; x_wconf 78' lang='grc' dir='ltr'>ἔσθ’</span> <span class='ocrx_word' id='word_1_451' title='bbox 293 3547 328 3617; x_wconf 85' lang='grc' dir='ltr'><strong>ή</strong></span> <span class='ocrx_word' id='word_1_452' title='bbox 350 3545 560 3600; x_wconf 82' lang='grc' dir='ltr'>παίδων</span> <span class='ocrx_word' id='word_1_453' title='bbox 589 3547 720 3617; x_wconf 83' lang='grc' dir='ltr'>ὁλκή</span> <span class='ocrx_word' id='word_1_454' title='bbox 752 3565 813 3601; x_wconf 88' lang='grc' dir='ltr'><strong>τε</strong></span> <span class='ocrx_word' id='word_1_455' title='bbox 847 3549 941 3602; x_wconf 76' lang='grc' dir='ltr'><strong>καὶ</strong></span> <span class='ocrx_word' id='word_1_456' title='bbox 966 3551 1158 3621; x_wconf 80' lang='grc' dir='ltr'>ἀγωγὴ</span> <span class='ocrx_word' id='word_1_457' title='bbox 1202 3551 1339 3624; x_wconf 83' lang='grc' dir='ltr'>πρὸς</span> <span class='ocrx_word' id='word_1_458' title='bbox 1377 3552 1471 3606; x_wconf 83' lang='grc' dir='ltr'>τὸν</span> <span class='ocrx_word' id='word_1_459' title='bbox 1501 3552 1607 3607; x_wconf 80' lang='grc' dir='ltr'><strong>ὑπὸ</strong></span> <span class='ocrx_word' id='word_1_460' title='bbox 1646 3553 1742 3608; x_wconf 81' lang='grc' dir='ltr'><strong>τοῦ</strong></span> 
     </span>
    </p>
   </div>
   <div class='ocr_carea' id='block_1_60' title="bbox 150 3635 1741 3710">
    <p class='ocr_par' dir='ltr' id='par_1_60' title="bbox 150 3635 1741 3710">
     <span class='ocr_line' id='line_1_60' title="bbox 150 3635 1741 3710; baseline 0.009 -23"><span class='ocrx_word' id='word_1_461' title='bbox 150 3637 322 3707; x_wconf 78' lang='grc' dir='ltr'>νόμου</span> <span class='ocrx_word' id='word_1_462' title='bbox 369 3635 528 3705; x_wconf 87' lang='grc' dir='ltr'>λόγον</span> <span class='ocrx_word' id='word_1_463' title='bbox 563 3636 721 3708; x_wconf 82' lang='grc' dir='ltr'>ὀρθὸν</span> <span class='ocrx_word' id='word_1_464' title='bbox 747 3639 1056 3710; x_wconf 81' lang='grc' dir='ltr'>εἰρημένον,</span> <span class='ocrx_word' id='word_1_465' title='bbox 1116 3642 1211 3695; x_wconf 79' lang='grc' dir='ltr'>καὶ</span> <span class='ocrx_word' id='word_1_466' title='bbox 1251 3644 1366 3706; x_wconf 87' lang='grc' dir='ltr'>τοῖς</span> <span class='ocrx_word' id='word_1_467' title='bbox 1396 3644 1741 3700; x_wconf 79' lang='grc' dir='ltr'>ἐπιεικεστά-</span> 
     </span>
    </p>
   </div>
   <div class='ocr_carea' id='block_1_61' title="bbox 148 3726 1739 3807">
    <p class='ocr_par' dir='ltr' id='par_1_61' title="bbox 148 3726 1739 3807">
     <span class='ocr_line' id='line_1_61' title="bbox 148 3726 1739 3807; baseline 0.006 -26"><span class='ocrx_word' id='word_1_468' title='bbox 148 3743 265 3790; x_wconf 83' lang='grc' dir='ltr'>τοις</span> <span class='ocrx_word' id='word_1_469' title='bbox 296 3726 394 3780; x_wconf 68' lang='lat' dir='ltr'><strong>xui.</strong></span> <span class='ocrx_word' id='word_1_470' title='bbox 444 3726 842 3798; x_wconf 76' lang='grc' dir='ltr'>πρεσϐυτάτοις</span> <span class='ocrx_word' id='word_1_471' title='bbox 887 3728 954 3783; x_wconf 87' lang='grc' dir='ltr'><strong>δι’</strong></span> <span class='ocrx_word' id='word_1_472' title='bbox 983 3731 1280 3803; x_wconf 73' lang='grc' dir='ltr'>ἐμπειρίαν</span> <span class='ocrx_word' id='word_1_473' title='bbox 1303 3732 1739 3807; x_wconf 77' lang='grc' dir='ltr'>ξυνδεδογμένον,</span> 
     </span>
    </p>
   </div>
   <div class='ocr_carea' id='block_1_62' title="bbox 148 3815 1741 3900">
    <p class='ocr_par' dir='ltr' id='par_1_62' title="bbox 148 3815 1741 3900">
     <span class='ocr_line' id='line_1_62' title="bbox 148 3815 1741 3900; baseline 0.008 -32"><span class='ocrx_word' id='word_1_474' title='bbox 148 3816 229 3880; x_wconf 77' lang='grc' dir='ltr'><strong>ὡς</strong></span> <span class='ocrx_word' id='word_1_475' title='bbox 263 3815 438 3880; x_wconf 75' lang='grc' dir='ltr'>ὅντως</span> <span class='ocrx_word' id='word_1_476' title='bbox 462 3816 622 3888; x_wconf 79' lang='grc' dir='ltr'>ὀρθός</span> <span class='ocrx_word' id='word_1_477' title='bbox 646 3820 814 3873; x_wconf 82' lang='grc' dir='ltr'>ἐστιν.</span> <span class='ocrx_word' id='word_1_478' title='bbox 851 3819 950 3874; x_wconf 83' lang='grc' dir='ltr'><strong>Ἵν⁹</strong></span> <span class='ocrx_word' id='word_1_479' title='bbox 976 3815 1122 3893; x_wconf 75' lang='grc' dir='ltr'>οἶνή</span> <span class='ocrx_word' id='word_1_480' title='bbox 1153 3822 1298 3895; x_wconf 77' lang='grc' dir='ltr'>ψυχὴ</span> <span class='ocrx_word' id='word_1_481' title='bbox 1326 3824 1421 3878; x_wconf 79' lang='grc' dir='ltr'><strong>τοῦ</strong></span> <span class='ocrx_word' id='word_1_482' title='bbox 1453 3827 1638 3891; x_wconf 82' lang='grc' dir='ltr'>παιδὸς</span> <span class='ocrx_word' id='word_1_483' title='bbox 1664 3829 1741 3900; x_wconf 85' lang='grc' dir='ltr'>μὴ</span> 
     </span>
    </p>
   </div>
   <div class='ocr_carea' id='block_1_63' title="bbox 150 3908 1743 3990">
    <p class='ocr_par' dir='ltr' id='par_1_63' title="bbox 150 3908 1743 3990">
     <span class='ocr_line' id='line_1_63' title="bbox 150 3908 1743 3990; baseline 0.008 -29"><span class='ocrx_word' id='word_1_484' title='bbox 150 3908 371 3962; x_wconf 79' lang='grc' dir='ltr'>ἐναντία</span> <span class='ocrx_word' id='word_1_485' title='bbox 398 3909 612 3980; x_wconf 81' lang='grc' dir='ltr'>χαίρειν</span> <span class='ocrx_word' id='word_1_486' title='bbox 640 3911 737 3964; x_wconf 76' lang='grc' dir='ltr'>καὶ</span> <span class='ocrx_word' id='word_1_487' title='bbox 762 3910 1050 3968; x_wconf 86' lang='grc' dir='ltr'>λυπεῖσθαι</span> <span class='ocrx_word' id='word_1_488' title='bbox 1081 3913 1330 3986; x_wconf 79' lang='grc' dir='ltr'>ἐθίζηται</span> <span class='ocrx_word' id='word_1_489' title='bbox 1353 3917 1433 3984; x_wconf 87' lang='grc' dir='ltr'>τῷ</span> <span class='ocrx_word' id='word_1_490' title='bbox 1465 3917 1616 3990; x_wconf 85' lang='grc' dir='ltr'>νόμῳ</span> <span class='ocrx_word' id='word_1_491' title='bbox 1648 3921 1743 3973; x_wconf 73' lang='grc' dir='ltr'>καὶ</span> 
     </span>
    </p>
   </div>
   <div class='ocr_carea' id='block_1_64' title="bbox 147 3995 1742 4080">
    <p class='ocr_par' dir='ltr' id='par_1_64' title="bbox 147 3995 1742 4080">
     <span class='ocr_line' id='line_1_64' title="bbox 147 3995 1742 4080; baseline 0.011 -34"><span class='ocrx_word' id='word_1_492' title='bbox 147 3999 265 4059; x_wconf 86' lang='grc' dir='ltr'>τοῖς</span> <span class='ocrx_word' id='word_1_493' title='bbox 294 3995 400 4049; x_wconf 80' lang='grc' dir='ltr'><strong>ὑπὸ</strong></span> <span class='ocrx_word' id='word_1_494' title='bbox 423 3995 519 4050; x_wconf 82' lang='grc' dir='ltr'>τοῦ</span> <span class='ocrx_word' id='word_1_495' title='bbox 544 3996 711 4069; x_wconf 84' lang='grc' dir='ltr'>νόμου</span> <span class='ocrx_word' id='word_1_496' title='bbox 740 3999 1074 4071; x_wconf 74' lang='grc' dir='ltr'>τεθειμένοις</span> <span class='ocrx_word' id='word_1_497' title='bbox 1107 4002 1217 4075; x_wconf 81' lang='grc'><strong>(16)</strong></span> <span class='ocrx_word' id='word_1_498' title='bbox 1238 4044 1254 4069; x_wconf 93' lang='grc'><strong>,</strong></span> <span class='ocrx_word' id='word_1_499' title='bbox 1278 4005 1414 4060; x_wconf 83' lang='grc' dir='ltr'>ἀλλὰ</span> <span class='ocrx_word' id='word_1_500' title='bbox 1446 4007 1742 4080; x_wconf 79' lang='grc' dir='ltr'>ξυνέπηται</span> 
     </span>
    </p>
   </div>
   <div class='ocr_carea' id='block_1_65' title="bbox 148 4087 1741 4172">
    <p class='ocr_par' dir='ltr' id='par_1_65' title="bbox 148 4087 1741 4172">
     <span class='ocr_line' id='line_1_65' title="bbox 148 4087 1741 4172; baseline 0.01 -32"><span class='ocrx_word' id='word_1_501' title='bbox 148 4087 423 4159; x_wconf 85' lang='grc' dir='ltr'>χαίρουσά</span> <span class='ocrx_word' id='word_1_502' title='bbox 448 4106 510 4144; x_wconf 88' lang='grc' dir='ltr'><strong>τε</strong></span> <span class='ocrx_word' id='word_1_503' title='bbox 539 4092 635 4145; x_wconf 76' lang='grc' dir='ltr'><strong>καὶ</strong></span> <span class='ocrx_word' id='word_1_504' title='bbox 662 4091 974 4166; x_wconf 82' lang='grc' dir='ltr'>λυπουμένη</span> <span class='ocrx_word' id='word_1_505' title='bbox 999 4098 1111 4161; x_wconf 87' lang='grc' dir='ltr'>τοῖς</span> <span class='ocrx_word' id='word_1_506' title='bbox 1139 4097 1343 4166; x_wconf 77' lang='grc' dir='ltr'>αὐτοῖς,</span> <span class='ocrx_word' id='word_1_507' title='bbox 1368 4095 1564 4172; x_wconf 74' lang='grc' dir='ltr'>οἷσπερ</span> <span class='ocrx_word' id='word_1_508' title='bbox 1594 4104 1622 4156; x_wconf 87' lang='grc' dir='ltr'>ὁ</span> <span class='ocrx_word' id='word_1_509' title='bbox 1649 4101 1741 4170; x_wconf 86' lang='grc' dir='ltr'>γέ-</span> 
     </span>
    </p>
   </div>
   <div class='ocr_carea' id='block_1_66' title="bbox 151 4181 1742 4266">
    <p class='ocr_par' dir='ltr' id='par_1_66' title="bbox 151 4181 1742 4266">
     <span class='ocr_line' id='line_1_66' title="bbox 151 4181 1742 4266; baseline 0.01 -34"><span class='ocrx_word' id='word_1_510' title='bbox 151 4198 264 4251; x_wconf 87' lang='grc' dir='ltr'><strong>ρων</strong></span> <span class='ocrx_word' id='word_1_511' title='bbox 290 4197 303 4211; x_wconf 91' lang='grc'><strong>·</strong></span> <span class='ocrx_word' id='word_1_512' title='bbox 344 4181 550 4236; x_wconf 86' lang='grc' dir='ltr'>τούτων</span> <span class='ocrx_word' id='word_1_513' title='bbox 589 4182 752 4238; x_wconf 69' lang='grc' dir='ltr'>ἕνεκα</span> <span class='ocrx_word' id='word_1_514' title='bbox 787 4184 856 4249; x_wconf 79' lang='grc' dir='ltr'>ἃς</span> <span class='ocrx_word' id='word_1_515' title='bbox 889 4186 1031 4257; x_wconf 81' lang='grc' dir='ltr'>ᾠδὰς</span> <span class='ocrx_word' id='word_1_516' title='bbox 1069 4188 1345 4262; x_wconf 81' lang='grc' dir='ltr'>καλοῦμεν</span> <span class='ocrx_word' id='word_1_517' title='bbox 1385 4190 1494 4264; x_wconf 78' lang='grc'><strong>(17)</strong></span> <span class='ocrx_word' id='word_1_518' title='bbox 1539 4193 1742 4266; x_wconf 85' lang='grc' dir='ltr'>(ὄντως</span> 
     </span>
    </p>
   </div>
   <div class='ocr_carea' id='block_1_67' title="bbox 150 4274 1742 4357">
    <p class='ocr_par' dir='ltr' id='par_1_67' title="bbox 150 4274 1742 4357">
     <span class='ocr_line' id='line_1_67' title="bbox 150 4274 1742 4357; baseline 0.009 -31"><span class='ocrx_word' id='word_1_519' title='bbox 150 4275 255 4347; x_wconf 83' lang='grc' dir='ltr'>μὲν</span> <span class='ocrx_word' id='word_1_520' title='bbox 286 4275 493 4346; x_wconf 78' lang='grc' dir='ltr'>ἐπῳδαὶ</span> <span class='ocrx_word' id='word_1_521' title='bbox 530 4280 651 4342; x_wconf 89' lang='grc' dir='ltr'>ταῖς</span> <span class='ocrx_word' id='word_1_522' title='bbox 694 4279 895 4350; x_wconf 81' lang='grc' dir='ltr'>ψυχαῖς</span> <span class='ocrx_word' id='word_1_523' title='bbox 938 4274 1100 4335; x_wconf 74' lang='grc' dir='ltr'>αὗται</span> <span class='ocrx_word' id='word_1_524' title='bbox 1132 4281 1229 4336; x_wconf 80' lang='grc' dir='ltr'>νῦν</span> <span class='ocrx_word' id='word_1_525' title='bbox 1254 4285 1535 4353; x_wconf 82' lang='grc' dir='ltr'>γεγονέναι</span> <span class='ocrx_word' id='word_1_526' title='bbox 1557 4328 1573 4351; x_wconf 91' lang='grc'><strong>,</strong></span> <span class='ocrx_word' id='word_1_527' title='bbox 1603 4285 1742 4357; x_wconf 86' lang='grc' dir='ltr'>πρὸς</span> 
     </span>
    </p>
   </div>
   <div class='ocr_carea' id='block_1_68' title="bbox 147 4366 1738 4447">
    <p class='ocr_par' dir='ltr' id='par_1_68' title="bbox 147 4366 1738 4447">
     <span class='ocr_line' id='line_1_68' title="bbox 147 4366 1738 4447; baseline 0.008 -28"><span class='ocrx_word' id='word_1_528' title='bbox 147 4367 249 4439; x_wconf 81' lang='grc' dir='ltr'>τὴν</span> <span class='ocrx_word' id='word_1_529' title='bbox 274 4366 536 4439; x_wconf 82' lang='grc' dir='ltr'>τοιαύτην</span> <span class='ocrx_word' id='word_1_530' title='bbox 558 4409 572 4432; x_wconf 92' lang='grc'><strong>,</strong></span> <span class='ocrx_word' id='word_1_531' title='bbox 610 4369 679 4440; x_wconf 82' lang='grc' dir='ltr'>ἣν</span> <span class='ocrx_word' id='word_1_532' title='bbox 711 4370 941 4441; x_wconf 83' lang='grc' dir='ltr'>λέγομεν</span> <span class='ocrx_word' id='word_1_533' title='bbox 972 4374 1294 4443; x_wconf 80' lang='grc' dir='ltr'>συμφωνίαν</span> <span class='ocrx_word' id='word_1_534' title='bbox 1317 4416 1333 4441; x_wconf 96' lang='grc'><strong>,</strong></span> <span class='ocrx_word' id='word_1_535' title='bbox 1364 4375 1738 4447; x_wconf 84' lang='grc' dir='ltr'>ἐσπουδασμέ-</span> 
     </span>
    </p>
   </div>
   <div class='ocr_carea' id='block_1_69' title="bbox 144 4458 1738 4536">
    <p class='ocr_par' dir='ltr' id='par_1_69' title="bbox 144 4458 1738 4536">
     <span class='ocr_line' id='line_1_69' title="bbox 144 4458 1738 4536; baseline 0.004 -23"><span class='ocrx_word' id='word_1_536' title='bbox 144 4474 272 4513; x_wconf 82' lang='grc' dir='ltr'>ναι·</span> <span class='ocrx_word' id='word_1_537' title='bbox 318 4458 412 4512; x_wconf 79' lang='grc' dir='ltr'><strong>διὰ</strong></span> <span class='ocrx_word' id='word_1_538' title='bbox 453 4459 511 4512; x_wconf 82' lang='grc' dir='ltr'>δὲ</span> <span class='ocrx_word' id='word_1_539' title='bbox 532 4458 595 4513; x_wconf 82' lang='grc' dir='ltr'>τὸ</span> <span class='ocrx_word' id='word_1_540' title='bbox 625 4460 859 4533; x_wconf 84' lang='grc' dir='ltr'>σπουδὴν</span> <span class='ocrx_word' id='word_1_541' title='bbox 889 4462 964 4534; x_wconf 80' lang='grc' dir='ltr'>μὴ</span> <span class='ocrx_word' id='word_1_542' title='bbox 995 4463 1254 4518; x_wconf 85' lang='grc' dir='ltr'>δύνασθαι</span> <span class='ocrx_word' id='word_1_543' title='bbox 1281 4464 1468 4536; x_wconf 80' lang='grc' dir='ltr'>φέρειν</span> <span class='ocrx_word' id='word_1_544' title='bbox 1501 4466 1602 4530; x_wconf 85' lang='grc' dir='ltr'>τὰς</span> <span class='ocrx_word' id='word_1_545' title='bbox 1627 4465 1738 4521; x_wconf 88' lang='grc' dir='ltr'><strong>τῶν</strong></span> 
     </span>
    </p>
   </div>
   <div class='ocr_carea' id='block_1_70' title="bbox 144 4549 1738 4630">
    <p class='ocr_par' dir='ltr' id='par_1_70' title="bbox 144 4549 1738 4630">
     <span class='ocr_line' id='line_1_70' title="bbox 144 4549 1738 4630; baseline 0.005 -26"><span class='ocrx_word' id='word_1_546' title='bbox 144 4549 288 4604; x_wconf 81' lang='grc' dir='ltr'>νέων</span> <span class='ocrx_word' id='word_1_547' title='bbox 310 4550 507 4625; x_wconf 75' lang='grc' dir='ltr'>ψυχὰς,</span> <span class='ocrx_word' id='word_1_548' title='bbox 532 4550 740 4606; x_wconf 79' lang='grc' dir='ltr'>παιδιαί</span> <span class='ocrx_word' id='word_1_549' title='bbox 769 4570 826 4606; x_wconf 86' lang='grc' dir='ltr'><strong>τε</strong></span> <span class='ocrx_word' id='word_1_550' title='bbox 855 4554 949 4607; x_wconf 76' lang='grc' dir='ltr'>καὶ</span> <span class='ocrx_word' id='word_1_551' title='bbox 972 4553 1106 4625; x_wconf 71' lang='grc' dir='ltr'>ᾠδαὶ</span> <span class='ocrx_word' id='word_1_552' title='bbox 1133 4555 1413 4610; x_wconf 85' lang='grc' dir='ltr'>καλεῖσθαι</span> <span class='ocrx_word' id='word_1_553' title='bbox 1442 4558 1537 4612; x_wconf 76' lang='grc' dir='ltr'>καὶ</span> <span class='ocrx_word' id='word_1_554' title='bbox 1566 4558 1738 4630; x_wconf 86' lang='grc' dir='ltr'>πράτ-</span> 
     </span>
    </p>
   </div>
   <div class='ocr_carea' id='block_1_71' title="bbox 145 4641 1738 4717">
    <p class='ocr_par' dir='ltr' id='par_1_71' title="bbox 145 4641 1738 4717">
     <span class='ocr_line' id='line_1_71' title="bbox 145 4641 1738 4717; baseline 0.006 -23"><span class='ocrx_word' id='word_1_555' title='bbox 145 4641 385 4714; x_wconf 80' lang='grc' dir='ltr'>τεσθαι)’</span> <span class='ocrx_word' id='word_1_556' title='bbox 440 4642 694 4716; x_wconf 86' lang='grc' dir='ltr'>καθάπερ</span> <span class='ocrx_word' id='word_1_557' title='bbox 743 4647 856 4711; x_wconf 85' lang='grc' dir='ltr'>τοῖς</span> <span class='ocrx_word' id='word_1_558' title='bbox 903 4646 1172 4717; x_wconf 88' lang='grc' dir='ltr'>κάμνουσί</span> <span class='ocrx_word' id='word_1_559' title='bbox 1222 4665 1283 4701; x_wconf 89' lang='grc' dir='ltr'><strong>τε</strong></span> <span class='ocrx_word' id='word_1_560' title='bbox 1350 4648 1444 4702; x_wconf 78' lang='grc' dir='ltr'>καὶ</span> <span class='ocrx_word' id='word_1_561' title='bbox 1494 4647 1738 4714; x_wconf 84' lang='grc' dir='ltr'>ἀσθενῶς</span> 
     </span>
    </p>
   </div>
   <div class='ocr_carea' id='block_1_72' title="bbox 147 4735 1740 4812">
    <p class='ocr_par' dir='ltr' id='par_1_72' title="bbox 147 4735 1740 4812">
     <span class='ocr_line' id='line_1_72' title="bbox 147 4735 1740 4812; baseline 0.004 -23"><span class='ocrx_word' id='word_1_562' title='bbox 147 4735 334 4807; x_wconf 78' lang='grc' dir='ltr'>ἔχουσι</span> <span class='ocrx_word' id='word_1_563' title='bbox 362 4736 433 4791; x_wconf 83' lang='grc' dir='ltr'><strong>τὰ</strong></span> <span class='ocrx_word' id='word_1_564' title='bbox 474 4737 726 4808; x_wconf 80' lang='grc' dir='ltr'>σώματα,</span> <span class='ocrx_word' id='word_1_565' title='bbox 765 4739 823 4792; x_wconf 89' lang='grc' dir='ltr'><strong>ἐν</strong></span> <span class='ocrx_word' id='word_1_566' title='bbox 869 4740 1020 4812; x_wconf 77' lang='grc' dir='ltr'>ἡδέσι</span> <span class='ocrx_word' id='word_1_567' title='bbox 1053 4739 1115 4794; x_wconf 81' lang='grc' dir='ltr'><strong>τέ</strong></span> <span class='ocrx_word' id='word_1_568' title='bbox 1153 4758 1263 4795; x_wconf 90' lang='grc' dir='ltr'>τισι</span> <span class='ocrx_word' id='word_1_569' title='bbox 1294 4740 1484 4806; x_wconf 85' lang='grc' dir='ltr'>σιτίοις</span> <span class='ocrx_word' id='word_1_570' title='bbox 1510 4741 1607 4796; x_wconf 77' lang='grc' dir='ltr'>καὶ</span> <span class='ocrx_word' id='word_1_571' title='bbox 1640 4742 1740 4795; x_wconf 74' lang='grc' dir='ltr'><strong>πό⁴</strong></span> 
     </span>
    </p>
   </div>
   <div class='ocr_carea' id='block_1_73' title="bbox 223 4909 1738 4983">
    <p class='ocr_par' dir='ltr' id='par_1_73' title="bbox 223 4909 1738 4983">
     <span class='ocr_line' id='line_1_73' title="bbox 223 4909 1738 4983; baseline 0.007 -17"><span class='ocrx_word' id='word_1_572' title='bbox 223 4911 341 4983; x_wconf 80' lang='grc' dir='ltr'><strong>(Η)</strong></span> <span class='ocrx_word' id='word_1_573' title='bbox 393 4913 548 4969; x_wconf 73' lang='grc' dir='ltr'><strong>Ἀλλ’</strong></span> <span class='ocrx_word' id='word_1_574' title='bbox 576 4909 692 4970; x_wconf 81' lang='grc' dir='ltr'><strong>οὖν</strong></span> <span class='ocrx_word' id='word_1_575' title='bbox 718 4911 893 4971; x_wconf 83' lang='grc' dir='ltr'>οἷσθ’.</span> <span class='ocrx_word' id='word_1_576' title='bbox 929 4916 1055 4973; x_wconf 61' lang='lat' dir='ltr'><strong>Hice</strong></span> <span class='ocrx_word' id='word_1_577' title='bbox 1087 4916 1314 4975; x_wconf 88' lang='lat' dir='ltr'><strong>Ficinus</strong></span> <span class='ocrx_word' id='word_1_578' title='bbox 1345 4934 1470 4974; x_wconf 92' lang='lat' dir='ltr'><strong>cum</strong></span> <span class='ocrx_word' id='word_1_579' title='bbox 1503 4919 1738 4976; x_wconf 82' lang='lat' dir='ltr'><strong>interro-</strong></span> 
     </span>
    </p>
   </div>
   <div class='ocr_carea' id='block_1_74' title="bbox 148 4985 1734 5107">
    <p class='ocr_par' dir='ltr' id='par_1_74' title="bbox 148 4985 1734 5107">
     <span class='ocr_line' id='line_1_74' title="bbox 148 4985 1734 5107; baseline 0.007 -70"><span class='ocrx_word' id='word_1_580' title='bbox 148 4985 374 5107; x_wconf 56' lang='lat' dir='ltr'><strong>ratione</strong></span> <span class='ocrx_word' id='word_1_581' title='bbox 392 4985 695 5057; x_wconf 69' lang='lat' dir='ltr'><strong>coniungit,</strong></span> <span class='ocrx_word' id='word_1_582' title='bbox 726 4989 929 5053; x_wconf 92' lang='lat' dir='ltr'><strong>minus,</strong></span> <span class='ocrx_word' id='word_1_583' title='bbox 951 4988 1167 5057; x_wconf 89' lang='lat' dir='ltr'><strong>opinor,</strong></span> <span class='ocrx_word' id='word_1_584' title='bbox 1182 4987 1427 5044; x_wconf 86' lang='lat' dir='ltr'><strong>Platonis</strong></span> <span class='ocrx_word' id='word_1_585' title='bbox 1447 5006 1515 5043; x_wconf 87' lang='lat' dir='ltr'><strong>ex</strong></span> <span class='ocrx_word' id='word_1_586' title='bbox 1546 5006 1734 5049; x_wconf 88' lang='lat' dir='ltr'><strong>sensu.</strong></span> 
     </span>
     <span class='ocr_line' id='line_1_75' title="bbox 173 5054 1734 5107; baseline 0 0"><span class='ocrx_word' id='word_1_587' title='bbox 173 5055 301 5107; x_wconf 88' lang='lat' dir='ltr'><strong>dem</strong></span> <span class='ocrx_word' id='word_1_588' title='bbox 341 5054 489 5107; x_wconf 89' lang='lat' dir='ltr'><strong>enim</strong></span> <span class='ocrx_word' id='word_1_589' title='bbox 519 5066 632 5107; x_wconf 84' lang='lat' dir='ltr'><strong>est-</strong></span> <span class='ocrx_word' id='word_1_590' title='bbox 686 5058 779 5107; x_wconf 85' lang='lat' dir='ltr'><strong>aui</strong></span> <span class='ocrx_word' id='word_1_591' title='bbox 825 5074 949 5107; x_wconf 84' lang='lat' dir='ltr'><strong>cum</strong></span> <span class='ocrx_word' id='word_1_592' title='bbox 994 5058 1047 5107; x_wconf 86' lang='lat' dir='ltr'><strong>id</strong></span> <span class='ocrx_word' id='word_1_593' title='bbox 1092 5059 1255 5107; x_wconf 80' lang='lat' dir='ltr'><strong>naulo</strong></span> <span class='ocrx_word' id='word_1_594' title='bbox 1297 5059 1570 5107; x_wconf 68' lang='lat' dir='ltr'><strong>difﬁcilium</strong></span> <span class='ocrx_word' id='word_1_595' title='bbox 1616 5077 1734 5107; x_wconf 65' lang='lat' dir='ltr'><strong>esse</strong></span> 
     </span>
    </p>
   </div>
   <div class='ocr_carea' id='block_1_75' title="bbox 173 5054 1739 5128">
    <p class='ocr_par' dir='ltr' id='par_1_75' title="bbox 173 5054 1739 5128">
     <span class='ocr_line' id='line_1_76' title="bbox 173 5054 1739 5128; baseline 0.005 -20"><span class='ocrx_word' id='word_1_596' title='bbox 173 5055 301 5128; x_wconf 79' lang='lat' dir='ltr'><strong>dem</strong></span> <span class='ocrx_word' id='word_1_597' title='bbox 341 5054 632 5128; x_wconf 32' lang='lat' dir='ltr'><strong>enim&#39;estv,</strong></span> <span class='ocrx_word' id='word_1_598' title='bbox 686 5058 779 5128; x_wconf 92' lang='lat' dir='ltr'><strong>qui</strong></span> <span class='ocrx_word' id='word_1_599' title='bbox 825 5074 949 5113; x_wconf 90' lang='lat' dir='ltr'><strong>cum</strong></span> <span class='ocrx_word' id='word_1_600' title='bbox 989 5054 1048 5113; x_wconf 84' lang='lat' dir='ltr'><strong>id</strong></span> <span class='ocrx_word' id='word_1_601' title='bbox 1091 5059 1255 5128; x_wconf 91' lang='lat' dir='ltr'><strong>paulo</strong></span> <span class='ocrx_word' id='word_1_602' title='bbox 1297 5059 1570 5115; x_wconf 74' lang='lat' dir='ltr'><strong>difﬁcilius</strong></span> <span class='ocrx_word' id='word_1_603' title='bbox 1616 5077 1739 5116; x_wconf 85' lang='lat' dir='ltr'><strong>esse</strong></span> 
     </span>
    </p>
   </div>
   <div class='ocr_carea' id='block_1_76' title="bbox 147 5125 1739 5249">
    <p class='ocr_par' dir='ltr' id='par_1_76' title="bbox 147 5125 1739 5249">
     <span class='ocr_line' id='line_1_77' title="bbox 147 5125 1739 5249; baseline 0.006 -72"><span class='ocrx_word' id='word_1_604' title='bbox 147 5125 405 5249; x_wconf 50' lang='lat' dir='ltr'><strong>illiixisstet,</strong></span> <span class='ocrx_word' id='word_1_605' title='bbox 438 5125 781 5198; x_wconf 78' lang='lat' dir='ltr'><strong>philosophis</strong></span> <span class='ocrx_word' id='word_1_606' title='bbox 811 5136 992 5184; x_wconf 86' lang='lat' dir='ltr'><strong>tamen</strong></span> <span class='ocrx_word' id='word_1_607' title='bbox 1026 5125 1187 5200; x_wconf 80' lang='lat' dir='ltr'><strong>longe</strong></span> <span class='ocrx_word' id='word_1_608' title='bbox 1214 5129 1430 5186; x_wconf 81' lang='lat' dir='ltr'><strong>facilius</strong></span> <span class='ocrx_word' id='word_1_609' title='bbox 1458 5146 1584 5186; x_wconf 88' lang='lat' dir='ltr'><strong>esse</strong></span> <span class='ocrx_word' id='word_1_610' title='bbox 1610 5148 1739 5187; x_wconf 90' lang='lat' dir='ltr'><strong>con-</strong></span> 
     </span>
     <span class='ocr_line' id='line_1_78' title="bbox 195 5210 361 5249; baseline -0.012 0"><span class='ocrx_word' id='word_1_611' title='bbox 195 5210 315 5249; x_wconf 88' lang='lat' dir='ltr'><strong>rma</strong></span> <span class='ocrx_word' id='word_1_612' title='bbox 346 5232 361 5247; x_wconf 94' lang='lat'><strong>.</strong></span> 
     </span>
    </p>
   </div>
   <div class='ocr_carea' id='block_1_77' title="bbox 195 5203 361 5256">
    <p class='ocr_par' dir='ltr' id='par_1_77' title="bbox 195 5203 361 5256">
     <span class='ocr_line' id='line_1_79' title="bbox 195 5203 361 5256; baseline -0.018 -6"><span class='ocrx_word' id='word_1_613' title='bbox 195 5203 361 5256; x_wconf 82' lang='lat' dir='ltr'><strong>rmat.</strong></span> 
     </span>
    </p>
   </div>
   <div class='ocr_carea' id='block_1_78' title="bbox 223 5264 1735 5340">
    <p class='ocr_par' dir='ltr' id='par_1_78' title="bbox 223 5264 1735 5340">
     <span class='ocr_line' id='line_1_80' title="bbox 223 5264 1735 5340; baseline 0.005 -21"><span class='ocrx_word' id='word_1_614' title='bbox 223 5264 339 5340; x_wconf 59' lang='grc' dir='ltr'>(ιε)</span> <span class='ocrx_word' id='word_1_615' title='bbox 379 5265 773 5340; x_wconf 48' lang='lat' dir='ltr'><strong>Atei-ergata.</strong></span> <span class='ocrx_word' id='word_1_616' title='bbox 831 5266 891 5340; x_wconf 74' lang='lat' dir='ltr'><strong>id</strong></span> <span class='ocrx_word' id='word_1_617' title='bbox 945 5269 1132 5324; x_wconf 86' lang='lat' dir='ltr'><strong>malim</strong></span> <span class='ocrx_word' id='word_1_618' title='bbox 1189 5285 1354 5340; x_wconf 88' lang='lat' dir='ltr'><strong>quam</strong></span> <span class='ocrx_word' id='word_1_619' title='bbox 1407 5270 1735 5340; x_wconf 84' lang='grc' dir='ltr'>διενεγκεῖν,</span> 
     </span>
    </p>
   </div>
   <div class='ocr_carea' id='block_1_79' title="bbox 146 5336 1734 5425">
    <p class='ocr_par' dir='ltr' id='par_1_79' title="bbox 146 5336 1734 5425">
     <span class='ocr_line' id='line_1_81' title="bbox 146 5336 1734 5425; baseline 0.006 -36"><span class='ocrx_word' id='word_1_620' title='bbox 146 5336 511 5425; x_wconf 42' lang='grc' dir='ltr'>ιιιιςξξὶορνιιξ</span> <span class='ocrx_word' id='word_1_621' title='bbox 536 5336 822 5425; x_wconf 60' lang='lat' dir='ltr'><strong>Platonem</strong></span> <span class='ocrx_word' id='word_1_622' title='bbox 852 5339 1081 5425; x_wconf 69' lang='lat' dir='ltr'><strong>legitur,</strong></span> <span class='ocrx_word' id='word_1_623' title='bbox 1108 5336 1352 5425; x_wconf 41' lang='lat' dir='ltr'><strong>eumpse</strong></span> <span class='ocrx_word' id='word_1_624' title='bbox 1374 5336 1734 5425; x_wconf 67' lang='lat' dir='ltr'><strong>praecesserit.</strong></span> 
     </span>
    </p>
   </div>
   <div class='ocr_carea' id='block_1_80' title="bbox 172 5403 1738 5482">
    <p class='ocr_par' dir='ltr' id='par_1_80' title="bbox 172 5403 1738 5482">
     <span class='ocr_line' id='line_1_82' title="bbox 172 5403 1738 5482; baseline 0.008 -25"><span class='ocrx_word' id='word_1_625' title='bbox 172 5403 337 5482; x_wconf 49' lang='lat'><strong>:-_(15)</strong></span> <span class='ocrx_word' id='word_1_626' title='bbox 389 5403 711 5477; x_wconf 76' lang='grc' dir='ltr'>Ἕθελῆσαι</span> <span class='ocrx_word' id='word_1_627' title='bbox 760 5409 858 5465; x_wconf 80' lang='grc' dir='ltr'><strong>ἄν.</strong></span> <span class='ocrx_word' id='word_1_628' title='bbox 906 5403 1159 5465; x_wconf 78' lang='grc' dir='ltr'>Ὀιιιιιίιιο</span> <span class='ocrx_word' id='word_1_629' title='bbox 1211 5411 1292 5482; x_wconf 88' lang='lat' dir='ltr'><strong>sic</strong></span> <span class='ocrx_word' id='word_1_630' title='bbox 1337 5403 1622 5482; x_wconf 75' lang='lat' dir='ltr'><strong>legendum</strong></span> <span class='ocrx_word' id='word_1_631' title='bbox 1670 5429 1738 5470; x_wconf 78' lang='lat' dir='ltr'><strong>ex</strong></span> 
     </span>
    </p>
   </div>
   <div class='ocr_carea' id='block_1_81' title="bbox 143 5475 1734 5601">
    <p class='ocr_par' dir='ltr' id='par_1_81' title="bbox 143 5475 1734 5601">
     <span class='ocr_line' id='line_1_83' title="bbox 143 5475 1734 5601; baseline 0.008 -73"><span class='ocrx_word' id='word_1_632' title='bbox 143 5475 385 5601; x_wconf 46' lang='lat' dir='ltr'><strong>$331M</strong></span> <span class='ocrx_word' id='word_1_633' title='bbox 433 5489 491 5531; x_wconf 87' lang='lat' dir='ltr'><strong>et</strong></span> <span class='ocrx_word' id='word_1_634' title='bbox 535 5475 854 5548; x_wconf 31' lang='lat' dir='ltr'><strong>m‘anuscr.;</strong></span> <span class='ocrx_word' id='word_1_635' title='bbox 906 5482 1103 5536; x_wconf 80' lang='lat' dir='ltr'><strong>vitiosa</strong></span> <span class='ocrx_word' id='word_1_636' title='bbox 1157 5481 1304 5535; x_wconf 89' lang='lat' dir='ltr'><strong>enim</strong></span> <span class='ocrx_word' id='word_1_637' title='bbox 1352 5475 1505 5552; x_wconf 73' lang='lat' dir='ltr'><strong>prior</strong></span> <span class='ocrx_word' id='word_1_638' title='bbox 1547 5483 1734 5551; x_wconf 87' lang='lat' dir='ltr'><strong>editio,</strong></span> 
     </span>
     <span class='ocr_line' id='line_1_84' title="bbox 313 5563 491 5601; baseline 0.017 -3"><span class='ocrx_word' id='word_1_639' title='bbox 313 5563 491 5601; x_wconf 86' lang='grc' dir='ltr'>σαιεν.</span> 
     </span>
    </p>
   </div>
   <div class='ocr_carea' id='block_1_82' title="bbox 313 5563 491 5602">
    <p class='ocr_par' dir='ltr' id='par_1_82' title="bbox 313 5563 491 5602">
     <span class='ocr_line' id='line_1_85' title="bbox 313 5563 491 5602; baseline 0.022 -4"><span class='ocrx_word' id='word_1_640' title='bbox 313 5563 491 5602; x_wconf 87' lang='grc' dir='ltr'>σαιεν.</span> 
     </span>
    </p>
   </div>
   <div class='ocr_carea' id='block_1_83' title="bbox 222 5617 1735 5696">
    <p class='ocr_par' dir='ltr' id='par_1_83' title="bbox 222 5617 1735 5696">
     <span class='ocr_line' id='line_1_86' title="bbox 222 5617 1735 5696; baseline -0.001 -14"><span class='ocrx_word' id='word_1_641' title='bbox 222 5617 340 5696; x_wconf 52' lang='grc' dir='ltr'>ιιι)</span> <span class='ocrx_word' id='word_1_642' title='bbox 389 5620 452 5696; x_wconf 74' lang='grc' dir='ltr'><strong>’ρ</strong></span> <span class='ocrx_word' id='word_1_643' title='bbox 485 5617 600 5696; x_wconf 62' lang='grc' dir='ltr'><strong>δή.</strong></span> <span class='ocrx_word' id='word_1_644' title='bbox 646 5620 725 5676; x_wconf 89' lang='lat' dir='ltr'><strong>ita</strong></span> <span class='ocrx_word' id='word_1_645' title='bbox 770 5627 915 5678; x_wconf 89' lang='lat' dir='ltr'><strong>recte</strong></span> <span class='ocrx_word' id='word_1_646' title='bbox 947 5620 1138 5688; x_wconf 85' lang='lat' dir='ltr'><strong>Plato,</strong></span> <span class='ocrx_word' id='word_1_647' title='bbox 1182 5636 1289 5676; x_wconf 91' lang='lat' dir='ltr'><strong>non</strong></span> <span class='ocrx_word' id='word_1_648' title='bbox 1322 5621 1385 5676; x_wconf 84' lang='grc' dir='ltr'>τὸ</span> <span class='ocrx_word' id='word_1_649' title='bbox 1422 5621 1524 5696; x_wconf 85' lang='grc' dir='ltr'>δή,</span> <span class='ocrx_word' id='word_1_650' title='bbox 1571 5634 1632 5681; x_wconf 85' lang='grc' dir='ltr'><strong>ιιι</strong></span> <span class='ocrx_word' id='word_1_651' title='bbox 1681 5624 1735 5680; x_wconf 94' lang='lat' dir='ltr'><strong>in</strong></span> 
     </span>
    </p>
   </div>
   <div class='ocr_carea' id='block_1_84' title="bbox 146 5687 628 5759">
    <p class='ocr_par' dir='ltr' id='par_1_84' title="bbox 146 5687 628 5759">
     <span class='ocr_line' id='line_1_87' title="bbox 146 5687 628 5759; baseline 0.012 -19"><span class='ocrx_word' id='word_1_652' title='bbox 146 5687 325 5759; x_wconf 73' lang='lat' dir='ltr'><strong>priori</strong></span> <span class='ocrx_word' id='word_1_653' title='bbox 366 5687 628 5759; x_wconf 82' lang='lat' dir='ltr'><strong>editione.</strong></span> 
     </span>
    </p>
   </div>
   <div class='ocr_carea' id='block_1_85' title="bbox 144 5756 1733 5884">
    <p class='ocr_par' dir='ltr' id='par_1_85' title="bbox 144 5756 1733 5884">
     <span class='ocr_line' id='line_1_88' title="bbox 144 5756 1733 5884; baseline 0.01 -75"><span class='ocrx_word' id='word_1_654' title='bbox 144 5756 334 5884; x_wconf 33' lang='lat'><strong>£335)</strong></span> <span class='ocrx_word' id='word_1_655' title='bbox 376 5758 553 5814; x_wconf 80' lang='grc' dir='ltr'>Δοκεῖ</span> <span class='ocrx_word' id='word_1_656' title='bbox 582 5778 705 5831; x_wconf 86' lang='grc' dir='ltr'>μοι.</span> <span class='ocrx_word' id='word_1_657' title='bbox 740 5759 932 5832; x_wconf 88' lang='lat' dir='ltr'><strong>Plato,</strong></span> <span class='ocrx_word' id='word_1_658' title='bbox 973 5762 1070 5819; x_wconf 89' lang='lat' dir='ltr'><strong>lib.</strong></span> <span class='ocrx_word' id='word_1_659' title='bbox 1100 5778 1139 5820; x_wconf 88' lang='grc' dir='ltr'><strong>ιι</strong></span> <span class='ocrx_word' id='word_1_660' title='bbox 1176 5760 1325 5835; x_wconf 75' lang='lat' dir='ltr'><strong>Leg.,</strong></span> <span class='ocrx_word' id='word_1_661' title='bbox 1357 5779 1478 5837; x_wconf 83' lang='lat' dir='ltr'><strong>pag.</strong></span> <span class='ocrx_word' id='word_1_662' title='bbox 1516 5764 1733 5833; x_wconf 71' lang='lat'><strong>578,15.</strong></span> 
     </span>
    </p>
   </div>
   <div class='ocr_carea' id='block_1_86' title="bbox 195 5845 282 5883">
    <p class='ocr_par' dir='ltr' id='par_1_86' title="bbox 195 5845 282 5883">
     <span class='ocr_line' id='line_1_89' title="bbox 195 5845 282 5883; baseline 0.034 -3"><span class='ocrx_word' id='word_1_663' title='bbox 195 5845 282 5883; x_wconf 69' lang='grc' dir='ltr'>ιρι.</span> 
     </span>
    </p>
   </div>
   <div class='ocr_carea' id='block_1_87' title="bbox 1922 3201 3429 3271">
    <p class='ocr_par' dir='ltr' id='par_1_87' title="bbox 1922 3201 3429 3271">
     <span class='ocr_line' id='line_1_90' title="bbox 1922 3201 3429 3271; baseline 0.007 -18"><span class='ocrx_word' id='word_1_664' title='bbox 1922 3202 2021 3256; x_wconf 68' lang='lat' dir='ltr'><strong>riae</strong></span> <span class='ocrx_word' id='word_1_665' title='bbox 2049 3201 2500 3268; x_wconf 76' lang='lat' dir='ltr'><strong>commendandis,</strong></span> <span class='ocrx_word' id='word_1_666' title='bbox 2535 3206 2603 3256; x_wconf 81' lang='lat' dir='ltr'><strong>ad</strong></span> <span class='ocrx_word' id='word_1_667' title='bbox 2645 3201 3008 3271; x_wconf 60' lang='lat' dir='ltr'><strong>suscipiendos</strong></span> <span class='ocrx_word' id='word_1_668' title='bbox 3042 3201 3252 3263; x_wconf 64' lang='lat' dir='ltr'><strong>virtutis</strong></span> <span class='ocrx_word' id='word_1_669' title='bbox 3281 3219 3429 3264; x_wconf 76' lang='lat' dir='ltr'><strong>satus</strong></span> 
     </span>
    </p>
   </div>
   <div class='ocr_carea' id='block_1_88' title="bbox 1914 3271 3079 3347">
    <p class='ocr_par' dir='ltr' id='par_1_88' title="bbox 1914 3271 3079 3347">
     <span class='ocr_line' id='line_1_91' title="bbox 1914 3271 3079 3347; baseline 0.005 -23"><span class='ocrx_word' id='word_1_670' title='bbox 1914 3272 2293 3342; x_wconf 69' lang='lat' dir='ltr'><strong>preparandos</strong></span> <span class='ocrx_word' id='word_1_671' title='bbox 2320 3288 2451 3327; x_wconf 82' lang='lat' dir='ltr'><strong>esse.</strong></span> <span class='ocrx_word' id='word_1_672' title='bbox 2493 3271 2578 3327; x_wconf 76' lang='lat' dir='ltr'><strong>Ea:</strong></span> <span class='ocrx_word' id='word_1_673' title='bbox 2603 3274 2829 3327; x_wconf 80' lang='lat' dir='ltr'><strong>secundo</strong></span> <span class='ocrx_word' id='word_1_674' title='bbox 2853 3274 3079 3347; x_wconf 85' lang='lat' dir='ltr'><strong>Legum.</strong></span> 
     </span>
    </p>
   </div>
   <div class='ocr_carea' id='block_1_89' title="bbox 1919 3382 3429 3460">
    <p class='ocr_par' dir='ltr' id='par_1_89' title="bbox 1919 3382 3429 3460">
     <span class='ocr_line' id='line_1_92' title="bbox 1919 3382 3429 3460; baseline 0.009 -26"><span class='ocrx_word' id='word_1_675' title='bbox 1919 3402 1939 3434; x_wconf 75' lang='grc' dir='ltr'><strong>ι</strong></span> <span class='ocrx_word' id='word_1_676' title='bbox 1975 3382 2096 3441; x_wconf 83' lang='lat' dir='ltr'><strong>Jam</strong></span> <span class='ocrx_word' id='word_1_677' title='bbox 2123 3386 2257 3442; x_wconf 88' lang='lat' dir='ltr'><strong>mihi</strong></span> <span class='ocrx_word' id='word_1_678' title='bbox 2281 3386 2502 3447; x_wconf 81' lang='lat' dir='ltr'><strong>tertium</strong></span> <span class='ocrx_word' id='word_1_679' title='bbox 2525 3396 2620 3444; x_wconf 87' lang='lat' dir='ltr'><strong>aut</strong></span> <span class='ocrx_word' id='word_1_680' title='bbox 2649 3398 2933 3459; x_wconf 89' lang='lat' dir='ltr'><strong>quartum,</strong></span> <span class='ocrx_word' id='word_1_681' title='bbox 2962 3390 3142 3460; x_wconf 89' lang='lat' dir='ltr'><strong>inquit</strong></span> <span class='ocrx_word' id='word_1_682' title='bbox 3172 3391 3335 3457; x_wconf 90' lang='lat' dir='ltr'><strong>idem,</strong></span> <span class='ocrx_word' id='word_1_683' title='bbox 3363 3408 3429 3447; x_wconf 84' lang='lat' dir='ltr'><strong>eo</strong></span> 
     </span>
    </p>
   </div>
   <div class='ocr_carea' id='block_1_90' title="bbox 1840 3476 3430 3554">
    <p class='ocr_par' dir='ltr' id='par_1_90' title="bbox 1840 3476 3430 3554">
     <span class='ocr_line' id='line_1_93' title="bbox 1840 3476 3430 3554; baseline 0.006 -23"><span class='ocrx_word' id='word_1_684' title='bbox 1840 3476 2001 3532; x_wconf 87' lang='lat' dir='ltr'><strong>nobis</strong></span> <span class='ocrx_word' id='word_1_685' title='bbox 2034 3478 2280 3534; x_wconf 84' lang='lat' dir='ltr'><strong>revoluta</strong></span> <span class='ocrx_word' id='word_1_686' title='bbox 2327 3479 2541 3535; x_wconf 84' lang='lat' dir='ltr'><strong>videtur</strong></span> <span class='ocrx_word' id='word_1_687' title='bbox 2580 3481 2759 3536; x_wconf 89' lang='lat' dir='ltr'><strong>oratio</strong></span> <span class='ocrx_word' id='word_1_688' title='bbox 2779 3522 2794 3546; x_wconf 94' lang='lat'><strong>,</strong></span> <span class='ocrx_word' id='word_1_689' title='bbox 2825 3493 2887 3537; x_wconf 90' lang='lat' dir='ltr'><strong>ut</strong></span> <span class='ocrx_word' id='word_1_690' title='bbox 2906 3483 3253 3554; x_wconf 89' lang='lat' dir='ltr'><strong>disciplinam</strong></span> <span class='ocrx_word' id='word_1_691' title='bbox 3283 3485 3430 3542; x_wconf 87' lang='lat' dir='ltr'><strong>aliud</strong></span> 
     </span>
    </p>
   </div>
   <div class='ocr_carea' id='block_1_91' title="bbox 1839 3567 3429 3644">
    <p class='ocr_par' dir='ltr' id='par_1_91' title="bbox 1839 3567 3429 3644">
     <span class='ocr_line' id='line_1_94' title="bbox 1839 3567 3429 3644; baseline 0.006 -21"><span class='ocrx_word' id='word_1_692' title='bbox 1839 3567 2093 3626; x_wconf 87' lang='lat' dir='ltr'><strong>dicamus</strong></span> <span class='ocrx_word' id='word_1_693' title='bbox 2126 3586 2251 3627; x_wconf 92' lang='lat' dir='ltr'><strong>esse</strong></span> <span class='ocrx_word' id='word_1_694' title='bbox 2297 3572 2470 3638; x_wconf 92' lang='lat' dir='ltr'><strong>nihil,</strong></span> <span class='ocrx_word' id='word_1_695' title='bbox 2501 3588 2667 3644; x_wconf 92' lang='lat' dir='ltr'><strong>quam</strong></span> <span class='ocrx_word' id='word_1_696' title='bbox 2711 3590 3006 3644; x_wconf 88' lang='lat' dir='ltr'><strong>puerorum</strong></span> <span class='ocrx_word' id='word_1_697' title='bbox 3051 3576 3429 3635; x_wconf 67' lang='lat' dir='ltr'><strong>educationem</strong></span> 
     </span>
    </p>
   </div>
   <div class='ocr_carea' id='block_1_92' title="bbox 1839 3661 3427 3737">
    <p class='ocr_par' dir='ltr' id='par_1_92' title="bbox 1839 3661 3427 3737">
     <span class='ocr_line' id='line_1_95' title="bbox 1839 3661 3427 3737; baseline 0.004 -21"><span class='ocrx_word' id='word_1_698' title='bbox 1839 3661 2136 3731; x_wconf 88' lang='lat' dir='ltr'><strong>ejusmodi,</strong></span> <span class='ocrx_word' id='word_1_699' title='bbox 2171 3678 2277 3733; x_wconf 84' lang='lat' dir='ltr'><strong>qua</strong></span> <span class='ocrx_word' id='word_1_700' title='bbox 2308 3664 2376 3721; x_wconf 91' lang='lat' dir='ltr'><strong>ad</strong></span> <span class='ocrx_word' id='word_1_701' title='bbox 2411 3681 2531 3720; x_wconf 91' lang='lat' dir='ltr'><strong>eam</strong></span> <span class='ocrx_word' id='word_1_702' title='bbox 2583 3667 2710 3722; x_wconf 78' lang='lat' dir='ltr'><strong>vitae</strong></span> <span class='ocrx_word' id='word_1_703' title='bbox 2758 3668 3024 3724; x_wconf 90' lang='lat' dir='ltr'><strong>rationem</strong></span> <span class='ocrx_word' id='word_1_704' title='bbox 3065 3670 3427 3737; x_wconf 88' lang='lat' dir='ltr'><strong>adducantur,</strong></span> 
     </span>
    </p>
   </div>
   <div class='ocr_carea' id='block_1_93' title="bbox 1836 3752 3429 3829">
    <p class='ocr_par' dir='ltr' id='par_1_93' title="bbox 1836 3752 3429 3829">
     <span class='ocr_line' id='line_1_96' title="bbox 1836 3752 3429 3829; baseline 0.005 -20"><span class='ocrx_word' id='word_1_705' title='bbox 1836 3752 2000 3823; x_wconf 87' lang='lat' dir='ltr'><strong>cujus</strong></span> <span class='ocrx_word' id='word_1_706' title='bbox 2038 3754 2329 3826; x_wconf 84' lang='lat' dir='ltr'><strong>integritas</strong></span> <span class='ocrx_word' id='word_1_707' title='bbox 2373 3765 2429 3813; x_wconf 87' lang='lat' dir='ltr'><strong>et</strong></span> <span class='ocrx_word' id='word_1_708' title='bbox 2477 3757 2614 3829; x_wconf 83' lang='lat' dir='ltr'><strong>legis</strong></span> <span class='ocrx_word' id='word_1_709' title='bbox 2647 3774 2744 3815; x_wconf 89' lang='lat' dir='ltr'><strong>ore</strong></span> <span class='ocrx_word' id='word_1_710' title='bbox 2772 3760 3206 3826; x_wconf 74' lang='lat' dir='ltr'><strong>commendetur,</strong></span> <span class='ocrx_word' id='word_1_711' title='bbox 3243 3775 3298 3818; x_wconf 85' lang='lat' dir='ltr'><strong>et</strong></span> <span class='ocrx_word' id='word_1_712' title='bbox 3330 3764 3429 3817; x_wconf 86' lang='lat' dir='ltr'><strong>ho-</strong></span> 
     </span>
    </p>
   </div>
   <div class='ocr_carea' id='block_1_94' title="bbox 1839 3846 3430 3924">
    <p class='ocr_par' dir='ltr' id='par_1_94' title="bbox 1839 3846 3430 3924">
     <span class='ocr_line' id='line_1_97' title="bbox 1839 3846 3430 3924; baseline 0.006 -23"><span class='ocrx_word' id='word_1_713' title='bbox 1839 3846 2051 3902; x_wconf 92' lang='lat' dir='ltr'><strong>minum</strong></span> <span class='ocrx_word' id='word_1_714' title='bbox 2086 3855 2197 3903; x_wconf 90' lang='lat' dir='ltr'><strong>tam</strong></span> <span class='ocrx_word' id='word_1_715' title='bbox 2227 3849 2486 3919; x_wconf 72' lang='lat' dir='ltr'><strong>aequitate</strong></span> <span class='ocrx_word' id='word_1_716' title='bbox 2514 3853 2911 3921; x_wconf 67' lang='lat' dir='ltr'><strong>praestantium,</strong></span> <span class='ocrx_word' id='word_1_717' title='bbox 2935 3869 3099 3924; x_wconf 91' lang='lat' dir='ltr'><strong>quam</strong></span> <span class='ocrx_word' id='word_1_718' title='bbox 3129 3863 3285 3910; x_wconf 61' lang='lat' dir='ltr'><strong>aetate</strong></span> <span class='ocrx_word' id='word_1_719' title='bbox 3312 3870 3430 3910; x_wconf 87' lang='lat' dir='ltr'><strong>ma-</strong></span> 
     </span>
    </p>
   </div>
   <div class='ocr_carea' id='block_1_95' title="bbox 1841 3942 3430 4016">
    <p class='ocr_par' dir='ltr' id='par_1_95' title="bbox 1841 3942 3430 4016">
     <span class='ocr_line' id='line_1_98' title="bbox 1841 3942 3430 4016; baseline 0.005 -22"><span class='ocrx_word' id='word_1_720' title='bbox 1841 3947 2090 3995; x_wconf 88' lang='lat' dir='ltr'><strong>turorum</strong></span> <span class='ocrx_word' id='word_1_721' title='bbox 2139 3942 2468 3999; x_wconf 89' lang='lat' dir='ltr'><strong>auctoritate</strong></span> <span class='ocrx_word' id='word_1_722' title='bbox 2519 3950 2687 4013; x_wconf 87' lang='lat' dir='ltr'><strong>atque</strong></span> <span class='ocrx_word' id='word_1_723' title='bbox 2741 3945 3075 4016; x_wconf 84' lang='lat' dir='ltr'><strong>experientia</strong></span> <span class='ocrx_word' id='word_1_724' title='bbox 3107 3946 3430 4016; x_wconf 89' lang='lat' dir='ltr'><strong>comprobe-</strong></span> 
     </span>
    </p>
   </div>
   <div class='ocr_carea' id='block_1_96' title="bbox 1839 4027 3427 4108">
    <p class='ocr_par' dir='ltr' id='par_1_96' title="bbox 1839 4027 3427 4108">
     <span class='ocr_line' id='line_1_99' title="bbox 1839 4027 3427 4108; baseline 0.005 -24"><span class='ocrx_word' id='word_1_725' title='bbox 1839 4036 1949 4087; x_wconf 92' lang='lat' dir='ltr'><strong>tur.</strong></span> <span class='ocrx_word' id='word_1_726' title='bbox 1972 4027 2046 4085; x_wconf 90' lang='lat' dir='ltr'><strong>Ut</strong></span> <span class='ocrx_word' id='word_1_727' title='bbox 2063 4045 2195 4103; x_wconf 84' lang='lat' dir='ltr'><strong>ergo</strong></span> <span class='ocrx_word' id='word_1_728' title='bbox 2210 4032 2365 4102; x_wconf 91' lang='lat' dir='ltr'><strong>pueri</strong></span> <span class='ocrx_word' id='word_1_729' title='bbox 2394 4032 2613 4089; x_wconf 88' lang='lat' dir='ltr'><strong>animus</strong></span> <span class='ocrx_word' id='word_1_730' title='bbox 2640 4048 2752 4089; x_wconf 93' lang='lat' dir='ltr'><strong>non</strong></span> <span class='ocrx_word' id='word_1_731' title='bbox 2781 4034 2906 4092; x_wconf 90' lang='lat' dir='ltr'><strong>aliis</strong></span> <span class='ocrx_word' id='word_1_732' title='bbox 2931 4034 2999 4091; x_wconf 92' lang='lat' dir='ltr'><strong>de</strong></span> <span class='ocrx_word' id='word_1_733' title='bbox 3028 4036 3233 4102; x_wconf 86' lang='lat' dir='ltr'><strong>causis,</strong></span> <span class='ocrx_word' id='word_1_734' title='bbox 3262 4053 3427 4108; x_wconf 90' lang='lat' dir='ltr'><strong>quam</strong></span> 
     </span>
    </p>
   </div>
   <div class='ocr_carea' id='block_1_97' title="bbox 1839 4121 3425 4198">
    <p class='ocr_par' dir='ltr' id='par_1_97' title="bbox 1839 4121 3425 4198">
     <span class='ocr_line' id='line_1_100' title="bbox 1839 4121 3425 4198; baseline 0.003 -21"><span class='ocrx_word' id='word_1_735' title='bbox 1839 4136 1961 4192; x_wconf 59' lang='lat' dir='ltr'><strong>quas</strong></span> <span class='ocrx_word' id='word_1_736' title='bbox 1988 4121 2092 4194; x_wconf 88' lang='lat' dir='ltr'><strong>legi</strong></span> <span class='ocrx_word' id='word_1_737' title='bbox 2123 4123 2309 4189; x_wconf 87' lang='lat' dir='ltr'><strong>simul,</strong></span> <span class='ocrx_word' id='word_1_738' title='bbox 2355 4132 2412 4180; x_wconf 90' lang='lat' dir='ltr'><strong>et</strong></span> <span class='ocrx_word' id='word_1_739' title='bbox 2458 4124 2525 4181; x_wconf 92' lang='lat' dir='ltr'><strong>iis</strong></span> <span class='ocrx_word' id='word_1_740' title='bbox 2576 4139 2700 4195; x_wconf 68' lang='lat' dir='ltr'><strong>quas</strong></span> <span class='ocrx_word' id='word_1_741' title='bbox 2732 4140 2762 4181; x_wconf 87' lang='lat' dir='ltr'><strong>a</strong></span> <span class='ocrx_word' id='word_1_742' title='bbox 2794 4126 2914 4198; x_wconf 85' lang='lat' dir='ltr'><strong>lege</strong></span> <span class='ocrx_word' id='word_1_743' title='bbox 2957 4128 3168 4184; x_wconf 87' lang='lat' dir='ltr'><strong>sancita</strong></span> <span class='ocrx_word' id='word_1_744' title='bbox 3202 4125 3425 4190; x_wconf 78' lang='lat' dir='ltr'><strong>fuerint,</strong></span> 
     </span>
    </p>
   </div>
   <div class='ocr_carea' id='block_1_98' title="bbox 1838 4216 3427 4284">
    <p class='ocr_par' dir='ltr' id='par_1_98' title="bbox 1838 4216 3427 4284">
     <span class='ocr_line' id='line_1_101' title="bbox 1838 4216 3427 4284; baseline 0.004 -16"><span class='ocrx_word' id='word_1_745' title='bbox 1838 4216 2188 4283; x_wconf 86' lang='lat' dir='ltr'><strong>conveniant,</strong></span> <span class='ocrx_word' id='word_1_746' title='bbox 2233 4225 2329 4272; x_wconf 91' lang='lat' dir='ltr'><strong>aut</strong></span> <span class='ocrx_word' id='word_1_747' title='bbox 2354 4216 2542 4275; x_wconf 85' lang='lat' dir='ltr'><strong>dolere</strong></span> <span class='ocrx_word' id='word_1_748' title='bbox 2569 4227 2665 4274; x_wconf 87' lang='lat' dir='ltr'><strong>aut</strong></span> <span class='ocrx_word' id='word_1_749' title='bbox 2701 4218 2876 4275; x_wconf 84' lang='lat' dir='ltr'><strong>laetari</strong></span> <span class='ocrx_word' id='word_1_750' title='bbox 2918 4228 3224 4284; x_wconf 90' lang='lat' dir='ltr'><strong>assuescat,</strong></span> <span class='ocrx_word' id='word_1_751' title='bbox 3260 4221 3427 4277; x_wconf 90' lang='lat' dir='ltr'><strong>adeo-</strong></span> 
     </span>
    </p>
   </div>
   <div class='ocr_carea' id='block_1_99' title="bbox 1838 4308 3429 4385">
    <p class='ocr_par' dir='ltr' id='par_1_99' title="bbox 1838 4308 3429 4385">
     <span class='ocr_line' id='line_1_102' title="bbox 1838 4308 3429 4385; baseline 0.004 -24"><span class='ocrx_word' id='word_1_752' title='bbox 1838 4321 1945 4376; x_wconf 91' lang='lat' dir='ltr'><strong>que</strong></span> <span class='ocrx_word' id='word_1_753' title='bbox 1965 4308 2200 4364; x_wconf 90' lang='lat' dir='ltr'><strong>senioris</strong></span> <span class='ocrx_word' id='word_1_754' title='bbox 2227 4309 2454 4365; x_wconf 92' lang='lat' dir='ltr'><strong>ductum</strong></span> <span class='ocrx_word' id='word_1_755' title='bbox 2483 4322 2749 4383; x_wconf 88' lang='lat' dir='ltr'><strong>sequatur</strong></span> <span class='ocrx_word' id='word_1_756' title='bbox 2780 4312 2835 4368; x_wconf 93' lang='lat' dir='ltr'><strong>in</strong></span> <span class='ocrx_word' id='word_1_757' title='bbox 2860 4313 3011 4368; x_wconf 92' lang='lat' dir='ltr'><strong>omni</strong></span> <span class='ocrx_word' id='word_1_758' title='bbox 3038 4314 3274 4369; x_wconf 67' lang='lat' dir='ltr'><strong>tristitiae</strong></span> <span class='ocrx_word' id='word_1_759' title='bbox 3295 4330 3429 4385; x_wconf 84' lang='lat' dir='ltr'><strong>gau-</strong></span> 
     </span>
    </p>
   </div>
   <div class='ocr_carea' id='block_1_100' title="bbox 1837 4399 3424 4475">
    <p class='ocr_par' dir='ltr' id='par_1_100' title="bbox 1837 4399 3424 4475">
     <span class='ocr_line' id='line_1_103' title="bbox 1837 4399 3424 4475; baseline 0.005 -20"><span class='ocrx_word' id='word_1_760' title='bbox 1837 4399 2024 4469; x_wconf 89' lang='lat' dir='ltr'><strong>diique</strong></span> <span class='ocrx_word' id='word_1_761' title='bbox 2054 4415 2218 4457; x_wconf 87' lang='lat' dir='ltr'><strong>sensu</strong></span> <span class='ocrx_word' id='word_1_762' title='bbox 2266 4420 2281 4457; x_wconf 88' lang='lat'><strong>:</strong></span> <span class='ocrx_word' id='word_1_763' title='bbox 2317 4412 2626 4474; x_wconf 89' lang='lat' dir='ltr'><strong>propterea,</strong></span> <span class='ocrx_word' id='word_1_764' title='bbox 2661 4420 2801 4475; x_wconf 90' lang='lat' dir='ltr'><strong>quas</strong></span> <span class='ocrx_word' id='word_1_765' title='bbox 2828 4406 3033 4475; x_wconf 91' lang='lat' dir='ltr'><strong>passim</strong></span> <span class='ocrx_word' id='word_1_766' title='bbox 3078 4405 3213 4463; x_wconf 86' lang='lat' dir='ltr'><strong>odas</strong></span> <span class='ocrx_word' id='word_1_767' title='bbox 3258 4423 3424 4463; x_wconf 86' lang='lat' dir='ltr'><strong>voca-</strong></span> 
     </span>
    </p>
   </div>
   <div class='ocr_carea' id='block_1_101' title="bbox 1838 4491 3427 4564">
    <p class='ocr_par' dir='ltr' id='par_1_101' title="bbox 1838 4491 3427 4564">
     <span class='ocr_line' id='line_1_104' title="bbox 1838 4491 3427 4564; baseline 0.006 -18"><span class='ocrx_word' id='word_1_768' title='bbox 1838 4507 1965 4548; x_wconf 92' lang='lat' dir='ltr'><strong>mus</strong></span> <span class='ocrx_word' id='word_1_769' title='bbox 1989 4491 2228 4564; x_wconf 91' lang='lat' dir='ltr'><strong>(tametsi</strong></span> <span class='ocrx_word' id='word_1_770' title='bbox 2272 4494 2419 4550; x_wconf 91' lang='lat' dir='ltr'><strong>enim</strong></span> <span class='ocrx_word' id='word_1_771' title='bbox 2470 4498 2685 4553; x_wconf 93' lang='lat' dir='ltr'><strong>animos</strong></span> <span class='ocrx_word' id='word_1_772' title='bbox 2727 4513 2854 4554; x_wconf 80' lang='lat' dir='ltr'><strong>rere</strong></span> <span class='ocrx_word' id='word_1_773' title='bbox 2899 4499 3219 4554; x_wconf 87' lang='lat' dir='ltr'><strong>cantionum</strong></span> <span class='ocrx_word' id='word_1_774' title='bbox 3252 4500 3427 4555; x_wconf 89' lang='lat' dir='ltr'><strong>instar</strong></span> 
     </span>
    </p>
   </div>
   <div class='ocr_carea' id='block_1_102' title="bbox 1841 4584 3424 4661">
    <p class='ocr_par' dir='ltr' id='par_1_102' title="bbox 1841 4584 3424 4661">
     <span class='ocr_line' id='line_1_105' title="bbox 1841 4584 3424 4661; baseline 0.005 -24"><span class='ocrx_word' id='word_1_775' title='bbox 1841 4597 1988 4638; x_wconf 85' lang='lat' dir='ltr'><strong>nunc</strong></span> <span class='ocrx_word' id='word_1_776' title='bbox 2013 4584 2231 4654; x_wconf 91' lang='lat' dir='ltr'><strong>quidem</strong></span> <span class='ocrx_word' id='word_1_777' title='bbox 2263 4584 2520 4651; x_wconf 81' lang='lat' dir='ltr'><strong>alliciant,</strong></span> <span class='ocrx_word' id='word_1_778' title='bbox 2547 4595 2732 4654; x_wconf 90' lang='lat' dir='ltr'><strong>utpote</strong></span> <span class='ocrx_word' id='word_1_779' title='bbox 2755 4588 2820 4642; x_wconf 88' lang='lat' dir='ltr'><strong>ad</strong></span> <span class='ocrx_word' id='word_1_780' title='bbox 2856 4602 2981 4642; x_wconf 92' lang='lat' dir='ltr'><strong>eum</strong></span> <span class='ocrx_word' id='word_1_781' title='bbox 3009 4588 3077 4643; x_wconf 91' lang='lat' dir='ltr'><strong>de</strong></span> <span class='ocrx_word' id='word_1_782' title='bbox 3105 4604 3215 4660; x_wconf 90' lang='lat' dir='ltr'><strong>quo</strong></span> <span class='ocrx_word' id='word_1_783' title='bbox 3242 4589 3424 4661; x_wconf 81' lang='lat' dir='ltr'><strong>loqui-</strong></span> 
     </span>
    </p>
   </div>
   <div class='ocr_carea' id='block_1_103' title="bbox 1839 4677 3422 4752">
    <p class='ocr_par' dir='ltr' id='par_1_103' title="bbox 1839 4677 3422 4752">
     <span class='ocr_line' id='line_1_106' title="bbox 1839 4677 3422 4752; baseline 0.006 -24"><span class='ocrx_word' id='word_1_784' title='bbox 1839 4690 1962 4729; x_wconf 89' lang='lat' dir='ltr'><strong>mur</strong></span> <span class='ocrx_word' id='word_1_785' title='bbox 1990 4685 2314 4731; x_wconf 88' lang='lat' dir='ltr'><strong>concentum</strong></span> <span class='ocrx_word' id='word_1_786' title='bbox 2338 4677 2678 4734; x_wconf 85' lang='lat' dir='ltr'><strong>eiliciendum</strong></span> <span class='ocrx_word' id='word_1_787' title='bbox 2705 4680 3035 4748; x_wconf 64' lang='lat' dir='ltr'><strong>elaboratae;</strong></span> <span class='ocrx_word' id='word_1_788' title='bbox 3065 4681 3209 4752; x_wconf 90' lang='lat' dir='ltr'><strong>quod</strong></span> <span class='ocrx_word' id='word_1_789' title='bbox 3240 4691 3422 4737; x_wconf 89' lang='lat' dir='ltr'><strong>tamen</strong></span> 
     </span>
    </p>
   </div>
   <div class='ocr_carea' id='block_1_104' title="bbox 1834 4768 3427 4844">
    <p class='ocr_par' dir='ltr' id='par_1_104' title="bbox 1834 4768 3427 4844">
     <span class='ocr_line' id='line_1_107' title="bbox 1834 4768 3427 4844; baseline 0.006 -22"><span class='ocrx_word' id='word_1_790' title='bbox 1834 4768 2117 4839; x_wconf 69' lang='lat' dir='ltr'><strong>iuniorum</strong></span> <span class='ocrx_word' id='word_1_791' title='bbox 2151 4770 2320 4823; x_wconf 91' lang='lat' dir='ltr'><strong>animi</strong></span> <span class='ocrx_word' id='word_1_792' title='bbox 2338 4770 2541 4825; x_wconf 91' lang='lat' dir='ltr'><strong>serium</strong></span> <span class='ocrx_word' id='word_1_793' title='bbox 2563 4772 2699 4826; x_wconf 89' lang='lat' dir='ltr'><strong>nihil</strong></span> <span class='ocrx_word' id='word_1_794' title='bbox 2729 4782 2784 4827; x_wconf 90' lang='lat' dir='ltr'><strong>et</strong></span> <span class='ocrx_word' id='word_1_795' title='bbox 2811 4782 3096 4829; x_wconf 87' lang='lat' dir='ltr'><strong>actuosum</strong></span> <span class='ocrx_word' id='word_1_796' title='bbox 3130 4773 3271 4829; x_wconf 84' lang='lat' dir='ltr'><strong>ferre</strong></span> <span class='ocrx_word' id='word_1_797' title='bbox 3297 4790 3427 4844; x_wconf 83' lang='lat' dir='ltr'><strong>pos-</strong></span> 
     </span>
    </p>
   </div>
   <div class='ocr_carea' id='block_1_105' title="bbox 1911 4922 3425 4996">
    <p class='ocr_par' dir='ltr' id='par_1_105' title="bbox 1911 4922 3425 4996">
     <span class='ocr_line' id='line_1_108' title="bbox 1911 4922 3425 4996; baseline 0.002 -20"><span class='ocrx_word' id='word_1_798' title='bbox 1911 4922 2021 4996; x_wconf 72' lang='grc'><strong>(16)</strong></span> <span class='ocrx_word' id='word_1_799' title='bbox 2068 4923 2447 4996; x_wconf 70' lang='grc' dir='ltr'>Τεθειμένοις.</span> <span class='ocrx_word' id='word_1_800' title='bbox 2477 4924 2653 4996; x_wconf 75' lang='lat' dir='ltr'><strong>Plato</strong></span> <span class='ocrx_word' id='word_1_801' title='bbox 2673 4965 2687 4989; x_wconf 97' lang='lat'><strong>,</strong></span> <span class='ocrx_word' id='word_1_802' title='bbox 2723 4925 3112 4996; x_wconf 83' lang='grc' dir='ltr'>πεπεισμένοις</span> <span class='ocrx_word' id='word_1_803' title='bbox 3134 4967 3149 4990; x_wconf 95' lang='grc'><strong>,</strong></span> <span class='ocrx_word' id='word_1_804' title='bbox 3181 4926 3323 4995; x_wconf 85' lang='lat' dir='ltr'><strong>quod</strong></span> <span class='ocrx_word' id='word_1_805' title='bbox 3359 4942 3425 4980; x_wconf 86' lang='lat' dir='ltr'><strong>eo</strong></span> 
     </span>
    </p>
   </div>
   <div class='ocr_carea' id='block_1_106' title="bbox 1839 4993 3425 5066">
    <p class='ocr_par' dir='ltr' id='par_1_106' title="bbox 1839 4993 3425 5066">
     <span class='ocr_line' id='line_1_109' title="bbox 1839 4993 3425 5066; baseline 0.004 -20"><span class='ocrx_word' id='word_1_806' title='bbox 1839 4993 2015 5063; x_wconf 85' lang='lat' dir='ltr'><strong>magis</strong></span> <span class='ocrx_word' id='word_1_807' title='bbox 2063 4994 2404 5066; x_wconf 73' lang='lat' dir='ltr'><strong>probandum</strong></span> <span class='ocrx_word' id='word_1_808' title='bbox 2438 4995 2610 5066; x_wconf 85' lang='lat' dir='ltr'><strong>videri</strong></span> <span class='ocrx_word' id='word_1_809' title='bbox 2658 4996 2869 5064; x_wconf 87' lang='lat' dir='ltr'><strong>possit,</strong></span> <span class='ocrx_word' id='word_1_810' title='bbox 2915 4993 3061 5064; x_wconf 87' lang='lat' dir='ltr'><strong>quod</strong></span> <span class='ocrx_word' id='word_1_811' title='bbox 3099 4993 3261 5065; x_wconf 85' lang='lat' dir='ltr'><strong>paulo</strong></span> <span class='ocrx_word' id='word_1_812' title='bbox 3301 5007 3425 5066; x_wconf 86' lang='lat' dir='ltr'><strong>post</strong></span> 
     </span>
    </p>
   </div>
   <div class='ocr_carea' id='block_1_107' title="bbox 1839 5059 3421 5137">
    <p class='ocr_par' dir='ltr' id='par_1_107' title="bbox 1839 5059 3421 5137">
     <span class='ocr_line' id='line_1_110' title="bbox 1839 5059 3421 5137; baseline 0.003 -20"><span class='ocrx_word' id='word_1_813' title='bbox 1839 5059 2117 5137; x_wconf 64' lang='lat' dir='ltr'><strong>sequatur,</strong></span> <span class='ocrx_word' id='word_1_814' title='bbox 2149 5059 2345 5137; x_wconf 71' lang='grc' dir='ltr'>οἷσπερ</span> <span class='ocrx_word' id='word_1_815' title='bbox 2370 5067 2397 5137; x_wconf 72' lang='grc' dir='ltr'><strong>δ</strong></span> <span class='ocrx_word' id='word_1_816' title='bbox 2421 5065 2620 5137; x_wconf 82' lang='grc' dir='ltr'>γέρων,</span> <span class='ocrx_word' id='word_1_817' title='bbox 2655 5059 2812 5137; x_wconf 74' lang='lat' dir='ltr'><strong>quasi</strong></span> <span class='ocrx_word' id='word_1_818' title='bbox 2850 5059 2991 5120; x_wconf 82' lang='lat' dir='ltr'><strong>unus</strong></span> <span class='ocrx_word' id='word_1_819' title='bbox 3014 5059 3194 5122; x_wconf 80' lang='lat' dir='ltr'><strong>sitbic</strong></span> <span class='ocrx_word' id='word_1_820' title='bbox 3218 5059 3421 5134; x_wconf 77' lang='lat' dir='ltr'><strong>senior,</strong></span> 
     </span>
    </p>
   </div>
   <div class='ocr_carea' id='block_1_108' title="bbox 1839 5133 2938 5207">
    <p class='ocr_par' dir='ltr' id='par_1_108' title="bbox 1839 5133 2938 5207">
     <span class='ocr_line' id='line_1_111' title="bbox 1839 5133 2938 5207; baseline 0.003 -20"><span class='ocrx_word' id='word_1_821' title='bbox 1839 5133 2045 5207; x_wconf 64' lang='lat' dir='ltr'><strong>exiliis</strong></span> <span class='ocrx_word' id='word_1_822' title='bbox 2077 5134 2184 5207; x_wconf 66' lang='grc' dir='ltr'><strong>ὑπὸ</strong></span> <span class='ocrx_word' id='word_1_823' title='bbox 2211 5133 2504 5207; x_wconf 65' lang='grc' dir='ltr'>τού’νόμου</span> <span class='ocrx_word' id='word_1_824' title='bbox 2535 5133 2938 5207; x_wconf 59' lang='grc' dir='ltr'>πεπεισμένοις.</span> 
     </span>
    </p>
   </div>
   <div class='ocr_carea' id='block_1_109' title="bbox 1912 5202 3424 5276">
    <p class='ocr_par' dir='ltr' id='par_1_109' title="bbox 1912 5202 3424 5276">
     <span class='ocr_line' id='line_1_112' title="bbox 1912 5202 3424 5276; baseline 0.006 -23"><span class='ocrx_word' id='word_1_825' title='bbox 1912 5202 2023 5276; x_wconf 78' lang='lat' dir='ltr'><strong>(l7)</strong></span> <span class='ocrx_word' id='word_1_826' title='bbox 2069 5205 2166 5271; x_wconf 84' lang='grc' dir='ltr'>Ἃς</span> <span class='ocrx_word' id='word_1_827' title='bbox 2196 5203 2355 5272; x_wconf 83' lang='grc' dir='ltr'>ᾠδὰς</span> <span class='ocrx_word' id='word_1_828' title='bbox 2403 5202 2750 5276; x_wconf 52' lang='grc' dir='ltr'>πωλοῦμενζ</span> <span class='ocrx_word' id='word_1_829' title='bbox 2792 5206 2984 5261; x_wconf 87' lang='lat' dir='ltr'><strong>Hiulca</strong></span> <span class='ocrx_word' id='word_1_830' title='bbox 3041 5207 3319 5276; x_wconf 90' lang='lat' dir='ltr'><strong>pendens,</strong></span> <span class='ocrx_word' id='word_1_831' title='bbox 3367 5216 3424 5262; x_wconf 88' lang='lat' dir='ltr'><strong>ct</strong></span> 
     </span>
    </p>
   </div>
   <div class='ocr_carea' id='block_1_110' title="bbox 1837 5271 3424 5345">
    <p class='ocr_par' dir='ltr' id='par_1_110' title="bbox 1837 5271 3424 5345">
     <span class='ocr_line' id='line_1_113' title="bbox 1837 5271 3424 5345; baseline 0.003 -19"><span class='ocrx_word' id='word_1_832' title='bbox 1837 5271 2040 5345; x_wconf 84' lang='lat' dir='ltr'><strong>Attico,</strong></span> <span class='ocrx_word' id='word_1_833' title='bbox 2075 5278 2421 5345; x_wconf 87' lang='lat' dir='ltr'><strong>maximeque</strong></span> <span class='ocrx_word' id='word_1_834' title='bbox 2446 5271 2738 5345; x_wconf 78' lang='lat' dir='ltr'><strong>Platonico</strong></span> <span class='ocrx_word' id='word_1_835' title='bbox 2770 5292 2921 5331; x_wconf 90' lang='lat' dir='ltr'><strong>more</strong></span> <span class='ocrx_word' id='word_1_836' title='bbox 2948 5271 3203 5332; x_wconf 76' lang='lat' dir='ltr'><strong>intricata</strong></span> <span class='ocrx_word' id='word_1_837' title='bbox 3258 5279 3424 5331; x_wconf 84' lang='lat' dir='ltr'><strong>simul</strong></span> 
     </span>
    </p>
   </div>
   <div class='ocr_carea' id='block_1_111' title="bbox 1838 5343 3420 5418">
    <p class='ocr_par' dir='ltr' id='par_1_111' title="bbox 1838 5343 3420 5418">
     <span class='ocr_line' id='line_1_114' title="bbox 1838 5343 3420 5418; baseline 0.003 -21"><span class='ocrx_word' id='word_1_838' title='bbox 1838 5343 2143 5418; x_wconf 60' lang='lat' dir='ltr'><strong>ettrajecta</strong></span> <span class='ocrx_word' id='word_1_839' title='bbox 2174 5343 2372 5418; x_wconf 83' lang='lat' dir='ltr'><strong>oratio.</strong></span> <span class='ocrx_word' id='word_1_840' title='bbox 2408 5344 2544 5401; x_wconf 88' lang='lat' dir='ltr'><strong>Nam</strong></span> <span class='ocrx_word' id='word_1_841' title='bbox 2573 5348 2705 5418; x_wconf 90' lang='lat' dir='ltr'><strong>illud</strong></span> <span class='ocrx_word' id='word_1_842' title='bbox 2738 5348 2955 5417; x_wconf 90' lang='lat' dir='ltr'><strong>quidem</strong></span> <span class='ocrx_word' id='word_1_843' title='bbox 2978 5389 2992 5413; x_wconf 94' lang='lat'><strong>,</strong></span> <span class='ocrx_word' id='word_1_844' title='bbox 3053 5347 3120 5412; x_wconf 80' lang='grc' dir='ltr'>ἃς</span> <span class='ocrx_word' id='word_1_845' title='bbox 3146 5346 3289 5418; x_wconf 81' lang='grc' dir='ltr'>ᾠδὰς</span> <span class='ocrx_word' id='word_1_846' title='bbox 3319 5366 3420 5401; x_wconf 87' lang='grc' dir='ltr'>κα-</span> 
     </span>
    </p>
   </div>
   <div class='ocr_carea' id='block_1_112' title="bbox 1836 5412 3421 5487">
    <p class='ocr_par' dir='ltr' id='par_1_112' title="bbox 1836 5412 3421 5487">
     <span class='ocr_line' id='line_1_115' title="bbox 1836 5412 3421 5487; baseline 0.004 -22"><span class='ocrx_word' id='word_1_847' title='bbox 1836 5412 2057 5487; x_wconf 79' lang='grc' dir='ltr'>λοῦμεν,</span> <span class='ocrx_word' id='word_1_848' title='bbox 2089 5416 2314 5487; x_wconf 80' lang='lat' dir='ltr'><strong>omnino</strong></span> <span class='ocrx_word' id='word_1_849' title='bbox 2339 5418 2558 5486; x_wconf 90' lang='lat' dir='ltr'><strong>pendet.</strong></span> <span class='ocrx_word' id='word_1_850' title='bbox 2601 5417 2734 5484; x_wconf 64' lang='lat' dir='ltr'><strong>Quae</strong></span> <span class='ocrx_word' id='word_1_851' title='bbox 2757 5412 3101 5487; x_wconf 73' lang='lat' dir='ltr'><strong>sequuntur,</strong></span> <span class='ocrx_word' id='word_1_852' title='bbox 3146 5412 3319 5487; x_wconf 84' lang='lat' dir='ltr'><strong>usque</strong></span> <span class='ocrx_word' id='word_1_853' title='bbox 3354 5418 3421 5472; x_wconf 79' lang='lat' dir='ltr'><strong>ad</strong></span> 
     </span>
    </p>
   </div>
   <div class='ocr_carea' id='block_1_113' title="bbox 1839 5432 3419 5556">
    <p class='ocr_par' dir='ltr' id='par_1_113' title="bbox 1839 5432 3419 5556">
     <span class='ocr_line' id='line_1_116' title="bbox 1839 5432 3419 5537; baseline 0.004 -71"><span class='ocrx_word' id='word_1_854' title='bbox 1839 5432 2057 5537; x_wconf 52' lang='lat' dir='ltr'><strong>murex),</strong></span> <span class='ocrx_word' id='word_1_855' title='bbox 2089 5432 2314 5470; x_wconf 84' lang='lat' dir='ltr'><strong>omnino</strong></span> <span class='ocrx_word' id='word_1_856' title='bbox 2339 5432 2558 5486; x_wconf 81' lang='lat' dir='ltr'><strong>pendet.</strong></span> <span class='ocrx_word' id='word_1_857' title='bbox 2601 5432 2734 5484; x_wconf 67' lang='lat' dir='ltr'><strong>uuae</strong></span> <span class='ocrx_word' id='word_1_858' title='bbox 2777 5432 3101 5486; x_wconf 84' lang='lat' dir='ltr'><strong>sequuntur,</strong></span> <span class='ocrx_word' id='word_1_859' title='bbox 3146 5434 3319 5487; x_wconf 86' lang='lat' dir='ltr'><strong>usque</strong></span> <span class='ocrx_word' id='word_1_860' title='bbox 3354 5432 3419 5472; x_wconf 69' lang='lat' dir='ltr'><strong>ad</strong></span> 
     </span>
     <span class='ocr_line' id='line_1_117' title="bbox 1839 5484 3419 5556; baseline 0.004 -20"><span class='ocrx_word' id='word_1_861' title='bbox 1839 5501 1916 5556; x_wconf 89' lang='grc' dir='ltr'><strong>πρ</strong></span> <span class='ocrx_word' id='word_1_862' title='bbox 1956 5484 2212 5549; x_wconf 89' lang='grc' dir='ltr'>ττεσθαι,</span> <span class='ocrx_word' id='word_1_863' title='bbox 2265 5488 2579 5555; x_wconf 84' lang='lat' dir='ltr'><strong>parenthesi</strong></span> <span class='ocrx_word' id='word_1_864' title='bbox 2650 5486 2950 5543; x_wconf 84' lang='lat' dir='ltr'><strong>claudenda</strong></span> <span class='ocrx_word' id='word_1_865' title='bbox 3003 5488 3292 5553; x_wconf 87' lang='lat' dir='ltr'><strong>existimo,</strong></span> <span class='ocrx_word' id='word_1_866' title='bbox 3347 5490 3419 5543; x_wconf 86' lang='lat' dir='ltr'><strong>ita</strong></span> 
     </span>
    </p>
   </div>
   <div class='ocr_carea' id='block_1_114' title="bbox 1815 5555 3421 5679">
    <p class='ocr_par' dir='ltr' id='par_1_114' title="bbox 1815 5555 3421 5679">
     <span class='ocr_line' id='line_1_118' title="bbox 1815 5555 3421 5679; baseline 0.003 -70"><span class='ocrx_word' id='word_1_867' title='bbox 1815 5555 2079 5679; x_wconf 42' lang='lat' dir='ltr'><strong>oiluidem,</strong></span> <span class='ocrx_word' id='word_1_868' title='bbox 2106 5563 2167 5610; x_wconf 87' lang='lat' dir='ltr'><strong>ut</strong></span> <span class='ocrx_word' id='word_1_869' title='bbox 2196 5556 2499 5625; x_wconf 81' lang='grc' dir='ltr'>γεγονέναι,</span> <span class='ocrx_word' id='word_1_870' title='bbox 2526 5558 2825 5622; x_wconf 84' lang='grc' dir='ltr'>καλεῖσθαι,</span> <span class='ocrx_word' id='word_1_871' title='bbox 2858 5558 3213 5630; x_wconf 85' lang='grc' dir='ltr'>πράττεσθαι,</span> <span class='ocrx_word' id='word_1_872' title='bbox 3243 5559 3421 5628; x_wconf 85' lang='lat' dir='ltr'><strong>posita</strong></span> 
     </span>
     <span class='ocr_line' id='line_1_119' title="bbox 1815 5625 3420 5679; baseline 0 0"><span class='ocrx_word' id='word_1_873' title='bbox 1815 5628 1823 5679; x_wconf 66' lang='grc' dir='ltr'><strong>ζ</strong></span> <span class='ocrx_word' id='word_1_874' title='bbox 1863 5625 2074 5679; x_wconf 81' lang='lat' dir='ltr'><strong>Iterint.</strong></span> <span class='ocrx_word' id='word_1_875' title='bbox 2121 5642 2219 5679; x_wconf 82' lang='lat' dir='ltr'><strong>bro</strong></span> <span class='ocrx_word' id='word_1_876' title='bbox 2248 5628 2475 5679; x_wconf 83' lang='grc' dir='ltr'>γένοιντ’</span> <span class='ocrx_word' id='word_1_877' title='bbox 2513 5627 2601 5679; x_wconf 82' lang='grc' dir='ltr'><strong>ἂν.</strong></span> <span class='ocrx_word' id='word_1_878' title='bbox 2647 5629 2926 5679; x_wconf 84' lang='grc' dir='ltr'>καλοῖντο.</span> <span class='ocrx_word' id='word_1_879' title='bbox 2962 5629 3304 5679; x_wconf 84' lang='grc' dir='ltr'>ποάττοιντο-</span> <span class='ocrx_word' id='word_1_880' title='bbox 3336 5630 3420 5679; x_wconf 75' lang='grc' dir='ltr'>νυΙ</span> 
     </span>
    </p>
   </div>
   <div class='ocr_carea' id='block_1_115' title="bbox 1786 5621 3443 5701">
    <p class='ocr_par' dir='ltr' id='par_1_115' title="bbox 1786 5621 3443 5701">
     <span class='ocr_line' id='line_1_120' title="bbox 1786 5621 3443 5701; baseline 0.001 -22"><span class='ocrx_word' id='word_1_881' title='bbox 1786 5621 1823 5679; x_wconf 68' lang='grc' dir='ltr'><strong>-ἒ</strong></span> <span class='ocrx_word' id='word_1_882' title='bbox 1839 5621 2094 5701; x_wconf 36' lang='lat' dir='ltr'><strong>fuerint,</strong></span> <span class='ocrx_word' id='word_1_883' title='bbox 2121 5621 2475 5701; x_wconf 62' lang='grc' dir='ltr'>ρι’όγένοιντ’</span> <span class='ocrx_word' id='word_1_884' title='bbox 2513 5627 2601 5693; x_wconf 82' lang='grc' dir='ltr'>ἂν,</span> <span class='ocrx_word' id='word_1_885' title='bbox 2647 5621 2926 5701; x_wconf 46' lang='grc' dir='ltr'>καλοῖντο,</span> <span class='ocrx_word' id='word_1_886' title='bbox 2962 5621 3305 5701; x_wconf 66' lang='grc' dir='ltr'>πράττοινιὲο,</span> <span class='ocrx_word' id='word_1_887' title='bbox 3336 5630 3443 5701; x_wconf 72' lang='lat' dir='ltr'><strong>vel.</strong></span> 
     </span>
    </p>
   </div>
   <div class='ocr_carea' id='block_1_116' title="bbox 1802 5694 3421 5773">
    <p class='ocr_par' dir='ltr' id='par_1_116' title="bbox 1802 5694 3421 5773">
     <span class='ocr_line' id='line_1_121' title="bbox 1802 5694 3421 5773; baseline 0.007 -28"><span class='ocrx_word' id='word_1_888' title='bbox 1802 5710 1805 5713; x_wconf 52' lang='grc' dir='ltr'><strong><em>ν</em></strong></span> <span class='ocrx_word' id='word_1_889' title='bbox 1838 5695 2007 5773; x_wconf 68' lang='lat' dir='ltr'><strong>(quod</strong></span> <span class='ocrx_word' id='word_1_890' title='bbox 2027 5694 2272 5773; x_wconf 73' lang='lat' dir='ltr'><strong>Platoni,</strong></span> <span class='ocrx_word' id='word_1_891' title='bbox 2305 5697 2673 5773; x_wconf 79' lang='lat' dir='ltr'><strong>Demostheni,</strong></span> <span class='ocrx_word' id='word_1_892' title='bbox 2700 5709 2755 5754; x_wconf 90' lang='lat' dir='ltr'><strong>et</strong></span> <span class='ocrx_word' id='word_1_893' title='bbox 2781 5700 2900 5773; x_wconf 80' lang='lat' dir='ltr'><strong>aliis</strong></span> <span class='ocrx_word' id='word_1_894' title='bbox 2923 5694 3310 5773; x_wconf 69' lang='grc' dir='ltr'>ἁττικωτέροις</span> <span class='ocrx_word' id='word_1_895' title='bbox 3338 5700 3421 5756; x_wconf 83' lang='lat' dir='ltr'><strong>fa-</strong></span> 
     </span>
    </p>
   </div>
   <div class='ocr_carea' id='block_1_117' title="bbox 1839 5765 3418 5842">
    <p class='ocr_par' dir='ltr' id='par_1_117' title="bbox 1839 5765 3418 5842">
     <span class='ocr_line' id='line_1_122' title="bbox 1839 5765 3418 5842; baseline 0.005 -23"><span class='ocrx_word' id='word_1_896' title='bbox 1839 5765 2275 5842; x_wconf 77' lang='lat' dir='ltr'><strong>miliarissimum</strong></span> <span class='ocrx_word' id='word_1_897' title='bbox 2307 5770 2429 5842; x_wconf 65' lang='lat' dir='ltr'><strong>est)</strong></span> <span class='ocrx_word' id='word_1_898' title='bbox 2459 5785 2558 5842; x_wconf 78' lang='lat' dir='ltr'><strong>pro</strong></span> <span class='ocrx_word' id='word_1_899' title='bbox 2590 5770 2925 5840; x_wconf 86' lang='lat' dir='ltr'><strong>imperativis</strong></span> <span class='ocrx_word' id='word_1_900' title='bbox 2955 5765 3236 5842; x_wconf 79' lang='lat' dir='ltr'><strong>usurpata.</strong></span> <span class='ocrx_word' id='word_1_901' title='bbox 3263 5765 3418 5827; x_wconf 85' lang='lat' dir='ltr'><strong>Con-</strong></span> 
     </span>
    </p>
   </div>
   <div class='ocr_carea' id='block_1_118' title="bbox 1844 5837 2851 5908">
    <p class='ocr_par' dir='ltr' id='par_1_118' title="bbox 1844 5837 2851 5908">
     <span class='ocr_line' id='line_1_123' title="bbox 1844 5837 2851 5908; baseline 0.004 -15"><span class='ocrx_word' id='word_1_902' title='bbox 1844 5838 1983 5903; x_wconf 83' lang='lat' dir='ltr'><strong>sule,</strong></span> <span class='ocrx_word' id='word_1_903' title='bbox 2015 5838 2062 5894; x_wconf 86' lang='lat' dir='ltr'><strong>si</strong></span> <span class='ocrx_word' id='word_1_904' title='bbox 2091 5837 2288 5908; x_wconf 73' lang='lat' dir='ltr'><strong>placet,</strong></span> <span class='ocrx_word' id='word_1_905' title='bbox 2318 5837 2492 5896; x_wconf 83' lang='lat' dir='ltr'><strong>Ficini</strong></span> <span class='ocrx_word' id='word_1_906' title='bbox 2525 5837 2851 5897; x_wconf 77' lang='lat' dir='ltr'><strong>versionem.</strong></span> 
     </span>
    </p>
   </div>
  </div>
