3826 6232
431 335 542 395 987
1077 341 1350 400 EUSEBII
1387 343 1880 401 CESARIENSIS
1915 343 2068 400 OPP.
2110 342 2291 401 PARS
2327 343 2390 401 il.
2437 375 2503 386 —
2542 344 3048 403 APOLOCETICA.
3613 348 3714 408 988

432 460 582 526 sint,
613 460 771 518 lusus
821 477 955 519 sane
995 464 1222 536 odaeque
1268 467 1620 524 nominentur
1651 484 1716 524 ac
1751 469 1938 537 fiant),
1971 486 2003 524 ιι

2136 487 2269 541 μασι
2295 469 2395 542 τὴν
2423 471 2666 542 χρηστὴν
2695 472 2994 543 πειρῶνται
3025 471 3232 544 τροφὴν
3264 474 3619 548 προσφέρειν,
3638 473 3714 541 οἷς

433 552 530 622 qui
555 567 784 622 corpore
818 554 1130 612 laborantes
1159 557 1412 628 maleque
1455 560 1720 640 habentes
1746 559 2011 616 curandos

2132 561 2284 630 μέλει
2307 561 2542 617 τούτων’
2574 564 2672 635 τὴν
2708 565 2766 618 δὲ
2799 565 2906 618 τῶν
2945 566 3198 638 πονηρῶν
3225 568 3283 621 ὲν
3330 568 3552 640 ἀηδέσιν
3579 587 3592 599 ·
3631 571 3713 623 ἵνα

433 657 747 713 suscepere,
772 644 867 700 'iis
904 646 1124 703 salubre
1151 649 1475 705 alimentum
1507 634 1807 708 esculentis
1828 668 1892 708 ac
1918 667 2011 722 p0-

2132 650 2225 722 τὴν
2254 651 2352 722 μὲν
2383 634 2757 720 ἀσπάζωνται,
2781 653 2879 725 τὴν
2905 654 2962 708 δὲ
2986 634 3166 725 μισεῖν
3192 655 3368 728 ὀρθῶς
3389 634 3710 724 ψὲθίξωνται.

432 734 669 789 culentis
701 735 1074 806 suavioribus,
1122 739 1351 794 noxium
1399 749 1579 796 autem
1629 743 2011 812 injiicundiori-

2132 743 2338 797 Ταύτὸν
2367 743 2425 796 δὲ
2451 744 2548 797 καὶ⁵
2589 743 2682 797 τὸν
2716 745 3004 816 ποιητικὸν
3051 749 3081 800 ὁ
3122 746 3281 818 ὀρθὸς
3316 748 3616 820 νομοθέτης
3659 750 3714 802 ἐν

433 827 539 882 lius
567 828 878 884 immiscere
903 831 1103 900 solent,
1131 842 1192 888 ut
1220 833 1454 889 alterum
1484 851 1693 901 amare,
1724 837 1909 892 odisse
1938 836 2011 890 al-

2132 835 2240 897 τοῖς
2260 832 2446 898 καλοῖς
2466 835 2674 904 ῥήμασι
2698 834 2792 888 καὶ
2816 836 3119 900 ἐπαινετοῖς
3136 837 3314 891 πείσει
3333 855 3413 903 τε,
3432 839 3528 892 καὶ
3549 841 3712 908 ἀναγ-

431 925 608 984 terum
653 918 814 977 facile
853 933 1175 980 assuescant
1205 945 1220 983 :
1255 927 1328 984 ita
1358 930 1519 1000 plane
1546 930 1724 985 bonus
1746 929 2011 1000 legislatm

2132 923 2291 978 κάσει
2318 923 2394 996 μὴ
2424 923 2648 989 πείθων,
2673 923 2742 978 τὰ
2768 924 2874 980 τῶν
2897 927 3190 1000 σωφρόνων
3222 944 3282 980 τε
3309 928 3404 982 καὶ
3432 929 3711 1001 ἀνδρείων,

431 1023 498 1064 eo
524 1019 740 1080 poetam
769 1013 853 1068 vel
873 1013 1130 1081 adducet,
1159 1018 1266 1085 vel,
1298 1019 1343 1074 si
1371 1020 1552 1075 minus
1580 1019 1851 1075 adducere
1875 1029 2011 1090 pote-

2132 1014 2228 1067 καὶ
2278 1014 2496 1078 πάντως
2534 1015 2781 1086 ἀγαθῶ-ιλ
2811 1015 3040 1090 ἀνδρῶν,
3089 1016 3146 1069 ἕν
3183 1034 3244 1070 τε
3301 1019 3529 1090 ῥυθμοῖς
3584 1023 3712 1091 σχή-

431 1097 527 1163 rit,
553 1099 757 1172 adiget,
793 1111 856 1158 ut
885 1103 1133 1162 honestis
1161 1121 1226 1163 ac
1255 1107 1623 1164 laudabilibns
1664 1109 1869 1173 verbis,
1899 1123 2011 1164 mo-

2135 1120 2280 1174 ματα
2313 1103 2446 1174 (18),
2476 1103 2570 1158 καὶ¹
2615 1106 2672 1157 ὲν
2713 1105 2999 1177 ἁρμονίαις
3035 1107 3172 1179 μέλη
3200 1149 3214 1171 ,
3253 1108 3511 1163 ποιοῦντα
3541 1111 3715 1182 ὀρθῶς

431 1202 522 1244 res
573 1189 858 1249 hominum
909 1199 1303 1266 temperantia,
1355 1198 1709 1265 fortitudine,
1757 1199 2011 1268 omnique

2132 1198 2330 1252 ποιεῖν.
2371 1216 2391 1249 ›
2427 1197 2669 1260 Εἰκότως
2693 1199 2803 1270 ἄρα
2850 1199 2945 1252 καὶ
2993 1201 3121 1271 παρ’
3157 1201 3289 1271 ἡμῖν
3340 1202 3438 1266 τὰς
3473 1202 3582 1254 ὑπὸ
3608 1204 3714 1256 τῶν

431 1280 652 1339 virtutis
680 1301 877 1356 genere
905 1288 1226 1360 insignium,
1267 1291 1384 1347 sive
1409 1293 1464 1346 in
1495 1291 1736 1348 numeris
1787 1293 2011 1348 staticu-

2132 1286 2295 1342 θείων
2343 1289 2640 1360 προφητῶν
2669 1291 3049 1362 πεποιημένας
3077 1292 3220 1363 ᾠδὰς
3246 1333 3261 1356 ,
3315 1294 3410 1346 καὶ
3454 1295 3584 1360 τοὺς
3637 1297 3714 1361 εἰς

431 1371 538 1439 los,
566 1373 680 1430 sive
710 1377 766 1431 in
801 1389 1070 1435 concentu
1101 1382 1409 1438 inodulatos
1445 1399 1636 1440 versus
1669 1383 1885 1448 eﬂiciet,
1918 1383 2011 1438 rite

2132 1379 2261 1432 Θεὸν
2290 1378 2492 1450 ὕμνους
2518 1380 2748 1453 μελετᾷν
2775 1383 2825 1435 οἱ
2853 1383 3041 1446 παῖδες
3073 1382 3362 1447 ἐθίζονται.

431 1480 497 1520 ac
522 1466 777 1526 decenter
808 1471 1074 1530 imitetur.
1112 1492 1132 1525 ι
1177 1473 1305 1530 Haec
1351 1475 1460 1529 ille.
1503 1473 1647 1547 Ergo
1689 1476 1814 1546 jure
1869 1489 2004 1532 sane
2037 1487 2102 1527 ac
2139 1471 2334 1526 merito
2382 1473 2537 1542 pueri
2582 1487 2802 1544 quoque
2848 1475 3019 1530 nostri
3055 1475 3366 1532 divinorum
3415 1477 3712 1548 propheta-

432 1579 554 1618 rum
583 1564 720 1620 odas
757 1564 1100 1636 hymnosque
1128 1567 1196 1622 de
1221 1566 1333 1623 Deo
1360 1569 1594 1640 scriptos
1618 1577 1792 1624 terere
1815 1568 2016 1639 saepius
2053 1582 2119 1623 ac
2141 1577 2385 1638 repetere
2411 1575 2802 1622 consuescunt.

1016 1659 1249 1716 CAPUT
1290 1659 1411 1716 XXI

433 1770 748 1842 Cujusmodi
779 1774 1001 1829 odarum
1036 1775 1254 1830 illarum
1274 1778 1589 1832 sententiam
1614 1793 1725 1832 esse
1755 1785 2012 1848 oporteat.
2048 1774 2094 1830 B

506 1897 526 1929 ι
559 1877 692 1934 Eam
733 1891 902 1951 poeta’
927 1886 1304 1951 necessitatem
1330 1887 1632 1958 imponitis,
1652 1889 2017 1959 inquitPlato,

432 1967 511 2021 uti
545 1969 723 2023 virum
757 1971 958 2026 bonum
981 2013 997 2039 ,
1047 1974 1130 2027 vel
1181 1974 1286 2030 hoc
1316 1975 1435 2044 ipso
1462 1992 1572 2046 quo
1604 1977 2016 2046 temperantiam

429 2067 484 2112 et
511 2060 822 2128 aequitatem
869 2063 1034 2128 colat,
1080 2064 1291 2120 felicem
1329 2065 1488 2138 595
1515 2068 1842 2140 beatumque
1885 2085 2016 2140 pro—

431 2151 704 2215 nuntient,
723 2167 817 2207 seu
852 2169 1081 2222 procero
1109 2172 1176 2209 ac
1207 2158 1430 2213 robusto
1450 2175 1676 2230 corpore
1705 2161 1885 2225 fuerit,
1919 2179 2016 2218 seu

429 2249 624 2296 contra
656 2244 856 2315 exiguo
886 2253 940 2298 et
963 2245 1210 2315 inﬁrmo;
1247 2249 1486 2321 itemque
1509 2267 1602 2306 seu
1627 2253 1829 2309 divitiis
1843 2254 2018 2309 abun~

428 2332 600 2397 dabit,
636 2349 732 2389 seu
771 2351 878 2390 non
923 2355 936 2391 :
988 2337 1071 2391 sin
1106 2349 1286 2394 autem
1329 2340 1583 2414 Cinyram
1615 2344 1792 2414 ipsum
1819 2346 2016 2416 opibus

429 2421 741 2495 Midainque
768 2428 1066 2496 superabit,
1101 2429 1245 2485 idem
1277 2439 1456 2486 tamen
1489 2433 1727 2503 injustus
1757 2434 1880 2500 erit,
1913 2435 2016 2489 mi-

429 2533 611 2570 serum
663 2518 813 2572 illum
865 2536 1008 2585 esse,
1063 2530 1228 2593 atque
1277 2525 1528 2578 acerbam
1579 2525 1747 2581 vitam
1791 2524 2012 2582 ducere.

428 2605 722 2662 Enimvero
751 2608 852 2678 (sic
893 2610 1038 2664 enim
1067 2612 1209 2681 apud
1240 2627 1339 2668 vos
1372 2622 1529 2684 poeta
1557 2614 1820 2685 loquitur,
1853 2615 1899 2671 si
1929 2631 2015 2670 re-

426 2709 514 2754 cte
542 2701 704 2753 modo
737 2700 999 2773 loquitur)
1029 2703 1148 2773 ejus
1174 2718 1276 2774 ego
1306 2704 1407 2758 viri
1433 2721 1499 2759 ne
1523 2707 1867 2761 meminerim
1893 2705 2016 2777 qni-

424 2791 583 2858 dein,
637 2806 733 2850 aut
777 2798 1002 2852 omnino
1046 2799 1315 2854 rationem
1366 2800 1533 2855 ullam
1586 2801 1872 2867 duxerim,
1918 2800 2015 2871 qui

423 2886 609 2941 omnia
632 2886 935 2944 honestatis
955 2899 1010 2945 et
1035 2892 1308 2962 aequitatis
1329 2891 1505 2948 ollicia
1529 2908 1638 2948 non
1664 2895 1825 2950 obeat
1851 2904 2016 2965 atque

424 2979 840 3048 complectatur.
893 2979 1054 3048 Quod
1103 2984 1152 3038 si
1194 2983 1318 3040 talis
1349 2985 1474 3052 erit,
1511 2995 1622 3038 tum
1668 2993 1838 3056 gestat
1875 2985 2014 3040 hosti

424 3070 638 3126 Collato
669 3089 904 3144 pugnare
929 3075 1075 3144 pede.
1117 3074 1199 3129 An
1227 3075 1466 3146 injustus
1496 3077 1540 3132 si
1573 3075 1760 3142 fuerit,
1791 3093 1882 3131 nec
1908 3093 2010 3130 au-

423 3165 546 3218 deat
595 3167 762 3220 cwdes
793 3178 1028 3236 spectare
1061 3179 1324 3235 cruentas,
1363 3187 1454 3223 nec
1484 3172 1675 3238 possit,
1711 3169 2012 3224 Threicium

425 3259 655 3315 Boream
681 3259 833 3314 celeri
855 3269 1164 3330 praevertere
1192 3278 1352 3317 cursu
1374 3278 1394 3315 :
1415 3277 1517 3317 nec
1541 3261 1688 3316 aliud
1712 3263 2012 3334 quidquam

425 3366 619 3408 eorum
654 3365 775 3420 qua:
796 3351 936 3406 bona
967 3352 1223 3407 dicuntur
1256 3354 1521 3408 obtineat.
1581 3352 1716 3410 Nam
1747 3371 1869 3426 quae
1892 3358 2014 3412 vul-

425 3460 531 3518 gus
577 3445 858 3500 hominum
911 3446 1184 3516 appellare
1224 3447 1364 3502 bona
1417 3447 1587 3514 solet,
1620 3449 1726 3505 hoc
1758 3450 1826 3507 iis
1869 3450 2012 3506 falso

426 3553 630 3592 nomen
690 3539 970 3592 tribuitur.
1053 3538 1273 3594 Sanitas
1323 3539 1526 3611 quippe
1590 3542 1836 3596 omnium
1898 3541 2013 3599 fere

425 3631 630 3701 Optima
680 3631 1008 3702 praedicatur
1049 3651 1063 3686 :
1110 3633 1351 3688 secundo
1381 3633 1501 3688 loco
1527 3634 2009 3704 pulchritudinem,

427 3726 590 3781 tertio
619 3724 808 3792 robur,
840 3733 1037 3795 quarto
1065 3724 1285 3794 divitias
1315 3735 1625 3782 numerant.
1685 3725 2010 3798 Quanquam

428 3819 642 3873 inlinita
683 3818 789 3873 alia
820 3826 972 3883 sunt,
1011 3833 1137 3889 quae
1162 3819 1305 3874 bona
1332 3820 1529 3892 vulgus
1554 3820 1807 3890 appellat.
1873 3819 2012 3878 Nam

428 3918 590 3964 acuto
622 3911 744 3966 visu
789 3911 1090 3982 audituque
1136 3912 1423 3982 praeditum
1474 3925 1617 3977 esse,
1648 3911 2014 3981 omnibusque

429 4018 691 4059 sensuum
743 4002 1096 4060 facultatibus
1156 4004 1383 4074 integris
1437 4020 1503 4060 ac
1553 4003 1811 4075 perfectis
1864 4004 1946 4059 uti
1993 4023 2007 4059 :

430 4111 648 4150 summo
678 4096 734 4150 in
765 4095 1350 4167 dominatu,quidquid
1379 4097 1566 4152 animo
1597 4096 1906 4151 collibuerit
1932 4095 2013 4150 fa-

428 4201 588 4254 cere,
646 4186 851 4241 bonum
919 4186 1266 4245 existimatur
1323 4207 1338 4243 :
1391 4196 1675 4259 postremo
1736 4187 2012 4246 felicitatis

503 4437 616 4510 (18)
661 4439 772 4492 Ἕν
797 4455 860 4492 τε
879 4437 1133 4510 ρυθμοῐς
1165 4439 1470 4510 σχήματα,
1503 4447 1610 4494 etc.
1647 4437 1843 4495 Ficiiii.
1879 4438 2012 4495 Tam

431 4511 631 4580 ﬁguras
659 4525 841 4563 eorum
881 4509 1174 4578 rhythmis,
1214 4509 1374 4580 quam
1415 4519 1658 4563 accentus
1693 4510 2006 4568 harmoniis.

432 4580 728 4651 Σχήματα,
761 4595 856 4633 seu
897 4580 1196 4651 σχημάτια,
1231 4581 1320 4636 hic
1347 4588 1402 4635 et
1437 4580 1566 4651 alibi
1604 4581 1839 4650 passim,
1871 4581 2008 4637 certi

430 4650 652 4719 quidam
679 4651 926 4718 corporis
963 4661 1162 4715 iiiotus,
1197 4666 1337 4720 quos
1367 4653 1422 4704 in
1457 4650 1840 4707 saltationibus
1881 4653 2010 4708 ede-

429 4720 564 4774 bant
610 4721 666 4774 in
710 4737 996 4775 numerum
1045 4737 1058 4773 :
1109 4720 1320 4778 Latinis
1367 4720 1607 4774 staticuli'
1665 4721 2006 4778 dicebantur.

429 4791 805 4864 Aristoteles,_
837 4791 930 4845 lib.
968 4791 1042 4844 De
1056 4793 1273 4864 poetica
1297 4833 1312 4858 ,
1363 4792 1426 4844 Οί
1475 4793 1740 4864 ρρχησταὶ
1774 4792 1868 4864 ,διὰ
1901 4793 2010 4864 τῶν

430 4861 917 4932 σχηματιζομένων
979 4861 1201 4932 ῥυθμῶν
1241 4901 1258 4927 ,
1329 4861 1623 4944 μιμοῦνται
1702 4863 1796 4944 κριὶ
1863 4863 2008 4934 ἤθη,

428 4934 524 5004 καὶ
560 4931 707 5004 πάθη
732 4973 747 4997 ,
803 4933 899 5004 καὶ
941 4932 1187 5004 πράξεις.
1247 4934 1644 5004 Aristophanes
1669 4973 1684 4996 ,
1731 4932 1956 5004 iniPace
1989 4950 2010 4988 :

441 4973 637 5074 iiii"
645 4973 1747 5074 ἓῖςῶγτᾜὺ’’ἓᾶῗλῖάτί’ξέιίῗ’”ἒὲὖξὲἓῖιᾶιῖ
1755 4973 1844 5057 "Id
1863 4973 2012 5060 "EI-ai

445 5021 594 5056 AJJ'
648 5021 762 5072 εγω
806 5021 811 5022 ί
864 5021 936 5057 ου
986 5021 1375 5073 σχηματιςειν
1420 5021 1743 5074 ρουλομαι.
1788 5021 1844 5057 In
1894 5021 2011 5060 erat

329 5101 334 5114 .ι
433 5071 615 5141 λέγειν
656 5021 802 5126 κατά
830 5074 930 5146 τὴν
976 5075 1226 5146 ὄρχησιν,
1249 5074 1324 5146 _-id
1371 5086 1492 5146 est,
1537 5075 1656 5145 ipso
1699 5083 1856 5146 gestu
1891 5090 2011 5129 mo-

434 5092 615 5141 Λεγειν
656 5092 799 5126 κατα
830 5092 930 5145 την
976 5092 1005 5126 o
1045 5092 1226 5145 χησιν,
1261 5092 1324 5128 -ιιι
1371 5092 1488 5137 εει,
1537 5092 1656 5145 ipso
1699 5092 1856 5146 gesru
1891 5092 2011 5129 m0-

429 5152 599 5215 tuque
644 5145 914 5212 corporis.
972 5092 1177 5215 aliquid
1245 5144 1388 5199 inter
1417 5145 1726 5200 saltandum
1777 5153 2012 5201 venuste

427 5228 494 5285 ac
519 5214 718 5285 decore
745 5214 1078 5285 espi‘iniere,
1099 5227 1157 5270 ut.
1185 5215 1429 5285 loquitur
1448 5215 1741 5271 Athenaius
1771 5215 1868 5269 lib.
1897 5232 2008 5270 xw.

425 5282 567 5358 Quid
605 5282 833 5358 ῥυθ-μοῦί
863 5285 1085 5358 nomine
1133 5282 1287 5340 Plato
1312 5285 1623 5358 inteliigat,
1673 5301 1740 5341 ex
1775 5293 1888 5358 toto
1918 5286 2013 5342 illo

425 5301 567 5350 quia
605 5301 816 5407 ρυἩιου
863 5301 1085 5340 nomine
1133 5301 1287 5340 nato
1323 5301 1623 5358 inteiugat,
1673 5301 1740 5341 ex
1775 5301 1888 5340 ιοιο
1918 5301 2013 5342 ιιιο

423 5354 520 5412 lib.
573 5370 684 5438 11M
729 5371 783 5438 οἳ
812 5355 1021 5438 legibus
1065 5356 1325 5438 cognosci
1367 5366 1595 5438 potest,
1664 5355 2014 5438 maximeque

463 5440 550 5496 ag.
579 5423 956 5499 589,_F,__diiin
987 5427 1060 5499 ita
1091 5423 1306 5499 statuit,
1329 5429 1396 5499 τῇ
1425 5427 1483 5499 δὲ
1502 5428 1602 5498 τῆς
1629 5427 1898 5499 κινήσεως
1919 5423 2014 5499 id:

423 5439 550 5559 pag.
579 5439 709 5489 οδυ,
741 5439 805 5493 r',
828 5439 956 5480 (tuin
987 5439 1060 5481 ita
1091 5439 1306 5494 statuit,
1329 5439 1396 5499 τῇ
1425 5439 1483 5480 οε
1502 5445 1602 5498 της
1629 5439 1898 5510 κινήσεως
1919 5439 2010 5516 ea;

460 5511 530 5576 ει,
569 5494 776 5576 ῥυθμὸς
806 5495 1114 5576 ὄνομα-εἴη.
1149 5495 1291 5576 Tum
1319 5497 1394 5576 de
1423 5497 1729 5576 harmonia,
1764 5499 1830 5569 τῇ
1865 5498 1909 5550 δ’
1941 5515 2010 5551 αυ

428 5565 527 5686 τῇς
551 5565 758 5636 φωνῆς,
777 5565 871 5619 τοῦ
893 5565 952 5620 τε
983 5565 1134 5634 ὀξέος
1163 5567 1282 5639 ἅμα
1311 5571 1406 5622 καὶ
1430 5567 1624 5653 βαρέος
1646 5565 2014 5639 συγκεραννυ-

432 5651 447 5693 ι
506 5652 633 5693 νων,
649 5635 914 5693 ἁρμονίας
939 5635 1110 5693 ὄνομα
1139 5655 1619 5693 ποοσαγοοευοιτο.
1640 5638 1706 5693 Et
1731 5655 1852 5693 nati.
1883 5638 2010 5693 582.

432 5651 633 5757 μενων,
649 5651 914 5706 αρμονιας
939 5651 1110 5708 ονομα
1139 5651 1619 5710 προσαγορεύοιτο.
1640 5651 1706 5693 [St
1731 5655 1852 5709 pag.
1883 5651 2010 5703 5:52,

459 5703 510 5768 ',
543 5705 634 5758 ubi
672 5720 833 5762 voces
875 5707 1231 5780 illmcxﬁpa,
1283 5709 1474 5780 μέλος,
1523 5709 1763 5780 ῥυθμός,
1811 5709 2014 5780 clarius

433 5784 772 5847 usurpantur
796 5795 810 5834 :
837 5777 912 5833 Οὐ
943 5777 1071 5851 γὰρ
1093 5777 1191 5848 ἂν,
1222 5777 1431 5854 inquit,
1460 5777 1665 5843 ἐκεῖναί
1707 5797 1770 5850 γε
1803 5779 2013 5852 (Musae)

2634 1661 3030 1715 ΚΕΦΔΛΑΙΟΝ
3059 1661 3188 1715 KA'.

2242 1771 2493 1837 Ὀποιας
2525 1770 2640 1842 χρὴ
2673 1771 2942 1837 διανοίας
2967 1773 3266 1844 περιέχειν
3291 1774 3398 1840 τὰς
3422 1774 3603 1843 ᾠδάς.

2197 1905 2216 1938 ι
2241 1887 2380 1950 Τοὺς
2395 1885 2625 1958 ποιητάς
2642 1885 2853 1954 (19-20)
2871 1885 3209 1955 ἀναγκάζετε
3237 1886 3434 1956 λέγειν,
3453 1888 3532 1952 ὡς
3555 1890 3586 1941 ὁ
3611 1889 3708 1961 μὲν

2121 1977 2326 2046 ἀγαθὸς
2360 1977 2520 2049 ἀνὴρ,
2557 1975 2790 2047 σώφρων
2813 1975 2888 2029 ὢν
2917 1976 3012 2029 καὶ
3035 1977 3264 2041 δίκαιος,
3295 1977 3568 2049 εὐδαίμων
3593 1981 3707 2033 ἐστὶ

2122 2071 2220 2124 καὶ
2246 2071 2538 2141 μακάριος,
2565 2067 2662 2122 ὲάν
2689 2085 2750 2122 τε
2781 2068 2952 2139 μέγας
2973 2070 3069 2122 καὶ
3095 2069 3336 2140 ἰσχυρὸς,
3366 2070 3464 2123 ὲάν
3489 2088 3552 2124 τε
3580 2088 3705 2142 σμι-

2121 2164 2253 2236 κρὸς
2275 2165 2370 2218 καὶ
2397 2164 2628 2235 ἀσθενὴς
2647 2159 2704 2237 ᾖ,
2730 2163 2826 2216 καὶ
2851 2161 2947 2216 ὲάν
2977 2162 3204 2234 πλουτῇ,
3235 2163 3330 2216 καὶ
3369 2164 3444 2234 μή
3472 2181 3488 2196 ο
3523 2165 3620 2218 ὲάν
3651 2165 3705 2219 δὲ

2121 2257 2233 2328 ἄρα
2271 2256 2473 2327 πλουτῇ
2528 2256 2628 2327 μὲν
2657 2255 2872 2327 Κινύρα
2916 2272 2976 2308 τε
3003 2255 3098 2309 καὶ
3128 2256 3272 2310 Μίδα
3302 2257 3524 2328 μᾶλλον,
3650 2261 3704 2314 δὲ

2117 2349 2320 2412 ἄδικος,
2353 2346 2535 2411 ἀθλιός
2558 2346 2620 2399 τέ
2652 2348 2788 2412 ἐστι,
2837 2347 2932 2400 καὶ
2963 2346 3201 2418 ἀνιαρῶς
3257 2346 3346 2419 ζῇ.
3396 2351 3526 2414 Καὶ,
3583 2349 3705 2404 οὐτ’

2116 2439 2183 2494 ἂν
2220 2439 2536 2512 μνησαίμην
2580 2439 2780 2508 (φησὶν
2811 2439 2941 2509 ὑμῖν
2987 2441 3017 2493 ὁ
3056 2439 3308 2511 ποιητὴς,
3332 2441 3494 2512 εἴπερ
3531 2442 3704 2513 ὀρθῶς

2117 2531 2309 2603 λέγει),
2361 2531 2472 2584 οὐτ’
2495 2533 2554 2585 ἐν
2599 2530 2744 2602 λόγῳ
2777 2529 2946 2602 ἄνδρα
2977 2531 3251 2603 τιθείμην,
3305 2533 3365 2596 ὃς
3398 2534 3475 2605 μὴ
3531 2535 3704 2589 πάντα

2115 2624 2188 2677 τὰ
2242 2623 2513 2694 λεγόμενα
2558 2622 2700 2676 καλὰ
2740 2622 2880 2695 μετά
2929 2623 3277 2694 δικαιοσύνης
3335 2625 3570 2695 πράττοι
3618 2628 3705 2680 καὶ

2115 2715 2312 2788 κτῷτο,
2331 2715 2425 2768 καὶ
2448 2715 2514 2786 δὴ
2543 2714 2638 2767 καὶ
2653 2713 2818 2782 δηΐων
2838 2714 3078 2778 τοιοῦτος
3103 2713 3201 2780 ὣν,
3234 2715 3501 2785 ὀρέγοιτο
3531 2717 3704 2788 ὲττύ-

2116 2810 2220 2862 θεν
2261 2805 2600 2876 ἱστάμενος,
2653 2807 2835 2870 ἄδικος
2863 2806 2922 2859 δὲ
2965 2805 3062 2871 ὢν,
3095 2805 3250 2876 μήτε
3279 2808 3518 2877 τολμῴη
3557 2810 3707 2878 όμῦν

2115 2899 2306 2969 φόνον
2322 2901 2700 2968 αἱματόεντα.
2712 2900 2868 2968 μήτε
2894 2897 3078 2966 νικῴη
3113 2898 3263 2952 θέων
3285 2901 3572 2968 Θρηΐκιον
3603 2907 3705 2957 Βο-

2106 2987 2297 3057 ρέην,
2353 2989 2490 3059 μήτε
2544 2987 2601 3041 δὲ
2643 2987 2772 3042 ἄλλο
2830 2986 2980 3058 αὐτῷ
3027 2987 3200 3058 μηδὲν
3227 2987 3338 3041 τῶν
3395 2989 3705 3062 λεγομένων

2115 3077 2339 3147 ἀγαθῶν
2361 3078 2602 3147 γίγνοιτό
2623 3095 2752 3132 ποτε
2777 3094 2792 3110 ο
2822 3078 2893 3132 τὰ
2920 3077 3028 3150 γάρ
3061 3078 3167 3132 ὑπὸ
3189 3078 3300 3132 τῶν
3322 3081 3539 3135 πολλῶν
3561 3083 3706 3153 λεγό-

2122 3186 2260 3240 μενα
2291 3169 2470 3238 ἀγαθὰ
2501 3169 2602 3222 οὐκ
2628 3169 2804 3241 ὀρθῶς
2828 3169 3067 3239 λέγεται.
3091 3171 3321 3239 Λέγεται
3354 3174 3455 3242 μὲν
3475 3176 3610 3246 γὰρ,
3636 3177 3708 3238 ὡς

2118 3261 2342 3332 ἄριστον
2366 3260 2466 3332 μὲν
2492 3261 2778 3330 ὑγιαίνειν,
2799 3259 3051 3332 δεύτερον
3083 3261 3141 3315 δὲ
3187 3262 3402 3327 κάλλος,
3434 3267 3627 3337 τρίτον

2119 3353 2349 3418 πλοῦτος
2377 3353 2527 3423 (21)·
2559 3353 2731 3426 μυρία
2752 3352 2810 3406 δὲ
2842 3353 2976 3409 ἄλλα
3003 3354 3184 3424 ἀγαθά
3201 3354 3417 3424 λέγεται
3439 3375 3454 3388 ο
3485 3360 3584 3412 καὶ
3604 3358 3709 3431 γὰρ

2117 3444 2213 3512 ὀξὺ
2239 3448 2372 3518 ὁρᾷν
2405 3445 2500 3500 καὶ
2523 3444 2762 3511 ἀκούειν,
2790 3445 2883 3499 καὶ
2910 3446 3088 3501 πάντα
3123 3447 3224 3500 ὅσα
3259 3447 3447 3518 ἔχεται
3485 3450 3599 3503 τῶν
3623 3453 3707 3505 al-

2121 3536 2387 3609 σθήσεων,
2421 3535 2761 3606 εὐαισθήτως
2787 3535 2933 3606 ἔχειν
2953 3553 2967 3567 ν
3000 3535 3080 3590 ἔτι
3113 3536 3172 3591 δὲ
3200 3537 3381 3591 καὶτὸ
3410 3543 3590 3593 ποιεῖν
3611 3557 3708 3594 τυ-

2123 3628 2419 3702 ραννοῦντα
2441 3630 2471 3684 ὅ
2509 3647 2564 3683 τι
2593 3629 2662 3684 ἂν
2699 3625 2942 3702 ἐπιθυμῇ
2962 3647 2976 3662 ο
3003 3631 3098 3684 καὶ
3123 3630 3186 3685 τὸ
3217 3630 3282 3703 δὴ
3306 3631 3460 3696 τέλος
3485 3635 3709 3703 ἀπάσης

2122 3721 2527 3794 μακαριότητος
2567 3717 2728 3788 εἶναι,
2793 3722 2855 3775 τὸ
2910 3721 3088 3775 πάντα
3138 3722 3311 3776 ταῦτα
3339 3725 3707 3796 κεκτημένον,

2120 3813 2386 3869 ἀθάνατον
2411 3808 2548 3867 εἶναι
2573 3813 2867 3885 γενόμενον
2896 3815 2978 3868 ὅτι
3000 3815 3252 3886 τάχιστα.
3308 3816 3498 3887 Ὑμεῖς
3526 3818 3586 3871 δὲ
3614 3818 3706 3871 καὶ

2119 3903 2230 3974 ἐγώ
2251 3922 2353 3959 που
2375 3904 2501 3960 τάδε
2526 3904 2777 3975 λέγομεν,
2801 3904 2878 3969 ὼς
2911 3905 3087 3959 ταῦτά
3118 3907 3234 3959 ἐστι
3268 3903 3562 3976 ξύμπαντα
3591 3907 3705 3978 (2‘2)

2118 3997 2349 4061 δικαίοις
2393 3997 2491 4069 μὲν
2519 3999 2614 4052 καὶ
2655 3999 2823 4063 ὁσίοις
2867 3997 3128 4070 ἀνδράσιν
3164 3998 3363 4070 ἄριστα
3411 4001 3703 4068 κτήματα’

2117 4089 2325 4153 ἀδίκοις
2371 4091 2430 4144 δὲ
2481 4090 2720 4145 κάκιστα
2772 4090 3093 4164 ξύμπαντα,
3132 4090 3414 4166 ἀρξάμενα
3461 4092 3573 4146 ἀπὸ
3609 4093 3707 4162 τῆς

2119 4181 2349 4247 ὑγιείας.
2382 4183 2579 4244 Καὶδὴ
2625 4184 2720 4238 καὶ
2749 4184 2810 4237 τὸ
2847 4185 2983 4256 ὁρᾷν
3005 4224 3023 4252 ,
3074 4185 3168 4240 καὶ⁸
3205 4185 3268 4238 τὸ
3317 4184 3541 4240 ἀκούειν
3615 4187 3706 4241 καὶ

2121 4432 2509 4507 ἐξαμάρτοιέν
2531 4450 2664 4488 ποτε
2711 4433 2966 4489 τοσοῦτον
2985 4478 3003 4507 ,
3041 4433 3183 4507 ὥστε
3228 4435 3450 4507 ῥήματα
3494 4434 3704 4507 ἀνδρῶν

2039 4505 2087 4563 D
2117 4505 2436 4576 ποιήσασαι,
2463 4505 2526 4558 τὸ
2557 4507 2746 4629 qaut;
2769 4505 3044 4576 γυναικῶν
3070 4506 3164 4559 καὶ
3190 4505 3352 4576 μέλος
3376 4505 3671 4558 ἀποδοῦναι
3687 4522 3699 4534 ο

2115 4577 2211 4629 καὶ
2269 4577 2427 4629 μέλος
2477 4576 2600 4629 ὲλευ
2671 4593 2778 4629 οων
2823 4571 2891 4629 αὖ
2939 4577 3034 4629 καὶ
3093 4577 3351 4629 σγήματα
3394 4575 3699 4629 Ευνθεῖσαι.

2539 4594 2600 4629 ευ

2115 4577 2211 4647 καὶ
2233 4571 2244 4576 ⁷
2269 4577 2427 4647 μέλος
2456 4571 2791 4647 ,ἐλευθέρων
2819 4571 2891 4647 αὖ
2923 4577 3034 4647 -καὶ
3093 4571 3351 4647 σχήματα
3394 4575 3700 4647 ξυνθεῖσαι,

2116 4645 2581 4729 ῥυθμοὺήςῆδούλων
2603 4645 2697 4700 καὶ
2721 4645 3088 4729 ἀνελευθέρων
3116 4645 3579 4729 προσαρμόττειν.

2117 4715 2129 4717 “
2185 4715 2402 4789 (lii—20)
2426 4717 2572 4784 Τοὺς
2591 4715 2860 4786 ποιητάς.
2879 4715 3054 4784 Plato,
3071 4715 3262 4774 eodem
3279 4715 3376 4772 lib.
3406 4717 3544 4772 "De
3571 4715 3704 4788 legi-

2113 4787 2230 4842 bus.
2264 4803 2389 4842 Daa.
2416 4787 2542 4842 579.
2567 4788 2636 4842 A.

2148 4805 2230 4853 us,
2264 4803 2389 4853 pag.
2416 4803 2542 4853 om,
2567 4803 2636 4842 Α.

2183 4803 2543 4930 ἷὲιῗᾚρῗτὲξέ
2661 4857 2950 4930 πλοῦτος.
2979 4856 3265 4930 Platonem
3295 4865 3526 4930 secutus
3554 4874 3702 4930 sum,

2113 4927 2256 5052 agno
2280 4927 2457 4998 quem
2491 4927 2711 4999 legitur,
2761 4928 2946 4999 τρίτον
2989 4928 3048 4982 δὲ
3096 4928 3286 4999 ἰσχὺς,
3333 4927 3597 4998 τέταρτον
3648 4929 3702 4982 δὲ

2188 5017 2363 5052 ουτος.

2188 5017 2363 5054 ουτος.

2185 5017 2447 5142 ῗέᾇῑςῖΩς
2475 5068 2663 5125 ταῦτά
2677 5067 2835 5142 Δἕσῖι
2880 5068 3218 5142 ξύμπαν-τᾳ,
3273 5067 3395 5142 ﬂuc
3431 5068 3705 5142 ρει-ιξηςῃι

2115 5138 2207 5196 illa
2244 5138 2461 5213 S'ynesii
2485 5149 2626 5213 orat.
2663 5138 2969 5213 De__Regno,
3003 5156 3126 5212 pag.
3157 5139 3211 5213 _8,
3229 5139 3329 5213 ubi
3361 5138 3488 5213 cum
3520 5141 3590 5194 τὰ
3614 5139 3704 5191 θυ-

2187 5215 2245 5266 ῖα
2282 5209 2398 5266 τῶν
2429 5210 2670 5280 ἀγαθῶν,
2720 5209 3019 5265 Ριιιιοιιίοο
3049 5209 3106 5266 et
3149 5210 3500 5266 Aristotelico
3553 5225 3703 5264 more

2190 5230 2245 5266 ια
2282 5230 2398 5266 των
2429 5230 2670 5280 αγαυων,
2720 5230 3002 5265 ιἰξιιοιιιοο
3049 5230 3106 5266 ει
3149 5230 3500 5266 Λτιειοιειιεί)
3553 5230 3703 5264 more

2113 5230 2382 5354 ggyavmdi
2412 5283 2750 5354 vocavisset,
2786 5289 3007 5354 utpote,
3060 5283 3359 5354 ὑπηρετεῖν
3384 5281 3566 5354 εἰδότα
3609 5298 3707 5332 κα-

2115 5351 2276 5427 κίαις*
2305 5354 2366 5427 οὐ
2409 5355 2588 5427 μεῖον,
2611 5351 2666 5427 ,ἢ
2699 5351 2952 5427 ἀρεταῖς)
2992 5351 3478 5427 itauprosequitur.
3514 5351 3709 5427 ὥσπερ

2114 5419 2208 5478 οὖν
2228 5419 2559 5495 εὐχῆς’ἀξια
2600 5419 2818 5495 ἀπεῖναι
2849 5420 2943 5495 τού
2971 5419 3176 5495 φαύλου
3205 5419 3531 5495 τὰίδργανα,
3549 5419 3705 5495 fimi};

2115 5491 3023 5602 ξέἓρῖἷίξῗ.Ξέἒέὴὲιμὲἒῗέξξαέᾷ
3051 5491 3704 5602 ἶδᾷωηῗῗὲῗνῗὶῗίῗκῖξξ

2115 5555 2230 5630 λῶέ
2251 5555 2601 5637 λρησομένὶρ,
2621 5555 2703 5616 ὀὐ
2723 5555 2924 5637 πάντες
2951 5562 3041 5637 ἀν,
3063 5564 3160 5637 καὶ
3183 5555 3393 5637 πόλεις,
3424 5565 3525 5637 καὶἶ
3554 5555 3703 5637 ’ἰδιῶ-

2115 5652 2207 5689 ται
2231 5630 2498 5689 squama
2519 5630 2556 5698 ,⁷
2577 5634 2667 5687 ἶνα
2709 5633 2783 5705 μὴ
2822 5633 3020 5754 ἀχὶρεία
3058 5635 3152 5688 καὶ
3187 5632 3472 5718 ἄπρακτος
3503 5630 3706 5718 ἀρετῆς
3757 5653 3770 5665 ·

2117 5706 2314 5754 φύσις-
2346 5705 2685 5754 ἀγνοουμέντι
2731 5721 2881 5754 uana.
2904 5720 3064 5754 ντιται
3083 5745 3100 5754 -
3135 5704 3251 5754 ἀλλ’
3283 5706 3366 5754 είς
3398 5705 3700 5754 ανθοωπυι

2117 5706 2314 5776 φύσις,
2346 5705 2686 5776 ἀγνοουμένη
2731 5704 3064 5776 μαραίνηται
3083 5745 3100 5769 ,
3135 5704 3251 5759 ἀλλ’
3277 5704 3366 5770 ἐίς
3398 5704 3700 5775 ἀνθρώπω

2117 5774 2436 5849 εὐεργεσίας
2464 5774 2751 5847 δαπανήσῇ
2778 5774 2878 5848 τὴν
2904 5774 3154 5848 δύναμιν.
