3826 6232
197 321 302 378 989

1350 315 1670 374 ΡΒᾸΞΡΑΒ.
1712 317 1968 374 EVANG.
2006 316 2132 371 LIB.
2176 315 2286 370 XII.

194 433 577 503 αἰσθάνεσθαι,
625 434 720 488 καὶ
766 435 827 488 τὺ
868 435 1126 506 παράπαν
1182 436 1300 506 ζῇν,
1357 437 1612 507 μέγιστον
1670 435 1769 510 μὲν

1885 435 2052 490 amnis
2078 434 2332 490 cumulus
2360 432 2689 496 habetur,ut
2713 431 2950 502 primum
2985 433 3102 488 haec
3120 433 3303 487 omnia
3330 449 3460 488 con—

195 529 364 582 κακὸν
385 527 477 584 τὸν
514 528 800 600 ξύμπαντα
832 528 1023 601 χρόνον
1051 528 1322 582 ἀθάνατον
1367 529 1499 584 ὅντα
1545 531 1640 584 καὶ
1685 550 1779 586 κε-

193 621 467 693 κτημένον
504 622 681 675 πάντα
711 622 779 676 τὰ
801 623 1068 694 λεγόμενα
1099 622 1297 691 ἀγαθὰ,
1333 623 1474 694 πλὴν
1501 623 1778 677 δικαιοσύ-

191 735 294 788 νης
323 733 386 769 τε
415 717 509 769 καὶ
533 716 735 787 ἀρετῆς
759 715 1009 787 ἁπάσης·
1038 715 1258 769 ἔλαττον
1287 716 1364 779 δὲ,
1387 715 1482 769 ἐὰν
1506 715 1582 781 ὡς
1603 717 1777 786 ὀλίγι-

191 825 320 861 στον
349 809 379 861 6
429 807 672 871 τοιοῦτος
727 807 919 878 χρόνον
953 807 1184 880 ὲπιζῴῃ.
1246 807 1431 861 Ταῦτα
1484 808 1549 880 δὴ
1597 809 1777 878 λέγειν

187 894 346 971 οἶμαι
370 901 496 963 τοὺς
520 899 650 970 παρ’
679 900 806 970 ὑμῖν
832 900 1079 970 ποιητὰς,
1105 901 1250 971 ἅπερ
1277 899 1408 969 ἐγὼ,
1431 901 1650 954 πείσετε
1680 902 1776 956 καὶ

187 989 533 1058 ἀναγκάσετε
553 1030 569 1054 ,
609 989 690 1042 ἔτι
719 988 930 1054 τούτοις
978 990 1280 1062 ἑπομένους
1320 991 1563 1063 ῥυθμούς
1590 1010 1650 1045 τε
1680 993 1778 1047 καὶ

185 1081 456 1152 ἁρμονίας
486 1080 803 1146 ἀποδόντας,
830 1082 1106 1137 παιδεύειν
1125 1081 1268 1136 οὕτω
1281 1084 1409 1146 τοὺς
1427 1085 1582 1147 νέους
1597 1085 1773 1155 ὑμῶν.

183 1168 267 1226 Ἦ
295 1173 405 1246 γὰρ
429 1173 592 1244 ὁρᾶτε
619 1173 732 1244 (25)
758 1190 773 1238 ;
817 1174 958 1240 Ἐγὼ
981 1173 1080 1245 μὲν
1126 1173 1238 1245 γὰρ
1269 1173 1413 1243 λέγω
1453 1175 1661 1245 σαφῶς,
1708 1177 1777 1231 τά

187 1265 292 1338 μὲν
311 1266 461 1319 κακὰ
490 1264 757 1336 λεγόμενα
787 1266 968 1335 ἀγαθὰ
995 1269 1107 1330 τοῖς
1136 1267 1340 1330 ἀδίκοις
1367 1261 1506 1320 εἶναι
1529 1309 1544 1332 ,
1579 1270 1693 1332 τοῖς
1719 1269 1777 1322 δὲ

182 1357 421 1420 δικαίοις
440 1356 620 1410 κακά·
653 1357 722 1410 τὰ
743 1356 799 1409 δὲ
828 1356 1030 1424 ἀγαθὰ,
1056 1359 1168 1420 τοῖς
1198 1357 1295 1427 μὲν
1339 1357 1564 1427 ἀγαθοῖς
1608 1359 1777 1422 ὅντως

183 1448 393 1516 ἀγαθὰ,
427 1451 539 1512 τοῖς
563 1448 621 1502 δὲ
647 1449 838 1511 κακοῖς
865 1448 1028 1501 κακά.
1059 1449 1236 1520 Ὅπερ
1269 1443 1362 1502 οῦν
1399 1449 1635 1520 ἠρόμην,
1666 1445 1777 1520 ἆρα

182 1541 584 1612 ξυμφωνοῦμεν
604 1539 716 1611 ἐγώ
741 1558 800 1595 τε
833 1542 928 1596 καὶ
954 1544 1132 1614 ὑμεῖς,
1185 1541 1218 1613 ἢ
1248 1542 1396 1606 πῶς;
1428 1561 1446 1593 I
1481 1543 1556 1595 Ού
1586 1541 1777 1614 πὸρῤω

180 1632 359 1686 ταῦτα
399 1635 659 1705 τυγχάνει
699 1633 808 1688 τῶν
835 1634 930 1688 τοῦ
959 1633 1124 1687 Δαὸὶδ
1146 1633 1414 1704 Ψαλμῶν,
1449 1632 1540 1698 οὓς
1569 1634 1775 1706 προλα-

181 1721 297 1774 ϐὼν
323 1721 454 1793 θείῳ
479 1722 749 1794 πνεύματι
777 1723 1034 1788 συνέταξε
1057 1723 1126 1775 δι’
1148 1721 1302 1793 ᾠδῶν
1323 1723 1421 1776 καὶ
1449 1721 1657 1794 ὓμνων,
1690 1723 1776 1789 τίς

183 1814 290 1884 μὲν
321 1816 350 1867 6
399 1812 617 1886 άληθῶς
675 1812 964 1886 μακάριος,
1000 1813 1087 1876 τίς
1138 1813 1194 1866 δὲ
1224 1814 1253 1866 6
1299 1812 1474 1884 τούτῳ
1506 1813 1773 1880 ἐναντίος,
1809 1807 1851 1863 Β

180 1905 503 1968 παιδεύσας.
563 1904 843 1960 Ἐντεῦθεν
882 1904 1014 1974 γοῦν
1051 1903 1202 1975 αὐτῷ
1233 1906 1328 1958 καὶ
1378 1905 1707 1975 κατάρχεται
1735 1909 1770 1977 ἡ

183 1997 366 2068 βίϐλος
388 1998 622 2068 φήσαντι
647 2013 660 2026 ’
687 2015 705 2047 I
734 1998 1022 2069 Μακάριος
1049 1997 1188 2068 ἀνὴρ
1211 1996 1269 2060 ὃς
1283 1997 1384 2050 οὐκ
1414 1997 1685 2069 ἐπορεύθη
1715 1998 1774 2052 ὲν

182 2090 350 2160 βουλῇ
384 2088 626 2142 ἀσεϐῶνο
671 2109 690 2142 ι
735 2090 829 2142 καὶ
877 2091 946 2142 τὰ
977 2091 1157 2160 ὅμοια.
1191 2089 1261 2142 Ἀ
1287 2088 1352 2160 δὴ
1387 2088 1708 2160 μεταϐαλὼν
1744 2090 1772 2142 6

179 2181 434 2245 Πλάτων,
471 2181 605 2252 φησὶ
656 2180 768 2235 δεῖν
813 2181 941 2245 τοὺς
975 2179 1207 2250 ποιητὰς
1251 2179 1452 2249 λέγειν,
1512 2181 1587 2245 ὡς
1616 2183 1644 2234 6
1675 2180 1773 2251 μὲν

177 2272 392 2340 ἀγαθὸς
417 2273 578 2343 ἀνὴρ,
614 2271 846 2344 σώφρων
865 2272 942 2326 ὣν
975 2273 1070 2326 καὶ
1097 2272 1328 2336 δίκαιος,
1361 2272 1634 2344 εὐδαίμων
1657 2274 1776 2326 ἐστι

178 2366 280 2419 καὶ
319 2365 620 2436 μακάριος·
669 2364 766 2418 ἐὰν
794 2365 852 2418 δὲ
907 2365 1019 2437 ἄρα
1070 2365 1300 2438 πλουτῇ,
1354 2361 1389 2441 ᾖ
1451 2366 1510 2420 δὲ
1567 2367 1772 2431 ἄδικος,

177 2457 368 2521 ἄθλιός
407 2460 576 2511 ἐστιν.
618 2457 684 2511 Ὅ
715 2458 812 2511 καὶ
844 2457 977 2511 αὐτὸ
1029 2457 1193 2513 πάλιν
1232 2459 1262 2510 6
1291 2457 1455 2511 Aa6‘t6
1499 2451 1602 2512 ὧδέ
1657 2475 1774 2521 πως

177 2550 414 2617 ἐξέδωκε
441 2550 530 2604 διὰ
555 2549 666 2604 τῶν
691 2550 940 2621 Ψαλμῶν
968 2549 1140 2605 εἰπών
1161 2566 1177 2580 ⁸
1212 2569 1230 2602 I
1263 2549 1500 2614 Πλοῦτος
1523 2551 1619 2605 ἐὰν
1651 2550 1770 2622 ῥέῃ,

182 2646 262 2716 μὴ
295 2641 652 2715 προστίθεσθε
684 2643 910 2714 καρδίαν
935 2658 948 2672 ·
989 2661 1010 2695 ι
1043 2643 1137 2696 καὶ
1158 2642 1321 2696 πάλιν
1344 2660 1358 2674 ·
1401 2661 1421 2695 ι
1453 2642 1544 2714 Μὴ
1578 2641 1769 2712 φοϐοῦ,

175 2738 312 2792 ὃταν
341 2736 617 2807 πλουτήσῃ
643 2734 930 2805 ἄνθρωπος
954 2773 971 2800 ,
1006 2735 1040 2808 ἢ
1076 2735 1207 2788 ὅταν
1242 2733 1520 2805 πληθυνθῇ
1565 2736 1600 2805 ή
1646 2733 1776 2798 δόξα

177 2831 278 2884 τοῦ
306 2831 454 2883 οἴκου
483 2829 668 2882 αὐτοῦ.
703 2846 724 2879 ι
775 2828 898 2880 Ἐπὶ
933 2828 1130 2898 σχολῆς
1159 2827 1203 2880 δ’
1247 2825 1316 2881 ἂν
1355 2823 1540 2897 εὕροις
1569 2825 1776 2879 ἕκαστα

176 2925 293 2978 τῶν
321 2923 626 2995 εἰρημένων
653 2923 735 2994 τῷ
763 2921 1060 2992 φιλοσόφῳ,
1088 2920 1228 2992 πρὸς
1256 2918 1403 2984 λέξιν
1446 2919 1680 2990 κείμενα
1705 2919 1772 2974 δι’

177 3015 314 3087 ὅλης
338 3014 440 3085 τῆς
461 3017 612 3087 ἱερᾶς
636 3015 747 3069 τῶν
774 3012 1020 3084 Ψαλμῶν
1045 3013 1284 3085 γραφῆς.

1879 535 2102 583 secutus
2149 527 2298 591 eris,
2349 525 2613 581 continuo
2663 524 3026 580 immortalem
3072 526 3319 581 evadere.
3389 526 3462 580 At

1877 617 2150 688 ejusmodi
2195 631 2324 673 cum
2373 624 2574 680 vester,
2623 614 2841 685 opinor,
2885 623 3004 670 tum
3045 629 3203 671 meus
3241 630 3462 687 quoque

1878 725 2076 767 sensus
2100 718 2205 772 est,
2224 709 2360 763 viris
2389 706 2615 777 quidem
2637 705 2803 775 iustis
2827 721 2893 760 ac
2917 706 3022 776 piis
3051 708 3314 778 optimam
3338 722 3462 764 esse

1876 818 2062 858 rerum
2096 802 2327 856 istarum
2359 798 2606 854 omnium
2638 799 3044 868 possessionem
3067 839 3083 865 ,
3114 807 3170 852 at
3198 799 3462 869 improbis

1877 895 2039 966 longe
2077 893 2399 964 pessimam,
2449 892 2608 946 initio
2635 891 2705 946 ab
2735 892 2970 960 ipsamet
3010 874 3248 946 sanitate
3271 891 3457 945 ducto.

1877 986 2015 1042 Nam
2042 987 2249 1050 videre,
2296 985 2512 1051 audire,
2548 985 2771 1050 sentire,
2803 984 3137 1053 omninoque
3166 983 3368 1048 vivere,
3403 993 3465 1039 ut

1877 1077 2179 1134 maximum
2229 1076 2280 1131 ei
2319 1074 2525 1129 malum
2573 1073 2755 1137 fuerit,
2805 1073 2899 1143 qui
2943 1073 3061 1127 haec
3104 1074 3312 1138 omnia,
3341 1088 3464 1143 qua:

1876 1169 2042 1239 vulgo
2073 1168 2216 1224 bona
2242 1167 2521 1231 dicuntur,
2547 1165 2881 1234 sempiterno
2909 1172 3154 1234 tempore
3176 1164 3464 1219 immorta-

1879 1261 1947 1317 lis
1977 1259 2290 1330 possideat,
2323 1273 2356 1313 a
2397 1256 2610 1328 iustitia
2661 1265 2716 1311 et
2756 1257 2956 1312 virtute
2991 1255 3270 1325 seiuncta;
3301 1257 3382 1312 sic
3413 1257 3465 1312 ei

1877 1358 2040 1428 longe
2074 1357 2280 1420 minus,
2316 1354 2409 1424 qui
2445 1353 2566 1410 talis
2616 1367 2742 1408 cum
2786 1359 2953 1419 esset,
2988 1352 3210 1407 nonnisi
3256 1351 3466 1407 brevis-

1878 1451 2023 1507 simo
2054 1459 2299 1518 tempore
2327 1447 2546 1501 vixerit.
2616 1443 2744 1500 Haec
2775 1445 2965 1514 utique
3007 1445 3176 1502 vestri
3200 1455 3271 1500 ut
3294 1454 3466 1516 poetae

1877 1549 2100 1608 canant,
2113 1540 2200 1595 vel
2215 1538 2594 1609 impetrahitis,
2608 1539 2694 1594 vel
2718 1538 3136 1609 extorquebitis,
3151 1554 3255 1594 nec
3271 1554 3379 1592 non
3407 1546 3466 1592 ut

1877 1642 2065 1705 aptum
2115 1632 2184 1688 iis
2215 1640 2270 1686 et
2315 1630 2600 1686 cohaerens
2648 1643 3003 1684 numerorum
3058 1639 3467 1696 concentusque

1879 1741 2052 1798 genus
2098 1724 2430 1788 adhibeant,
2474 1721 2623 1792 quod
2668 1721 2983 1776 erudiendis
3027 1721 3466 1776 adolescentibus

1878 1819 2080 1874 vestris
2113 1827 2480 1888 opportunum
2511 1815 2585 1870 sit
2611 1813 2876 1870 futurum.
2948 1813 3140 1869 Utrum
3186 1809 3332 1870 enim
3362 1815 3466 1869 hoc

1877 1908 2159 1964 advertitis
2175 1905 2536 1978 ?—Equidem
2569 1905 2624 1960 id
2657 1905 2802 1960 clare
2822 1905 3136 1975 pronuntio,
3167 1920 3290 1974 qua:
3322 1905 3466 1958 mala

1877 2001 2156 2064 dicuntur,
2175 1999 2397 2070 iniustis
2422 1999 2747 2064 bona,mala
2769 1999 2937 2069 justis
2961 2013 3116 2062 esse;
3149 2013 3272 2068 quae
3300 1997 3465 2062 bona,

1877 2093 2037 2148 bonis
2065 2107 2194 2147 vere
2222 2091 2386 2158 bona,
2408 2091 2570 2148 malis
2592 2100 2775 2146 autem
2803 2088 3247 2146 mala.—Utrum
3278 2089 3466 2160 igitur,

1867 2185 1932 2238 in
1957 2198 2023 2238 eo
2054 2182 2201 2253 quod
2229 2183 2511 2252 rogabam,
2571 2184 2714 2239 inter
2738 2197 2840 2237 nos
2871 2182 3248 2246 convenimus,
3280 2196 3347 2235 an
3381 2195 3469 2261 se:

1877 2275 2012 2330 cus?
2044 2295 2064 2326 ι
2098 2275 2387 2330 Platonica
2433 2275 2542 2332 ista
2573 2291 2680 2330 non
2707 2275 3002 2330 admodum
3033 2289 3064 2328 a
3097 2272 3332 2329 Psalmis
3367 2273 3472 2328 Da-

1875 2369 2018 2424 vidis
2045 2369 2284 2434 absunt,
2328 2383 2470 2438 quos
2503 2367 2724 2438 quidem
2752 2367 2870 2438 ipse
2901 2367 3088 2422 divino
3120 2365 3332 2421 amatus
3360 2364 3470 2420 Nu-

1876 2463 2024 2517 mine
2054 2470 2206 2517 tanto
2253 2473 2378 2516 ante
2406 2477 2474 2517 ex
2503 2464 2758 2517 cantibus
2789 2460 3118 2532 hymnisque
3163 2461 3466 2525 contexuit,

1878 2555 2135 2624 quisnam
2160 2568 2287 2609 vere
2313 2561 2409 2607 aut
2431 2553 2646 2615 beatus,
2674 2562 2769 2607 aut
2791 2553 2961 2607 miser
2983 2561 3464 2622 esset,exponens.

1879 2643 1948 2698 Et
1972 2644 2192 2714 quidem
2223 2658 2386 2699 suum
2431 2643 2548 2713 ipse
2573 2642 2770 2696 librum
2795 2641 2922 2696 inde
2953 2642 3302 2711 auspicatur,
3337 2643 3466 2697 dum

1880 2736 1996 2791 ait:
2034 2753 2054 2787 ι
2088 2734 2288 2790 Beatus
2319 2734 2424 2802 vir,
2473 2734 2568 2805 qui
2618 2750 2724 2788 non
2775 2733 2940 2811 595
2985 2733 3120 2787 abiit
3151 2734 3204 2786 in
3238 2735 3468 2788 consilio

1881 2829 2174 2900 impiorum
2202 2828 2245 2860 “
2269 2845 2318 2894 ;›
2356 2839 2410 2884 et
2435 2827 2658 2892 similia,
2693 2827 2894 2896 quibus
2924 2827 3175 2882 nonnihil
3206 2829 3467 2882 immuta-

1881 2920 1974 2987 tis,
2003 2919 2159 2974 Plato
2189 2919 2332 2974 hanc
2355 2917 2532 2989 poetis
2560 2918 2939 2973 necessitatem
2969 2917 3233 2989 imponit,
3283 2919 3360 2972 uti
3388 2918 3468 2971 vi—

1882 3027 2007 3067 rum
2058 3011 2303 3078 bonum,
2358 3011 2439 3067 vel
2489 3010 2596 3064 hoc
2623 3009 2771 3076 ipso,
2809 3025 2918 3080 quo
2967 3009 3381 3080 temperantiam
3414 3017 3468 3065 et

179 3109 497 3177 aquitatem
542 3108 720 3172 colat,
751 3106 965 3171 felicem
1007 3105 1338 3175 beatumque
1367 3105 1764 3176 pronuntient;
1806 3104 2116 3175 improbum
2159 3114 2366 3170 autem,
2416 3113 2477 3158 ut
2513 3103 2720 3158 divitiis
2773 3103 3140 3169 circumﬂuat,
3203 3103 3465 3160 miserum

177 3199 499 3270 praedicent.
540 3197 696 3264 Quod
726 3198 906 3268 ipsum
960 3196 1132 3253 David
1164 3198 1221 3252 in
1254 3198 1372 3254 suis
1421 3213 1642 3268 quoque
1669 3197 1905 3254 Psalmis
1935 3195 2227 3268 expressit,
2276 3198 2362 3252 his
2386 3197 2567 3251 verbis
2601 3215 2614 3250 :
2669 3195 2933 3251 (Divitiae
2977 3195 3023 3250 si
3079 3195 3321 3258 allluant,
3369 3213 3469 3250 no-

178 3291 279 3346 lite
319 3305 416 3346 cor
459 3304 729 3360 apponere
754 3289 821 3344 ⁸³.
854 3309 875 3342 ι
912 3291 1090 3360 Atque
1124 3290 1346 3358 iterum,
1381 3309 1400 3341 ι
1432 3289 1770 3355 Netimeas,
1811 3305 1937 3345 cum
1961 3291 2116 3347 dives
2143 3290 2322 3347 factus
2350 3290 2514 3347 fuerit
2545 3292 2732 3357 homo,
2777 3300 2873 3344 aut
2933 3305 3056 3345 cum
3113 3290 3468 3360 multiplicata

179 3384 350 3439 fuerit
375 3383 547 3454 gloria
572 3381 770 3438 domus
803 3381 941 3452 ejus.
972 3383 1040 3438 “.
1076 3402 1096 3435 ι
1133 3381 1274 3449 Quin
1306 3384 1470 3439 etiam
1498 3383 1766 3454 quidquid
1805 3398 1872 3440 eo
1901 3384 2025 3440 loco
2054 3386 2260 3442 dictum
2293 3401 2324 3441 a
2364 3385 2692 3456 philos0pho
2727 3395 2846 3452 est,
2897 3385 2953 3440 id
3011 3395 3066 3442 tu
3097 3402 3258 3442 omne
3315 3388 3467 3458 sigil-
3576 3405 3578 3408 ν

180 3477 362 3541 latim,
411 3475 470 3530 in
511 3488 670 3531 sacro
698 3473 1041 3528 Psalmorum
1085 3474 1400 3539 volumine,
1435 3475 1504 3529 ad
1542 3475 1766 3530 verbum
1809 3491 2158 3547 expressum,
2194 3476 2403 3548 majore
2428 3478 2542 3531 otio
2570 3476 2828 3546 reperies.

696 3566 1094 3643 KIQAAAION
1127 3567 1256 3619 κεν.

2449 3567 2680 3623 CAPUT
2721 3566 2886 3621 XXII.

182 3661 324 3736 Ὅζι⁸
341 3661 416 3713 οὐ
445 3656 689 3736 πάντων
715 3657 988 3736 ἐστὶ-τᾲς
1017 3657 1194 3736 ρρθὰς
1222 3656 1378 3736 ᾠδὰς
1403 3655 1501 3736 καὶ
1526 3654 1600 3736 id
1621 3655 1773 3736 μέλη

1885 3659 2010 3736 Non
2039 3660 2273 3736 cujusvis
2320 3677 2432 3736 esse
2470 3658 2772 3736 laudabiles
2803 3661 3028 3736 ederet
3051 3660 3295 3736 carmina
3334 3661 3468 3736 scri-

251 3731 552 3784 δύνασθαι
583 3728 797 3796 ποιεῖν,
838 3729 974 3784 ἀλλ’
1009 3727 1048 3796 ἢ
1088 3727 1284 3797 μόνου
1331 3726 1504 3794 Θεοῦ,
1536 3726 1575 3796 ἣ
1616 3727 1773 3782 θείου

254 3799 423 3864 τινὸς
453 3798 693 3868 ἀνδρός.

1950 3726 2110 3811 bere,
2136 3732 2228 3786 sed
2267 3730 2346 3785 vel
2386 3732 2544 3784 unius
2581 3728 2703 3797 Dei,
2735 3732 2813 3785 vel
2862 3730 3028 3784 divini
3061 3731 3342 3799 cujusdam
3374 3734 3467 3786 Iw-

1952 3817 2132 3855 mima.

261 3910 283 3942 ι
314 3887 684 3961 Νομοθετικδν
711 3887 824 3962 (24)
846 3887 947 3959 μὲν
974 3881 1068 3941 οῦν
1083 3887 1178 3940 καὶ
1193 3887 1470 3942 πολιτικὸν
1496 3887 1773 3959 ὑπερϐαλ-

182 3985 410 4048 λόντως.
448 3981 588 4037 Ἀλλ’
614 3981 778 4054 ἕτερα
810 3980 990 4050 φαῦλα
1021 3981 1087 4035 ἂν
1136 3981 1317 4053 εὕροις
1349 3980 1538 4034 αὐτόθι
1564 3998 1578 4012 ο
1614 3979 1775 4035 τοῦτο

179 4078 230 4132 δ’
266 4071 364 4129 οῦν
414 4073 477 4128 τὺ
519 4073 648 4144 περὶ
700 4073 965 4144 μουσικὴν
1007 4071 1206 4143 ἀληθές
1242 4090 1303 4125 τε
1353 4073 1450 4126 καὶ
1506 4071 1656 4136 ἄξιον
1685 4074 1774 4125 ὲν-

181 4171 336 4234 νοίας
355 4185 371 4202 ⁸
397 4171 480 4223 ὅτι
509 4168 732 4224 δυνατὸν
758 4168 866 4239 ἄρα
907 4163 976 4239 ἦν
1023 4168 1153 4240 περὶ
1183 4167 1291 4220 τῶν
1321 4166 1580 4220 τοιούτων
1623 4183 1776 4237 νομο-

184 4260 481 4326 θετεῖσθαι,
505 4259 738 4330 βεϐαίως
759 4259 1088 4333 θαρροῦντα,
1125 4257 1261 4329 μέλη
1287 4257 1356 4312 τὰ
1376 4258 1476 4328 τὴν
1506 4256 1777 4329 ὀρθότητα

186 4353 354 4423 φύσει
388 4349 760 4422 παρεχόμενα.
795 4348 966 4406 Τοῦτο
1003 4348 1060 4401 δὲ
1086 4346 1223 4401 Θεοῦ
1264 4347 1298 4420 ἢ
1329 4346 1472 4400 θείου
1499 4347 1645 4411 τινὸς
1682 4348 1778 4400 ἀν-

184 4445 317 4518 δρὸς
348 4444 414 4498 ἂν
442 4443 549 4514 εἴη.
581 4461 599 4494 ι
635 4441 873 4505 Εἰκότως
899 4441 1007 4512 ἄρα
1034 4441 1128 4494 καὶ
1153 4442 1284 4513 παρ’
1327 4439 1598 4510 Ἑϐραίοις
1628 4455 1776 4492 νενο-

186 4537 479 4608 μοθέτητο,
545 4534 680 4606 μηδὲ
716 4534 907 4596 ἄλλους
969 4533 1172 4606 ὕμνους
1206 4535 1301 4587 καὶ
1332 4533 1477 4604 ᾠδὰς
1538 4535 1597 4586 ὲν
1653 4536 1773 4597 ταῖς

1869 3900 1871 3902 ‘
1956 3911 1976 3944 ι
2008 3895 2148 3960 lmo,
2175 3893 2321 3963 quod
2345 3892 2547 3949 summi
2571 3907 2798 3962 prorsus
2829 3892 3009 3963 inquit
3035 3891 3210 3958 Plato,
3255 3909 3378 3948 cum
3410 3894 3464 3949 in

1877 3983 2090 4056 legibus
2119 3985 2382 4052 ferendis,
2401 3993 2515 4040 tum
2551 3985 2607 4040 in
2635 3985 3019 4042 constituenda
3044 3985 3320 4056 republica
3351 4001 3468 4039 mo-

1879 4077 2050 4132 menti
2083 4076 2176 4133 sit.
2215 4075 2352 4130 Nam
2383 4085 2445 4131 ut
2467 4076 2575 4131 alia
2597 4076 2846 4147 quaedam
2876 4079 3016 4148 apud
3044 4092 3140 4132 eos
3166 4077 3465 4131 leviuscula

1878 4169 2154 4238 reperias;
2185 4168 2292 4223 hoc
2323 4182 2456 4224 sane
2484 4169 2631 4238 quod
2660 4171 2716 4222 in
2742 4167 2956 4222 musica
3000 4176 3268 4230 statuunt,
3297 4176 3352 4222 et
3375 4182 3466 4220 ve-

1876 4275 2022 4326 rum,
2041 4268 2096 4315 et
2126 4259 2511 4315 observatione
2534 4260 2761 4331 dignum
2784 4269 2868 4316 est
2899 4276 2912 4312 :
2941 4260 3055 4315 ﬁeri
3083 4259 3336 4315 nimirum
3369 4276 3466 4329 p0-

1876 4352 2086 4419 tuisse,
2115 4361 2178 4407 ut
2223 4353 2330 4408 hoc
2370 4353 2536 4408 etiam
2588 4355 2643 4408 in
2687 4369 2885 4426 genere
2919 4354 3220 4424 legislator,
3255 4354 3302 4409 si
3331 4368 3464 4408 con-

1881 4453 2090 4498 stanter
2122 4445 2348 4499 auderet
2378 4445 2562 4511 modo,
2608 4454 2913 4500 concentus
2935 4460 3032 4500 eos
3061 4445 3176 4516 lege
3203 4445 3460 4507 sanciret,

1878 4533 1973 4604 qui
1999 4549 2094 4604 per
2122 4549 2244 4590 sese
2269 4535 2612 4591 honestatem
2655 4544 2865 4589 naturae
2905 4551 2968 4588 ac
3007 4537 3332 4604 probitatem
3363 4534 3460 4588 ad-

184 4628 362 4692 θείαις
388 4626 756 4690 διδασκαλίαις
788 4625 1147 4698 ἀποδέχεσθαι
1178 4625 1211 4697 ἢ
1237 4625 1337 4689 τὰς
1362 4625 1468 4678 ὑπὸ
1500 4625 1593 4678 τοῦ
1627 4625 1771 4680 θείου

1885 4626 2186 4695 iungerent.
2223 4625 2494 4680 Caeterum
2524 4625 2582 4680 id
2606 4629 2688 4683 vel
2715 4627 2834 4695 Dei,
2869 4628 2952 4683 vel
2981 4627 3148 4682 divini
3178 4626 3460 4695 cujusdam

184 4719 509 4789 Πνεύματος
570 4717 658 4772 διὰ
686 4717 793 4770 τῶν
821 4717 982 4771 θείων
1033 4717 1129 4772 καὶ
1176 4715 1532 4789 προφητικῶν
1559 4717 1769 4789 ἀνδρῶν

185 4811 586 4883 πεποιημένας,
641 4813 714 4865 τά
767 4827 827 4864 τε
868 4809 1080 4872 τούτοις
1137 4807 1450 4879 κατάλληλα
1500 4807 1656 4879 μέλη,
1691 4807 1769 4881 τῷ

186 4900 415 4972 συνήθει
443 4903 574 4973 παρ’
607 4901 789 4965 αὐτοῖς
819 4899 1055 4971 ᾀδόμενα
1074 4897 1282 4970 τρόπῳ.

1877 4714 2118 4770 hominis
2145 4717 2428 4786 proprium
2460 4717 2649 4771 fuerit.
2690 4736 2709 4769 ι
2748 4717 2880 4774 Jure
2902 4733 3032 4790 ergo
3061 4727 3283 4772 cautum
3318 4717 3461 4786 apud

1876 4802 2130 4861 Hebraeos
2159 4805 2294 4871 fuit,
2331 4818 2393 4860 ut
2419 4822 2487 4861 ne
2517 4806 2609 4860 alii
2639 4807 2841 4862 divinis
2879 4808 2934 4860 in
2975 4805 3239 4861 doctrinis
3275 4804 3462 4875 hymni

1874 4905 2180 4967 cantusque
2211 4897 2396 4953 locum
2424 4897 2712 4964 haberent,
2736 4913 2902 4968 quam
2927 4913 3066 4968 quos
3103 4897 3320 4951 divinus
3347 4895 3462 4964 ipse

185 4996 429 5066 Spiritus
485 4995 795 5051 divinorum
854 5010 920 5050 ac
978 4992 1424 5063 propheticorum
1484 4989 1772 5046 hominum
1829 5005 1927 5047 ore
1986 4991 2238 5058 fudisset,
2291 5007 2468 5062 eoque
2514 5001 2778 5063 praeterea
2828 4991 3174 5046 modulorum
3239 5002 3459 5060 genere,

183 5089 334 5162 quod
361 5103 417 5145 et
444 5103 571 5144 cum
616 5087 751 5159 ipsis
797 5087 1115 5152 cohaereret,
1160 5093 1213 5139 et
1250 5083 1480 5140 solemni
1507 5085 1648 5154 apud
1681 5099 1777 5140 eos
1814 5093 2145 5157 receptoque
2168 5101 2324 5141 more
2349 5095 2658 5141 caneretur.

695 5177 1092 5232 ΚΕΦΑΛΑΙΟΝ
1126 5177 1254 5232 Kl".

184 5274 327 5344 Περὶ
354 5271 476 5328 τῶν
507 5268 842 5341 δοκιμάζειν
864 5269 1007 5344 οἵων
1036 5285 1101 5344 τε
1130 5267 1240 5344 τᾲς
1284 5265 1436 5324 κατὰ
1484 5265 1635 5321 Θεὸν
1665 5279 1772 5322 πε-

713 5340 1043 5410 ποιημένας
1070 5338 1249 5406 ᾠδάς.

265 5455 284 5488 I
313 5431 594 5506 Συγχωρῶ
634 5432 745 5504 (25)
773 5449 838 5500 γε
863 5431 924 5485 τό
954 5448 1018 5500 γε
1049 5431 1302 5485 τοσοῦτον
1352 5431 1448 5484 καὶ
1500 5429 1613 5499 ἐγὼ
1659 5432 1773 5494 τοῖς

256 5531 301 5561 ⁸⁸
340 5529 488 5584 Psal.
526 5543 569 5592 ι,
602 5527 654 5581 I.
734 5527 780 5559 ⁶²
807 5525 954 5582 Psal.
991 5542 1104 5593 LXI,
1136 5526 1225 5580 11.
1306 5525 1350 5557 ⁸³
1375 5525 1523 5581 Psal.
1548 5541 1743 5590 XLVIII,
1782 5524 1868 5579 17.

256 5622 374 5690 (2'5)
413 5617 488 5678 Ἦ
517 5621 629 5691 γὰρ
656 5619 851 5690 ὁρᾶτε.
886 5620 1233 5684 Familiaris,
1283 5628 1344 5674 ut
1403 5621 1457 5674 in
1503 5620 1772 5691 dialogis,

187 5693 559 5762 compellatio,
588 5707 688 5746 nec
727 5691 1030 5762 vernaculae
1057 5701 1265 5762 nostrae
1285 5691 1572 5747 dissimilis
1593 5729 1609 5758 ,
1641 5691 1770 5760 Car,

191 5761 509 5836 roges-vatis
550 5763 688 5818 bien.
723 5761 886 5830 Mais,
917 5778 1222 5832 voycz-vous
1251 5761 1388 5817 bien.

2442 5177 2674 5236 CAPUT
2708 5177 2898 5233 XXIII.

1963 5267 2043 5324 De
2073 5269 2140 5323 iis
2170 5269 2261 5340 qui
2288 5270 2495 5324 divinos
2526 5271 2648 5326 illos
2683 5280 2872 5325 cantus
2894 5269 3118 5340 probare
3146 5270 3370 5340 possint.

1954 5445 1974 5481 I
2008 5428 2123 5500 Ego
2155 5444 2307 5498 vero,
2341 5428 2520 5501 inquit
2559 5427 2738 5496 Plato,
2789 5429 2842 5486 id
2890 5427 3226 5484 multitudini
3258 5441 3456 5483 conce-

1943 5618 2518 5707 (Ξόλ-Ι-γοιέρθετικόν.
2583 5618 2771 5687 Plato,
2824 5619 3016 5707 eodem
3070 5618 3167 5676 lib.
3217 5634 3258 5676 ll
3300 5618 3457 5692 ιφ,

1872 5705 1938 5761 pa
1981 5731 1995 5742 .
2034 5690 2160 5756 577,
2195 5691 2259 5743 D.
3009 5699 3016 5707 '

1941 5707 2059 5834 {25)
2105 5758 2419 5839 Συγχωρῶ.
2449 5760 2526 5819 Id.
2561 5761 2718 5831 ibid.,
2746 5777 2868 5836 pag.
2899 5759 3027 5827 578,
3052 5758 3118 5816 C.
