3826 6232
1038 358 1314 417 EUSEBII
1350 356 1835 419 CESARIENSIS
1871 346 2018 416 OPP.
2070 358 2252 416 PARS
2281 357 2349 416 ll.
2383 389 2458 404 -
2492 357 2998 418 APOLOGETICA.

400 482 533 538 dam
562 480 680 552 ipse
703 492 958 551 quoque,
990 479 1258 534 musicam
1301 478 1578 548 voluptate
1605 478 1786 534 metiri
1814 492 1981 549 opor-

2102 477 2320 543 νιολλοῖς,
2347 476 2459 532 δεῖν
2485 476 2585 549 τὴν
2617 475 2883 549 μουσικὴν
2906 475 3072 548 ἡδονῇ
3084 474 3367 548 κρίνεσθαι
3385 490 3403 506 ο
3434 475 3507 548 μὴ
3529 478 3644 548 μέν.

406 580 559 641 tere,
605 572 687 628 sic
738 580 919 627 tamen
938 608 955 637 ,
985 577 1049 625 ut
1076 585 1188 625 non
1220 569 1280 625 in
1307 569 1647 640 plebeiorum
1694 570 1978 626 hominum

402 662 681 733 voluptate
719 660 1158 730 acquiescamus,
1197 660 1295 717 sed
1326 660 1592 731 optimam
1620 659 1735 717 fere
1765 676 1981 717 musam

406 753 556 808 illam
601 767 724 809 esse
767 760 1110 821 statuamus,
1164 766 1290 825 quae
1335 752 1573 822 optimos
1628 760 1793 823 atque
1820 752 1981 824 597

405 840 610 912 optime
636 840 941 914 institutos,
973 842 1211 897 maxime
1237 856 1365 898 vero
1403 857 1528 913 qua
1553 858 1724 897 unum
1746 843 1982 914 aliquem

405 931 608 987 virtute
648 912 1010 1003 doctrinaque
1049 941 1400 1004 praestantem
1435 934 1749 990 delectabit.
1804 912 1985 1002 Quare

401 1023 664 1081 virtutem
695 1025 753 1080 in
779 1025 974 1095 primis
1001 1025 1311 1082 carminum
1340 1026 1557 1083 illorum
1580 1027 1857 1097 iudicibus
1890 1043 1986 1082 ne-

405 1116 701 1175 cessariam
744 1131 867 1173 esse
908 1116 1276 1184 defendimus,
1310 1133 1436 1173 cum
1476 1117 1514 1173 ii
1551 1132 1662 1174 non
1696 1117 1984 1188 prudentia

404 1209 591 1273 modo,
612 1225 800 1265 verum
828 1208 994 1265 etiam
1019 1211 1329 1266 constantia
1346 1210 1559 1280 praediti
1586 1225 1708 1266 esse
1730 1210 1982 1265 debeant.

404 1297 518 1355 Nec
547 1299 696 1354 enim
739 1298 987 1368 profecto
1011 1299 1221 1366 deceat,
1258 1308 1319 1355 ut
1358 1314 1550 1371 aequus
1587 1315 1860 1372 verusque
1891 1300 1986 1370 ju—

404 1390 531 1456 dex,
555 1400 652 1447 aut
679 1389 749 1445 ab
774 1390 1012 1462 ipsemet
1037 1391 1253 1447 theatro
1270 1393 1520 1459 edoctus,
1546 1400 1600 1448 et
1622 1393 1819 1463 partim
1846 1394 1989 1448 mul-

405 1482 657 1539 titudinis
687 1483 943 1554 strepitu,
978 1484 1180 1554 partim
1213 1484 1444 1540 stultitia
1473 1485 1695 1555 propria
1739 1484 1989 1555 stupefa-

404 1581 529 1628 ctus
550 1572 818 1643 judicium
852 1574 1023 1641 ferat;
1058 1585 1153 1631 aut
1183 1576 1314 1632 dum
1338 1578 1508 1632 etiam
1551 1577 1669 1648 ipse
1705 1579 1988 1635 veritatem

396 1665 689 1735 agnoscit,
726 1666 941 1737 ignavia
991 1676 1174 1723 tamen
1223 1669 1539 1724 debilitatus
1578 1684 1644 1726 ac
1690 1680 1862 1736 metu,
1897 1672 1991 1726 illo

406 1754 529 1823 ipso
549 1768 669 1824 ore,
701 1770 814 1825 quo
837 1758 1000 1825 paulo
1032 1765 1158 1813 ante
1186 1772 1313 1815 cum
1348 1758 1416 1814 ad
1440 1758 1798 1829 iudicandum
1832 1776 1991 1819 acce-

2082 588 2167 625 τοι
2211 570 2322 624 τῶν
2346 587 2411 640 γε
2437 569 2823 639 ἐπιτυχόντων,
2863 566 3003 621 ἀλλά
3046 566 3233 638 σχεδὸν
3257 566 3472 639 ἐκείνην
3521 563 3646 622 εἶναι

2086 658 2310 717 Μοῦσαν
2340 657 2655 728 καλλίστην,
2683 659 2807 729 ητις
2833 657 2961 721 τοὺς
2988 656 3297 726 βελτίστους
3329 657 3425 711 καὶ⁴
3466 658 3648 722 ἱκανῶς

2087 749 2554 822 πεπαιδευμένους
2602 750 2831 821 τέρπει,
2893 749 3127 821 μάλιστα
3167 749 3225 802 δὲ
3277 749 3401 821 ἥτις
3447 749 3541 804 ἕνα
3568 751 3651 803 τὸν

2084 844 2257 914 ἀρετῇ
2291 859 2352 896 τε
2373 842 2467 896 καὶ
2499 842 2719 913 παιδείᾳ
2753 840 3097 913 διαφέροντα.
3127 841 3227 895 Διά
3252 840 3424 894 ταῦτα
3449 841 3507 893 δὲ
3531 843 3652 912 ἀρε-

2087 936 2189 1006 τῆς
2215 952 2395 1007 φαμεν
2417 934 2622 989 δεῖσθαι
2655 936 2782 999 τοὺς
2824 935 3027 990 τούτων
3059 935 3277 1006 κριτὰς,
3322 936 3407 990 ὅτι
3453 934 3554 1007 τῆς
3600 953 3654 989 τε

2089 1026 2256 1099 ἄλλης
2290 1028 2549 1098 μετόχους
2569 1027 2768 1089 αὐτοὺς
2793 1022 2932 1080 εῐναι
2962 1026 3045 1080 δεῖ
3081 1028 3399 1099 φρονήσεως
3417 1067 3434 1091 ,
3476 1027 3569 1081 καὶ
3598 1027 3655 1099 δὴ

2090 1118 2304 1187 καὶτῆς
2335 1116 2605 1190 ἀνδρείας.
2636 1116 2775 1171 Οὔτε
2798 1116 2909 1188 γὰρ
2954 1118 3108 1189 παρά
3154 1117 3383 1189 θατέρου
3431 1118 3544 1188 (26)
3583 1118 3657 1172 δεῖ

2088 1209 2181 1263 τόν
2201 1226 2267 1279 γε
2293 1208 2468 1279 ἀληθῆ
2485 1209 2677 1281 κριτὴν
2701 1209 2909 1281 κρίνειν
2940 1209 3300 1280 μανθάνοντα,
3320 1210 3416 1263 καὶ
3436 1210 3660 1281 ἐκπλητ-

2089 1302 2318 1372 τόμενον
2347 1302 2454 1355 ὑπὸ
2475 1302 2571 1355 τοῦ
2600 1301 2829 1372 θορύϐου
2856 1301 2966 1355 τῶν
2990 1301 3220 1367 πολλῶν,
3249 1303 3345 1356 καὶ
3373 1302 3475 1373 τῆς
3507 1301 3661 1357 αὐτοῦ

2092 1393 2448 1457 ἀπαιδευσίας
2467 1432 2482 1457 ,
2537 1391 2648 1446 οὔτ’
2675 1388 2743 1447 αὖ
2782 1391 3175 1462 γιγνώσκοντα,
3231 1394 3298 1447 δι’
3353 1393 3662 1464 ἀνανδρείαν

2093 1484 2190 1539 καὶ
2220 1482 2438 1548 δειλίαν,
2471 1485 2537 1537 ὲκ
2557 1483 2650 1536 τοῦ
2671 1483 2834 1537 αὐτοῦ
2860 1484 3151 1556 στόματος,
3175 1478 3348 1557 οὗπερ
3366 1484 3493 1549 τοὺς
3520 1485 3665 1547 θεοὺς

2094 1574 2481 1639 ἐπεκαλέσατο,
2514 1573 2722 1645 μέλλων
2748 1574 2977 1646 κρίνειν,
3014 1575 3081 1628 ὲκ
3119 1573 3308 1627 τούτου
3349 1573 3665 1644 ψευδόμενον

2095 1665 2491 1736 ἀποφαίνεσθαι
2525 1666 2786 1739 ῥᾳθύμως
2807 1666 2906 1737 τὴν
2933 1666 3135 1737 κρίσιν.
3167 1666 3243 1719 Οὐ
3272 1665 3382 1736 γὰρ
3405 1664 3666 1737 μαθητὴς,

2096 1758 2236 1814 ἀλλά
2258 1758 2600 1823 διδάσκαλος,
2635 1759 2695 1823 ὅς
2727 1758 2841 1829 (27)
2872 1775 2937 1827 γε
2968 1758 3033 1812 τὸ
3058 1757 3284 1822 δίκαιον,
3314 1756 3522 1811 θεατῶν
3545 1758 3671 1827 μᾶλ-

406 1845 580 1910 deret,
612 1855 784 1903 testes
814 1848 1106 1918 appellavit
1127 1849 1282 1915 deos,
1313 1848 1507 1905 falsam
1540 1866 1848 1923 vanamque
1871 1869 1997 1909 sen-

2102 1849 2189 1905 λον
2215 1849 2245 1901 ὁ
2274 1846 2469 1921 κριτὴς
2518 1847 2752 1913 καθίζει,
2796 1849 2892 1902 καὶ
2923 1848 3380 1919 ἐναντιωσόμενος
3427 1851 3539 1911 τοῖς
3582 1849 3672 1917 τὴν

407 1937 634 1993 tentiam
668 1939 889 2011 indigne
916 1941 1251 2011 pronuntiet.
1282 1940 1395 1997 Nec
1419 1943 1565 1997 enim
1592 1943 1708 2014 ipse
1733 1953 1993 2017 tanquam

408 2028 736 2099 discipulus,
779 2032 875 2087 sed
919 2042 1179 2105 tanquam
1222 2044 1626 2107 spectatorum,
1657 2038 1738 2092 uti
1764 2054 1864 2108 par
1887 2049 1991 2108 est,

408 2123 675 2190 magister
712 2121 955 2189 futurus,
984 2125 1202 2197 illisque
1232 2129 1389 2196 adeo,
1432 2130 1479 2185 si
1507 2130 1842 2201 voluptatem
1872 2146 1996 2202 per-

409 2226 599 2282 peram
633 2222 690 2268 et
720 2214 900 2270 alieno
932 2216 1057 2272 loco
1089 2232 1203 2287 pra:
1235 2232 1295 2274 se
1324 2218 1536 2287 ferent,
1567 2226 1882 2274 constanter
1909 2234 1998 2275 re-

410 2314 757 2373 pugnaturus
780 2306 953 2362 sedet.
985 2326 1007 2360 ι
1050 2306 1255 2364 Eodem
1309 2308 1470 2380 plane
1522 2310 1717 2376 modo,
1762 2325 1871 2365 non
1914 2310 1999 2364 in-

410 2393 555 2451 ﬁma!
579 2397 856 2466 quondam
887 2399 1033 2469 apud
1056 2398 1313 2457 Hebraea
1338 2400 1707 2457 multitudinis
1737 2410 1875 2467 erat,
1901 2410 1997 2458 aut

410 2485 481 2541 de
526 2487 592 2544 iis
623 2489 718 2559 qui
759 2497 1019 2561 tanquam
1060 2492 1248 2549 divino
1278 2490 1483 2563 Spiritu
1514 2493 1679 2548 alllati
1724 2494 1995 2565 produce-

410 2587 620 2645 rentur,
653 2588 751 2635 aut
787 2580 857 2636 de
902 2582 1105 2639 divinis
1152 2584 1287 2654 ipsis
1333 2585 1667 2641 carminibus
1700 2592 1940 2641 statuere
1978 2604 1991 2640 :

2100 1940 2292 2013 ἡδονὴν
2320 1939 2395 2012 μὴ
2423 1941 2810 2011 προσηκόντως
2850 1940 2985 2011 μηδὲ
3017 1938 3193 2012 ὀρθῶς
3216 1938 3528 1994 ἀποδιδοῦσι
3557 1939 3675 1994 Osa-

2096 2034 2240 2096 ταῖς.
2277 2051 2297 2084 ι
2330 2032 2443 2086 Καὶ
2492 2034 2621 2104 παρ’
2665 2031 2938 2104 Ἑϐραίοις
2963 2032 3026 2086 τὸ
3072 2031 3305 2088 παλαιὸν
3328 2033 3391 2085 οὐ
3424 2032 3522 2086 τοῦ
3547 2032 3677 2102 πλή-

2100 2125 2227 2190 θους
2247 2119 2316 2197 ἦν
2345 2125 2408 2179 τὸ
2434 2124 2641 2198 κρίνειν
2672 2126 2800 2189 τοὺς
2831 2127 2895 2183 ἐκ
2940 2126 3085 2180 θείου
3120 2125 3440 2196 Πνεύματος
3477 2142 3677 2197 προφε-

2101 2219 2385 2291 ρομένους,
2414 2219 2509 2274 καὶ
2531 2219 2632 2283 τὰς
2656 2218 2876 2282 ἐνθέους
2900 2218 3048 2291 ᾠδὰς
3066 2260 3080 2285 ,
3123 2218 3239 2273 ἀλλ’
3265 2214 3407 2290 ἦσαν
3462 2217 3680 2291 βραχεῖς

2098 2313 2195 2365 καὶ
2226 2311 2441 2365 σπάνιοι
2468 2311 2685 2383 μέτοχοι
2715 2312 2808 2366 καὶ
2851 2313 3007 2365 αὐτοὶ
3049 2311 3194 2365 θείου
3228 2312 3547 2381 Πνεύματος
3571 2310 3681 2364 δια-

2102 2405 2350 2478 κριτικοῦ
2379 2405 2488 2459 τῶν
2517 2406 2846 2478 λεγομένων,
2875 2400 2958 2471 οἷς
2988 2406 3083 2460 καὶ
3109 2405 3292 2477 μόνοις
3329 2404 3460 2474 ἐξῆν
3494 2404 3680 2474 ἐγκρί-

2101 2512 2235 2560 νειν,
2265 2495 2362 2549 καὶ
2392 2495 2457 2567 δὴ
2490 2494 2748 2568 ἀφιεροῦν
2775 2495 2875 2560 τὰς
2907 2496 3207 2568 προφητῶν
3235 2496 3477 2567 βίϐλους,
3505 2494 3607 2558 τάς
3628 2494 3683 2548 δι

2101 2585 2209 2640 τῶν
2241 2585 2316 2657 μὴ
2345 2585 2600 2639 τοιούτων
2627 2585 3071 2659 ἀποδοκιμάζειν.

410 2668 505 2725 sed
530 2672 687 2740 pauci
715 2682 907 2740 erant,
940 2675 1128 2733 divino
1170 2676 1375 2749 Spiritu
1397 2717 1417 2743 ,
1452 2677 1615 2748 cujus
1655 2680 1874 2748 propria
1902 2679 1993 2733 illa
2030 2678 2372 2735 describendi
2407 2680 2492 2735 vis
2524 2689 2629 2748 est,
2669 2679 2833 2736 amati
2860 2681 2964 2751 ipsi
3022 2695 3243 2751 quoque
3283 2680 3489 2751 quibus
3521 2679 3684 2735 etiam

411 2762 538 2820 unis
571 2780 636 2820 ea
664 2766 733 2822 de
758 2783 819 2823 re
843 2778 1108 2837 statuere,
1140 2772 1402 2844 ipsosque
1427 2775 1566 2830 adeo
1608 2774 2000 2845 prophetarum
2040 2774 2211 2832 libros
2258 2790 2607 2840 consecrare,
2671 2785 2900 2832 caeteros
2945 2791 3078 2832 vero
3115 2785 3375 2846 tanquam
3420 2773 3687 2830 adulteri-

411 2871 515 2913 nos
545 2873 612 2914 ac
637 2854 860 2931 spurios
892 2863 1214 2935 abjudicare
1240 2866 1446 2923 liceret.
1472 2868 1479 2875 ⁷

976 2962 1207 3018 CAPUT
1241 2964 1434 3020 XXIV.

414 3064 618 3122 Cantus
658 3070 827 3149 etiam_
852 3073 909 3126 in
937 3074 1184 3149 conviviis
1201 3084 1500 3149 ,_tanqnam
1526 3076 1819 3131 convivales
1846 3093 2001 3149 quas-

793 3142 918 3196 dam
942 3143 1099 3212 leges,
1130 3142 1456 3215 recipiendos
1478 3163 1609 3202 esse.

494 3250 514 3283 ο
543 3231 837 3298 Caeterum,
872 3235 1050 3305 inquit
1093 3235 1270 3302 Plato,
1317 3239 1463 3308 quod
1496 3256 1527 3295 a
1551 3240 1711 3296 nobis
1748 3248 2000 3312 suscepta

417 3324 658 3393 primum
707 3324 1011 3396 disputatio
1045 3329 1396 3399 sequebatur,
1434 3341 1494 3387 ut
1535 3334 1658 3402 opis
1692 3334 1896 3405 aliquid
1932 3335 2002 3389 ad

417 3412 618 3470 Bacchi
640 3417 870 3473 chorum
901 3422 1070 3489 probe
1095 3422 1492 3479 instituendum
1521 3424 1759 3491 aﬂ‘erret,
1792 3426 1845 3481 id
1873 3428 2003 3482 bac-

418 3515 581 3564 tenus
628 3524 730 3580 pro
765 3510 1027 3567 facultate
1060 3523 1248 3570 nostra
1280 3516 1662 3573 disseruimus.
1695 3516 1851 3573 Nunc
1871 3533 2002 3588 ergo

421 3607 706 3664 videamus
738 3618 925 3664 utrum
951 3624 983 3665 a
1012 3609 1173 3665 nobis
1204 3610 1507 3682 perfectum
1538 3612 1592 3667 id
1619 3611 1807 3666 fuerit.
1860 3612 2004 3669 Sane

420 3704 745 3754 conventum
770 3700 1043 3768 ejusmodi
1070 3716 1296 3759 necesse
1314 3702 1720 3773 quodammodo
1739 3711 1840 3767 est,
1870 3704 2001 3758 dum

421 3791 758 3862 compotatio
779 3792 956 3864 magis
990 3808 1209 3865 semper
1239 3795 1525 3867 magisque
1557 3794 1750 3863 fervet,
1805 3797 2002 3853 turbn-

421 3884 707 3940 lentiorem
740 3885 1004 3954 evadere;
1038 3886 1185 3958 quod
1220 3887 1383 3943 etiam
1424 3887 1494 3942 ab
1531 3887 1688 3942 initio
1720 3889 1807 3946 his
1838 3889 1890 3943 in
1919 3905 2005 3944 re-

423 3973 561 4042 bns,
597 3976 665 4032 de
695 3976 897 4048 quibus
942 3993 1090 4034 nunc
1135 3978 1351 4048 agitur,
1400 3981 1724 4035 necessitate
1766 3982 2004 4052 quadam

422 4068 642 4123 evenire
675 4069 981 4137 posuimus.
1012 4099 1085 4110 —
1119 4069 1354 4127 Necesse
1398 4071 1452 4127 id
1500 4073 1742 4143 quidem.
1768 4104 1839 4113 —
1865 4074 2001 4129 Tum

426 4173 556 4214 vero
585 4159 820 4229 quisque
860 4160 1023 4215 solito
1067 4161 1240 4217 levior
1274 4163 1520 4234 indulget
1549 4165 1677 4231 sibi,
1709 4182 1774 4222 ac
1817 4167 2004 4222 laetitia

426 4249 641 4306 solutus
672 4259 734 4305 ut
777 4251 1005 4307 liberius
1031 4252 1370 4323 eﬂ‘usiusque
1411 4254 1675 4324 loquitur,
1723 4257 1797 4311 ita
1826 4258 2004 4311 nemi-

426 4356 550 4397 nem
582 4338 797 4397 interim
820 4358 886 4398 ex
906 4342 1101 4399 vicinis
1128 4345 1407 4408 audit,sed
1436 4348 1621 4416 potius
1647 4347 1879 4405 idoneus
1900 4349 2004 4405 sibi

426 4432 671 4503 quidam,
719 4442 773 4490 et
798 4434 905 4501 sui,
945 4443 1001 4489 et
1027 4444 1349 4492 ceterorum
1398 4440 1644 4493 omnium
1693 4438 2005 4494 moderator

423 4523 659 4579 videtur.
691 4555 761 4564 —
783 4522 1012 4595 Quippe.
1034 4552 1104 4563 -—-
1128 4524 1241 4583 Nos
1276 4542 1407 4582 vero
1445 4528 1711 4594 diximus,
1758 4530 1849 4584 ubi
1888 4530 2005 4586 haec

424 4615 706 4682 eveniunt,
722 4616 1023 4672 bibentium
1043 4618 1277 4681 animos,
1301 4628 1654 4691 posteaquam
1674 4620 1852 4691 ignem
1872 4619 2005 4676 ferri

425 4722 579 4784 more
610 4708 977 4777 conceperint,
993 4708 1159 4780 598
1176 4709 1455 4767 molliores
1483 4727 1549 4767 ac
1572 4713 1822 4781 juniores
1847 4713 1961 4767 fieri
1987 4731 2004 4781 ;

426 4797 725 4868 utperinde
756 4799 983 4853 omnino
1012 4814 1076 4853 ac
1099 4801 1229 4854 dum
1259 4802 1559 4858 teneriores
1589 4801 1768 4858 adhuc
1800 4813 2004 4870 essent,

426 4887 475 4940 ei
508 4888 602 4955 qui
632 4888 769 4943 alios
796 4889 1013 4944 erudire
1047 4906 1113 4946 ac
1140 4890 1340 4962 ﬁngere
1370 4893 1544 4962 possit
1568 4908 1633 4948 ac
1664 4895 1897 4960 noverit,
1934 4894 2008 4949 fa-

428 4977 645 5032 ciliores
669 4993 790 5034 sese
823 4988 938 5034 tum
964 4996 1027 5035 ac
1059 4981 1457 5037 tractabiliores
1489 4982 1784 5053 praebeant.
1820 4982 2005 5037 Ficto-

367 5088 387 5158 ζ
432 5087 544 5127 rem
576 5088 739 5142 porro
769 5075 1064 5131 statuimus
1112 5076 1268 5131 illum
1315 5076 1516 5147 ipsum,
1545 5077 1639 5147 qui
1685 5088 1802 5132 tum
1830 5078 2007 5132 bonus

429 5165 594 5219 etiam
625 5165 786 5220 nobis
814 5166 1093 5237 legislator
1127 5177 1266 5225 erat.
1321 5167 1421 5224 Hic
1451 5170 1764 5225 convivales
1788 5184 2007 5239 quoque

428 5256 577 5328 leges
601 5258 895 5326 describet,
931 5260 1133 5330 quibus
1165 5261 1499 5329 petulantior
1546 5260 1652 5316 ista
1683 5261 2007 5317 confidentia

430 5361 483 5405 et
507 5349 762 5404 audaculi
791 5350 1051 5417 bominis,
1087 5351 1180 5421 qui
1210 5350 1420 5407 nullum
1442 5352 1555 5422 jam
1585 5351 1858 5415 ordinem,
1881 5351 2006 5404 nul-

432 5442 512 5497 las
541 5442 738 5498 silendi
763 5457 829 5498 ac
856 5442 1139 5514 loquendi,
1183 5443 1362 5500 nullas
1407 5441 1627 5499 bibendi
1667 5443 2009 5513 canendique

504 5574 618 5645 (20)
660 5576 940 5645 Θατέρου.
972 5576 1049 5632 lta
1079 5577 1242 5632 etiam
1287 5574 1475 5641 Plato;
1527 5575 1625 5631 sed
1664 5575 1890 5632 omnino
1920 5589 2008 5630 re-

438 5648 742 5719 ponelgdnin
777 5647 1027 5719 θεάτρου.
1051 5664 1118 5719 εκ
1152 5648 1248 5703 alt.
1280 5661 1559 5704 manuscr.

507 5716 617 5784 (‘27)
658 5715 812 5768 Plato
837 5727 888 5769 et
912 5715 1040 5777 ins...
1068 5716 1164 5782 ὥς.

509 5786 620 5856 (is)
663 5785 771 5840 Kal
801 5786 967 5855 ὅπερ.
1001 5788 1157 5857 lb'nl.,
1194 5803 1318 5858 pag.
1350 5786 1477 5853 585,
1506 5785 1570 5842 C.

2608 2962 3007 3017 ΚΕΦΑΔΛῘΟΝ
3045 2963 3170 3017 KA'.

2108 3079 2231 3132 Ὅτι
2279 3077 2380 3131 καὶ
2413 3076 2485 3146 ἐν
2539 3076 2666 3143 τοῖς
2710 3076 3077 3146 συμποσίοις
3120 3076 3555 3144 παραληπτέον
3586 3077 3690 3142 τὰς

2227 3148 2405 3216 ᾠδὰς,
2427 3145 2833 3217 ὥσπεροτινάς
2861 3150 3087 3216 νόμους
3121 3149 3559 3216 συμποτικούς.

2180 3262 2200 3294 ι
2241 3242 2352 3296 Καὶ
2382 3243 2521 3312 ὅπερ
2549 3240 2662 3313 (28)
2693 3241 2723 3293 ό
2754 3241 2910 3309 λόγος
2942 3241 3001 3294 ὲν
3031 3241 3228 3312 ἀρχαῖς
3257 3240 3527 3312 ἐϐουλήθη
3544 3280 3561 3303 ,
3593 3240 3691 3311 τὴν

2101 3333 2180 3404 τῷ
2203 3333 2298 3389 τοῦ
2328 3333 2583 3389 Διονύσου
2609 3331 2757 3404 χορῷ
2791 3332 3042 3403 βοήθειαν
3073 3330 3339 3397 ἐπιδεῖξαι
3384 3332 3570 3395 καλῶς
3609 3331 3692 3385 λεο

2103 3425 2361 3498 γομένην,
2391 3427 2472 3489 είς
2499 3425 2727 3495 δύναμιν
2749 3423 2962 3496 εἴρηκε.
2997 3423 3339 3495 Σκοπώμεθα
3363 3423 3430 3494 δὴ
3465 3427 3517 3477 εί
3545 3423 3692 3479 τοῦθ’

2101 3518 2245 3571 οὕτω
2268 3517 2481 3586 γέγονε,
2504 3514 2813 3589 θορυϐώδης
2842 3515 2941 3587 μέν
2966 3533 3069 3569 που
3099 3518 3129 3569 ό
3158 3515 3412 3585 ξύλλογος
3442 3518 3474 3570 ό
3514 3516 3694 3570 τοιοῦ-

2102 3628 2195 3674 τος
2244 3609 2305 3674 ἐξ
2352 3608 2638 3678 ἀνάγκης,
2674 3605 2967 3677 προϊούσης
3015 3607 3113 3678 τῆς
3163 3607 3375 3670 πόσεως
3420 3606 3504 3660 ἔτι
3555 3608 3697 3679 μᾶλ-

2105 3703 2197 3756 λον
2229 3700 2342 3772 (29)
2375 3702 2463 3756 ἀεὶ
2490 3701 2626 3774 (50),
2661 3698 2949 3770 ξυμϐαίνει
2972 3700 3283 3769 γενόμενος,
3317 3700 3460 3770 ὅπερ
3492 3699 3695 3753 ὑπεθέ-

2108 3793 2245 3865 μεθα
2275 3794 2394 3847 κατ’
2426 3792 2601 3863 ἀρχὰς
2628 3793 2923 3860 ἀναγκαῖον
2954 3787 3093 3845 εἶναι
3133 3790 3381 3859 γίνεσθαι
3412 3790 3547 3862 περὶ
3586 3792 3702 3845 τῶν

2106 3884 2201 3939 νῦν
2229 3884 2534 3955 λεγομένων
2558 3883 2778 3954 (5“ί).-
2807 3883 3066 3951 Ἀνάγκη.
3095 3911 3167 3921 —-
3199 3882 3314 3944 na;
3344 3880 3404 3935 δέ
3436 3898 3505 3949 γε
3529 3883 3702 3946 αὐτὸς

2105 3976 2270 4031 αὑτοῦ
2305 3977 2630 4048 κουφότερος
2653 3975 2886 4050 αἴρεται,
2904 3974 2999 4029 καὶ
3025 3972 3225 4044 γέγηθέ
3244 3989 3305 4025 τε
3343 3972 3440 4026 καὶ
3476 3976 3702 4045 παρρη-

2108 4070 2228 4134 σίας
2283 4069 2689 4141 ὲμπίμπλαται,
2740 4069 2837 4123 καὶ
2863 4066 3224 4141 ἀνηκουστίας
3253 4067 3312 4119 ἐν
3343 4065 3425 4137 τῷ
3464 4066 3706 4136 τοιούτῳ

2105 4163 2214 4217 τῶν
2251 4163 2437 4227 πέλας,
2460 4163 2644 4234 ἄρχων
2666 4161 2711 4215 δ’
2743 4160 2926 4223 ἱκανὸς
2953 4158 3094 4225 ἀξιοῖ
3136 4157 3301 4212 αὑτοῦ
3346 4175 3406 4211 τε
3458 4159 3560 4214 καὶ
3592 4159 3704 4211 τῶν

2107 4254 2283 4309 ἄλλων
2310 4254 2610 4325 γεγονέναι.
2640 4284 2709 4294 -
2727 4251 2793 4305 Τί
2819 4253 2926 4324 μήν
2950 4269 2965 4317 ;
2999 4281 3068 4291 —-
3093 4249 3302 4303 Οὐκοῦν
3329 4250 3545 4321 ἔφαμεν
3570 4251 3706 4304 ὅταν

2107 4346 2323 4417 γίνηται
2350 4345 2543 4409 ταῦτα,
2565 4344 2819 4415 καθάπερ
2845 4342 2968 4397 τινα
2993 4341 3229 4413 σίδηρον,
3253 4341 3353 4405 τὰς
3374 4342 3560 4413 ψυχὰς
3590 4341 3702 4395 τῶν

2110 4436 2372 4492 πινόντων
2425 4435 2724 4506 διαπύρους
2772 4434 3095 4506 γενομένας,
3152 4432 3554 4504 μαλακωτέρας
3588 4432 3699 4501 (32)

2107 4526 2353 4597 γίνεσθαι
2382 4526 2476 4580 καὶ
2491 4526 2781 4598 νεωτέρας,
2798 4525 2927 4578 ὥστ’
2944 4522 3257 4593 εὐαγώγους
3280 4523 3609 4594 ξυμϐαίνειν
3623 4524 3702 4594 τῷ

2105 4617 2390 4688 δυναμένῳ
2415 4634 2474 4669 τε
2502 4617 2597 4670 καὶ
2630 4615 2978 4686 ἐπισταμένῳ
2999 4613 3271 4667 παιδεύειν
3299 4630 3364 4666 τε
3399 4616 3497 4667 καὶ
3523 4615 3700 4667 πλάτ-

2105 4728 2240 4774 τειν,
2275 4710 2526 4781 καθάπερ
2546 4710 2621 4762 ὅτ’
2654 4705 2793 4781 ἦσαν
2821 4708 2966 4761 νέαι·
2988 4707 3176 4760 τοῦτον
3204 4706 3259 4760 δὲ
3282 4701 3425 4760 εἶναι
3449 4707 3542 4760 τὸν
3571 4708 3702 4761 πλά-

2109 4818 2240 4872 στην
2265 4802 2356 4855 τὸν
2381 4802 2562 4866 αὐτὸν,
2590 4803 2760 4872 ὅνπερ
2789 4801 2912 4867 τότε
2962 4800 3054 4853 τὸν
3099 4797 3300 4868 ἀγαθὸν
3354 4799 3658 4869 νομοθέτην
3679 4815 3695 4829 ·

2105 4886 2167 4945 οὗ
2207 4893 2406 4964 νόμους
2451 4888 2591 4946 εἶναι
2640 4892 2722 4944 δεῖ
2772 4892 3163 4961 συμποτικοὺς,
3212 4889 3551 4960 δυναμένους
3605 4890 3699 4942 τὸν

2106 4983 2324 5037 εὔελπιν
2358 4983 2451 5036 καὶ
2483 4983 2782 5055 θαρραλέον
2810 4984 3015 5037 ἐκεῖνον
3045 4983 3327 5052 γινόμενον
3346 5020 3365 5047 ,
3395 4984 3493 5035 καὶ
3539 4985 3696 5037 ἀνα.-

2110 5077 2462 5149 σχυντότερον
2490 5075 2585 5129 τοῦ
2613 5074 2844 5138 δέοντος,
2872 5075 2966 5128 καὶ
2993 5075 3056 5127 οὐ
3082 5074 3304 5128 θέλοντα
3346 5075 3504 5140 τάξιν
3524 5115 3540 5135 ,
3601 5075 3697 5127 καί⁸

2107 5166 2167 5218 τὸ
2199 5166 2339 5219 κατὰ
2369 5164 2534 5237 μέρος
2561 5164 2718 5234 σιγῆς
2743 5163 2836 5217 καὶ
2860 5162 3042 5231 λόγου,
3074 5164 3170 5217 καὶ
3200 5164 3413 5227 πόσεως
3440 5163 3537 5216 καὶ
3566 5163 3688 5233 μού-

2110 5273 2209 5327 σης
2243 5256 2554 5327 ὑπομένειν,
2584 5255 2789 5309 ἐθέλειν
2822 5258 2995 5307 ποιεῖν
3026 5256 3203 5308 πάντα
3245 5254 3457 5319 τούτοις
3499 5258 3696 5309 τάναν-

2107 5349 2233 5403 cia"
2254 5350 2349 5403 καὶ
2376 5348 2596 5401 εἰσιόντι
2625 5346 2702 5418 τῷ
2738 5347 2814 5419 μὴ
2856 5345 3007 5418 καλῷ
3038 5346 3228 5419 saepe:
3262 5346 3353 5401 τὸν
3404 5349 3695 5404 κάλλιστον

2106 5442 2504 5513 διαμαχόμενον
2536 5439 2700 5510 φόϐον
2727 5438 3077 5510 εἰσπέμπειν,
3100 5438 3243 5503 οἵους
3279 5456 3340 5492 τε
3365 5436 3509 5495 εἶναι
3556 5439 3697 5511 μετά

2203 5575 2294 5645 29)
2338 5575 2467 5628 Ἔτι
2499 5572 2754 5645 μᾶλλον.
2785 5569 3007 5645 Praestat
3052 5570 3147 5645 in}
3170 5570 3417 5645 μᾶλλον,
3452 5588 3521 5626 ex
3553 5570 3693 5626 Plat.

2202 5641 2291 5715 5n)
2334 5645 2471 5715 :Ael.
2502 5641 2698 5697 Melius
2725 5650 2889 5715 quam
2919 5643 2967 5694 εἰ
2998 5641 3142 5712 apud
3169 5641 3477 5697 Platonem.

2205 5712 2294 5786 51)
2333 5712 2510 5786 Plato,
2537 5712 2892 5786 γιγνομένων.

2184 5781 2296 5857 (5‘2)
2337 5785 2511 5852 Plato,
2546 5781 2994 5856 μαλθακωτέρας.
