3826 6232
129 282 235 336 993

1318 282 1640 339 PRAEPAR.
1684 282 1935 341 EVANG.
1979 283 2107 339 LIB.
2149 285 2262 341 Xll.

3298 301 3405 359 994

130 395 313 466 δίκης,
342 393 403 449 ὃν
434 392 568 450 αἰδῶ
587 409 647 449 τε
682 396 776 448 καὶ
827 396 1092 468 αίσχύνην
1118 397 1261 455 θεῖον
1292 401 1459 471 φόϐον
1497 402 1701 476 ὠνομὼ

1822 404 1971 459 vices
2019 403 2164 462 ferre
2205 406 2400 477 possit,
2439 406 2773 478 impudentia
2809 411 2877 467 ad
2918 416 3211 472 contraria:
3237 418 3410 476 hone-

132 502 333 557 καμεν.
349 513 418 524 -—
436 485 593 538 Ἔστι
612 485 1169 544 “cariem—T061:va
1185 506 1249 556 γε
1266 492 1375 546 τῶν
1389 493 1569 564 νόμων
1578 491 1719 550 εἶναι

129 577 513 648 νομοφύλακας
538 579 632 632 καὶ
662 579 1123 653 συνδημιουργοὺς
1142 583 1326 648 αὐτοῖς
1346 586 1472 649 τοὺς
1514 586 1682 658 ἀθορύ
1696 615 1719 630 ο

130 668 262 732 6ους
318 669 412 724 καὶ
465 672 753 741 νήφοντας.
792 691 811 724 ι
841 673 1083 738 Εἰκότως
1127 675 1419 748 τοιγαροῦν
1462 678 1558 730 καὶ
1584 680 1718 750 ἡμῖν

127 762 315 826 αὐτοῖς
344 764 402 816 έν
433 766 546 827 τοῖς
588 764 911 835 συμποσίοις
942 766 1088 837 ᾠδὰς
1113 769 1203 822 καὶ
1227 769 1429 840 ὕμνους
1470 772 1550 835 είς
1582 770 1721 825 Θεὸν

1822 496 1978 552 statis
2004 506 2060 553 et
2083 498 2366 553 modestiae
2395 498 2574 555 otllcia
2600 511 2891 558 revocetur
2919 523 2934 558 :
2968 515 3132 578 atque
3158 508 3233 564 ita
3268 512 3403 566 sub-

1820 587 1972 643 eunti
2016 589 2276 657 paulatim
2307 589 2670 662 gliscentique
2714 597 3023 665 protervis,
3056 601 3408 659 adversarius

128 860 541 931 πεποιημένους
572 859 720 931 ᾅδειν
758 860 1158 933 παραδέδοται,
1197 861 1291 915 τοῦ
1343 864 1717 934 προσήκοντος

126 952 339 1023 κόσμου
358 953 468 1006 τῶν
494 954 622 1024 παρ’
654 954 788 1024 ἡμῖν
818 953 1074 1023 φυλάκων
1106 954 1537 1026 ἐπιμελομένων.

1821 967 1928 1014 est.
1956 989 2029 999 —-
2059 951 2264 1016 Harum
2295 971 2558 1032 praeterea
2592 965 2776 1037 legum
2803 969 3080 1037 custodes,
3124 973 3218 1045 qui
3250 989 3407 1031 suam

126 1044 239 1098 illis
267 1058 491 1113 operam
527 1052 827 1107 navarent,
876 1043 1096 1114 quietos
1129 1045 1381 1100 homines
1410 1061 1477 1104 ac
1503 1045 1721 1103 sobrios
1756 1062 1881 1105 esse
1935 1051 2232 1107 voluimus.
2266 1069 2287 1103 ι
2326 1052 2456 1109 Hac
2480 1053 2591 1110 ille.
2638 1055 2773 1114 Jure
2794 1059 2961 1130 igitur
3000 1063 3090 1119 hic
3137 1043 3282 1135 apud
3306 1082 3410 1125 nos

124 1137 294 1190 etiam
341 1136 397 1189 in
440 1136 728 1203 conviviis,
776 1135 911 1197 edas
935 1146 992 1192 et
1018 1137 1252 1208 hymnos
1276 1137 1330 1190 in
1365 1136 1461 1193 Dei
1492 1137 1710 1194 laudem
1748 1140 1980 1196 canendi
2035 1152 2288 1213 receptus
2317 1160 2441 1202 mos
2468 1154 2556 1203 est
2587 1165 2604 1205 :
2639 1164 2752 1219 quo
2784 1151 2839 1207 in
2867 1169 3087 1226 genere,
3135 1158 3410 1221 honestati

125 1242 191 1283 ac
220 1224 506 1281 modestiae
548 1226 721 1280 nostri
754 1241 976 1296 quoque
1016 1227 1394 1285 moderatores
1425 1228 1713 1301 invigilant
1748 1242 1914 1302 atque
1941 1237 2302 1306 prospiciunt.

640 1320 1040 1376 ΚΕΦΑΛΑΙΟΝ
1076 1322 1204 1375 ΚΕ’.

2274 1369 2281 1377 -
2400 1331 2633 1390 CAPUT
2664 1333 2834 1391 XXV.

125 1458 251 1512 Ὅτι
272 1461 349 1513 οὐ
376 1456 567 1513 πᾶσιν
587 1456 975 1526 ἐπιτρεπτέον
1007 1458 1123 1527 τὴν
1151 1458 1262 1515 τοῦ
1298 1460 1701 1535 οῑνουβιόσιν.

1959 1420 2086 1479 Vini
2109 1423 2322 1481 bibendi
2344 1443 2405 1481 co
2444 1428 2554 1482 iam
2596 1445 2702 1483 non
2727 1430 2968 1488 omnibus
2993 1439 3289 1505 promiscae

2387 1444 2690 1568 ﬁniendam
2716 1517 2849 1557 esse.

1482 1500 1619 1535 ,συνν
1635 1500 1676 1514 ν’
1697 1503 1711 1517 ο
2388 1500 2690 1557 faciendam
2716 1517 2849 1557 esse.

199 1590 219 1622 ι
262 1572 326 1624 Ei
353 1571 455 1642 μέν
480 1587 566 1634 τις
605 1568 720 1641 (35)
775 1569 962 1634 πόλις,
997 1570 1073 1634 ὡς
1105 1571 1272 1644 οὔσης
1324 1573 1582 1645 σπουδῆς,
1635 1574 1701 1645 τᾷ

1897 1604 1917 1637 ι
1961 1586 2018 1642 Si
2046 1603 2170 1659 quae
2198 1589 2414 1658 civitas,
2444 1591 2626 1663 inquit
2647 1592 2825 1663 Plato,
2854 1605 2915 1651 ut
2944 1597 2997 1652 in
3029 1614 3087 1653 re
3119 1601 3260 1657 seria
3289 1604 3411 1661 ﬁeri

123 1663 519 1735 ἐπιτηδεύματι
551 1661 631 1733 τῷ
656 1661 752 1715 νῦν
769 1662 1043 1734 εἰρημένῳ
1068 1665 1331 1735 χρήσεται
1368 1665 1504 1737 μετὰ
1531 1667 1701 1738 νόμωι

1821 1678 1979 1746 solet,
2033 1680 2181 1735 bunc
2229 1696 2462 1748 morem,
2496 1661 2663 1753 prout
2704 1661 2883 1756 legum
2915 1688 3235 1761 ordinisque
3266 1696 3411 1751 ratio

122 1762 219 1814 καὶ
258 1758 487 1824 τάξεως,
511 1757 588 1821 ὡς
611 1755 704 1810 τοῦ
729 1761 1026 1828 σωφρονεῖν
1050 1758 1161 1829 (54)
1186 1758 1370 1814 εἵνεκα
1391 1758 1701 1835 μελέτῃ(ὖᾶ

1819 1770 2135 1839 postulabit,
2178 1787 2447 1844 usurpare
2490 1776 2656 1844 volet,
2709 1755 2937 1847 perinde
2971 1794 3037 1835 ac
3073 1781 3119 1836 si
3146 1755 3409 1853 paranda:

121 1853 409 1925 χρωμένη,
440 1851 535 1906 καὶ
565 1851 674 1904 τῶν
703 1850 878 1904 ἄλλων
911 1849 1115 1922 ἡδονῶν
1140 1850 1216 1923 μὴ
1244 1829 1503 1921 ἀφέξεται
1532 1829 1701 1907 (iliaci

1821 1864 2197 1933 temperantiae.
2222 1866 2419 1937 gratia,
2449 1868 2840 1927 exercitatione
2861 1873 3096 1943 quadam
3123 1829 3405 1934 uieretur:

120 1963 232 2008 τως
268 1946 361 1999 καὶ
402 1943 543 1997 κατὰ
576 1944 669 1998 τὸν
706 1943 869 1997 αὐτὸν
901 1942 1081 2012 λόγον,
1133 1942 1227 1996 τοῦ
1276 1945 1500 2016 κρατεῖν
1537 1945 1701 1999 αὐτῶη

1818 1950 2062 2023 itemque
2113 1954 2160 2010 si
2192 1956 2263 2011 ab
2302 1956 2425 2013 aliis
2458 1958 2712 2016 similiter
2760 1942 3156 2033 voluptatibus,
3209 1969 3405 2024 eodem

119 2038 288 2090 ἕνεκα
326 2035 692 2108 μηχανωμένη
715 2076 729 2100 ,
760 2035 949 2090 τοῦτον
984 2035 1087 2107 μὲν
1145 2034 1236 2089 τὸν
1289 2036 1493 2107 τρόπον
1542 2036 1701 2090 ἅπασι

1818 2045 2071 2113 consilio,
2101 2061 2211 2102 non
2245 2047 2561 2116 abstinebit,
2594 2060 2653 2107 ut
2685 2068 2878 2110 earum
2909 2055 3017 2112 hac
3041 2057 3260 2114 tandem
3290 2072 3410 2118 arte

118 2128 337 2191 τούτοις
365 2128 629 2199 χρηστέον
648 2145 662 2157 ·
686 2129 733 2181 εί
758 2126 803 2181 δ’
828 2126 905 2190 ὡς
930 2125 1119 2198 παιδιᾷ
1145 2143 1206 2180 τε
1243 2127 1338 2181 καὶ
1375 2126 1591 2192 ἐξέσται
1637 2127 1718 2200 τῷ

121 2220 457 2292 βουλομένῳ,
489 2220 584 2272 καὶ
613 2220 741 2274 ὅταν
777 2218 1057 2290 βούληται,
1085 2219 1179 2271 καὶ
1216 2217 1335 2289 μεθ’
1378 2212 1454 2273 ὧν
1493 2217 1560 2273 ἂν
1594 2218 1717 2290 βού-

119 2315 304 2386 ληται,
340 2313 516 2367 πίνειν
548 2312 667 2383 μετ’
690 2311 1139 2382 ἐπιτηδευμάτων
1162 2310 1497 2365 ὡντινωνοῦν
1517 2310 1711 2366 ἄλλωνο

118 2408 221 2459 οὐκ
250 2406 317 2459 ἂν
344 2403 595 2476 τιθείμην
622 2402 823 2473 ταύτην
849 2401 947 2473 τὴν
970 2401 1171 2473 ψῆφον,
1202 2401 1278 2466 ὡς
1300 2401 1383 2455 δεῖ
1409 2418 1540 2455 ποτε
1575 2402 1715 2475 μέθῃ

119 2499 363 2571 χρῆσθαι
399 2495 606 2567 ταύτην
637 2495 736 2568 τὴν
762 2493 917 2547 πόλιν
949 2493 984 2564 ἢ
1017 2493 1206 2547 τοῦτον
1228 2494 1318 2547 τὸν
1355 2494 1546 2565 ἄνδρα,
1597 2494 1715 2548 ἀλλ’

118 2594 198 2645 ἔτι
237 2590 443 2663 μᾶλλον
472 2587 573 2659 τῆς
608 2586 845 2659 Κρητῶν
895 2586 991 2639 καὶ⁹
1032 2585 1474 2657 Δακεδαιμονίων
1526 2585 1715 2658 χρείας

119 2683 466 2755 προσθείμην
490 2682 555 2736 ἂν
586 2680 664 2751 τῷ
681 2677 1068 2751 Καρχηδονίων
1102 2677 1250 2750 νόμῳ
1268 2718 1282 2744 ,
1315 2679 1584 2751 μηδέποτε
1611 2697 1716 2750 μη-

118 2777 244 2830 δένα
271 2775 366 2828 ἐπὶ
393 2770 756 2847 στρατοπέδου
791 2768 1050 2839 γεύεσθαι
1088 2768 1278 2824 τούτου
1311 2769 1405 2824 τοῦ
1448 2770 1712 2842 πόματος,

118 2868 234 2923 ἀλλ’
288 2865 638 2938 ὑδροποσίαις
699 2863 1047 2933 συγγίνεσθαι
1114 2860 1305 2916 τοῦτον
1371 2862 1463 2916 τὸν
1523 2863 1714 2934 χρόνον

120 2964 371 3015 ἅπαντα·
415 2958 511 3014 καὶ
543 2957 685 3012 κατὰ
731 2958 908 3026 πόλιν,
940 2958 1080 3031 μήτε
1117 2955 1302 3010 δοῦλον
1353 2957 1491 3028 μήτε
1520 2954 1715 3027 δούλην

118 3050 383 3121 γεύεσθαι
412 3048 703 3121 μηδέποτε,
732 3048 865 3120 μηδὲ
888 3038 1155 3120 ἄρχοντας
1182 3045 1370 3100 τοῦτον
1400 3045 1492 3099 τὸν
1534 3045 1715 3098 ἐνιαυ-

1817 2131 2012 2190 victrix
2047 2151 2170 2193 esse
2208 2150 2373 2209 queat
2401 2159 2415 2194 :
2449 2143 2553 2199 hoc
2583 2158 2717 2201 sane
2737 2149 2902 2202 modo
2932 2148 3097 2206 rebus
3129 2151 3196 2206 iis
3230 2153 3409 2208 omni-

1815 2226 1920 2283 bus
1946 2243 2045 2299 per
2072 2244 2162 2285 me
2189 2239 2376 2287 utatur
2405 2232 2551 2290 licet.
2586 2234 2685 2292 Sin
2724 2246 2909 2294 autem
2951 2238 3006 2295 id
3042 2250 3215 2298 totum
3247 2244 3410 2301 ludus

1816 2320 2046 2388 quidam
2072 2323 2199 2390 erit,
2253 2324 2302 2383 si
2348 2334 2419 2383 et
2447 2327 2655 2385 volenti
2683 2330 2925 2399 cuilibet,
2960 2343 3015 2389 et
3039 2334 3156 2400 ubi,
3188 2350 3253 2392 ac
3283 2338 3409 2409 qui-

1815 2414 2048 2469 busCum
2089 2414 2207 2485 ipse
2252 2416 2511 2487 voluerit,
2565 2420 2639 2475 ita
2687 2422 2877 2478 bibere
2933 2425 3298 2495 permittetur,
3346 2437 3409 2484 ut

1816 2520 1917 2576 pro
1964 2505 2194 2562 arbitrio
2249 2507 2400 2564 aliud
2452 2510 2619 2564 simul
2665 2512 2949 2581 quodlibet
2998 2517 3408 2575 exercitationis

1817 2612 1989 2667 geuus
2022 2597 2326 2672 adjuugat;
2368 2616 2649 2673 nunquam
2681 2604 2935 2674 equidem
2965 2615 3155 2662 auctor
3185 2606 3404 2677 fuerim,

1817 2700 1879 2747 ut
1910 2692 2180 2763 ejusmodi
2224 2693 2311 2749 vel
2349 2694 2488 2763 reip.
2518 2694 2602 2750 vel
2638 2695 2855 2753 homini,
2876 2697 3209 2769 largioribus
3236 2715 3408 2771 pocu-

1816 2785 1885 2840 li’s
1927 2784 2214 2854 indulgere
2259 2785 2443 2842 liceat.
2477 2783 2620 2841 Tum
2665 2788 2947 2844 enimvero
2987 2788 3408 2862 Carthaginien-

1816 2877 1960 2932 sium
2000 2876 2174 2949 legem
2217 2879 2394 2934 multo
2440 2879 2639 2950 magis,
2690 2893 2855 2949 quam
2891 2890 2986 2936 aut
3033 2879 3403 2951 Cretensium,

1817 2980 1912 3025 aut
1939 2968 2481 3026 Lacedaemoniorum
2511 2971 2964 3029 consuetudinem
2995 2974 3298 3043 probarim,
3324 2977 3405 3031 uti

1816 3078 1979 3118 nemo
2041 3079 2284 3135 unquam
2336 3065 2392 3119 in
2443 3066 2688 3122 exercitu
2741 3080 2914 3137 genus
2975 3066 3081 3122 hoc
3129 3068 3404 3139 poculenti

118 3146 210 3199 τὸν
236 3145 298 3198 ὃν
330 3144 398 3198 ἂν
429 3144 660 3216 ἄρχωσι,
693 3142 816 3215 μηδ’
839 3138 905 3196 αὖ
947 3140 1290 3225 κυϐερνήτας
1314 3178 1329 3204 ,
1385 3138 1521 3211 μηδὲ
1562 3137 1701 3190 δικα-

1817 3165 2017 3229 gustet,
2082 3156 2179 3212 sed
2228 3165 2348 3212 toto
2398 3157 2608 3213 militia;
2666 3165 2911 3227 tempore
2963 3137 3164 3229 aquam
3217 3159 3408 3218 bibere

120 3240 255 3302 στὰς
286 3239 544 3310 ἐνεργοὺς
585 3236 780 3302 ὄντας,
813 3235 956 3289 οἴνου
1001 3228 1256 3303 γεύεσθαι
1305 3232 1367 3286 τὸ
1410 3230 1669 3303 παράπαν
1693 3245 1706 3258 ο

121 3331 259 3402 μηδὲ
292 3331 441 3393 ὅστις
471 3328 889 3401 βουλευσόμενος
937 3327 1018 3391 εἰς
1052 3324 1249 3398 βουλὴν
1286 3323 1440 3389 ἀξίαν
1469 3321 1592 3376 τινὰ
1625 3320 1713 3374 λό-

118 3440 217 3492 γου
256 3422 607 3493 συνέρχεταιο
641 3419 773 3492 μηδέ
802 3437 866 3491 γε
898 3419 1015 3492 μεθ’
1040 3419 1253 3491 ἡμέραν
1285 3413 1485 3488 μηδένα
1508 3414 1570 3467 τὸ
1607 3430 1713 3467 πα-

122 3513 326 3587 ράπαν,
352 3514 401 3566 εί
431 3513 504 3584 μὴ
538 3513 858 3584 σωμασκίας
886 3513 919 3585 ἢ
944 3512 1112 3566 νόσων
1140 3510 1322 3564 ἕνεκα·
1356 3508 1480 3581 μηδ’
1529 3502 1595 3561 αὖ
1620 3505 1712 3562 νύ-

120 3625 274 3678 κτωρ
324 3607 451 3660 ὅταν
493 3608 681 3679 ἐπινοῇ
714 3624 798 3670 τις
843 3605 1038 3670 παῖδας
1067 3602 1335 3663 ποιεῖσθαι
1367 3600 1507 3672 ἀνὴρ
1539 3600 1573 3672 ἢ
1617 3598 1711 3653 καὶ

119 3702 283 3771 γυνή.
318 3700 429 3753 Καὶ
462 3698 597 3754 ἄλλα
622 3699 679 3753 δὲ
710 3698 1003 3771 πάμπολλα
1036 3699 1099 3751 ἄν
1145 3715 1229 3762 τις
1271 3696 1441 3765 λέγοι,
1489 3693 1564 3760 ὡς
1596 3696 1711 3758 τοῖς

119 3794 245 3846 νοῦν
284 3809 343 3845 τε
367 3792 461 3845 καὶ
508 3792 672 3864 νόμον
717 3791 930 3863 ἔχουσιν
991 3788 1149 3864 ὀρθὸν
1203 3788 1263 3843 οὐ
1295 3787 1489 3851 ποτέος
1545 3780 1706 3848 οἶνος.

120 3884 288 3936 Ὥστε
338 3883 481 3938 κατὰ
512 3883 602 3936 τὸν
633 3883 790 3953 λόγον
836 3882 1025 3938 τοῦτον
1086 3882 1193 3936 οὐδ’
1250 3878 1588 3953 ἀμπελώνων
1643 3875 1709 3929 ἂν

118 3976 333 4031 πολλῶν
354 3975 463 4030 δέοι
493 3977 553 4029 οὐ
579 3975 643 4048 δή
668 3992 774 4029 τινι
796 3974 908 4046 ('56)
936 3974 1088 4028 πόλει
1108 3989 1123 4001 ·
1156 3971 1333 4026 τακτὰ
1359 3971 1414 4024 δὲ
1447 3968 1614 4023 τᾶλλα
1641 3967 1708 4022 ἂν

116 4070 203 4141 εἴη
236 4070 634 4141 γεωργήματα,
662 4068 757 4121 καὶ
785 4068 990 4139 πᾶσαὴ
1021 4065 1216 4120 δίαιτα.
1258 4084 1277 4115 ι
1322 4063 1434 4118 Καὶ
1466 4060 1707 4131 Μωῡσῆς

115 4162 193 4224 δὲ,
231 4160 522 4233 προλαϐὼν
564 4161 639 4233 μὴ
668 4160 778 4214 δεῖν
805 4161 931 4223 τοὺς
955 4157 1136 4230 ἱερέας
1169 4156 1312 4210 οίνου
1340 4151 1707 4225 ἀπογεύεσθαι

117 4253 262 4306 κατὰ
291 4253 384 4305 τὸν
411 4251 512 4322 τῆς
543 4250 851 4324 ἱερουργίας
895 4250 1087 4321 καιρὸν
1123 4247 1406 4319 νομοθετεῖ
1445 4247 1671 4315 φάσκων
1690 4263 1704 4277 ⁸

123 4364 142 4397 ι
172 4345 285 4398 Καὶ
308 4343 542 4416 ἐλάλησε
567 4345 769 4418 Κύριος
793 4342 871 4415 τῷ
905 4341 1117 4416 Ἀαρὼν
1141 4383 1157 4410 ,
1188 4341 1363 4410 λέγων
1384 4357 1398 4371 ο
1429 4334 1570 4392 οἶνον
1614 4338 1708 4392 καὶ

117 4438 314 4510 σίκερα
335 4436 398 4490 οὐ
429 4434 645 4489 πίεσθαι
667 4437 731 4490 σὺ
758 4436 853 4490 καὶ
881 4437 932 4489 οί
966 4435 1071 4489 υίοί
1096 4451 1189 4489 σου
1217 4432 1354 4505 μετὰ
1395 4430 1512 4495 σοῦ,
1543 4431 1707 4502 ἡνίκα

113 4529 180 4583 ἄν
236 4524 620 4601 εἰσπορεύησθ’
654 4529 733 4593 είς
768 4528 869 4601 τὴν
912 4528 1118 4600 σκηνὴν
1153 4525 1248 4579 τοῦ
1288 4523 1610 4597 μαρτυρίου,
1667 4522 1701 4595 ἢ

115 4620 644 4692 προσπορευομένων
689 4619 843 4692 ὑμῶν
867 4619 1005 4692 πρὸς
1046 4619 1109 4673 τὸ
1142 4616 1526 4689 θυσιαστήριον
1548 4655 1564 4682 ,
1608 4614 1703 4668 καὶ

113 4716 173 4767 οὐ
229 4714 309 4786 μὴ
362 4714 670 4786 ἀποθάνητε
695 4732 710 4747 ο
743 4714 973 4785 νόμιμον
1020 4713 1235 4766 αίὼνιον
1268 4712 1348 4775 είς
1379 4709 1479 4773 τὰς
1510 4707 1703 4778 γενεὰς

113 4807 292 4877 ὐμῶν.
334 4825 353 4857 ι
403 4806 461 4860 ’0
485 4806 541 4860 δὲ
577 4806 739 4870 αὐτὸς
770 4807 1005 4869 καὶτοῖς
1050 4803 1214 4876 εὐχὴν
1251 4802 1565 4874 εὐχομένοις
1613 4817 1702 4855 νο-

117 4899 337 4970 μοθετεί
368 4898 541 4967 λέγων
560 4916 574 4931 ·
616 4918 635 4951 ι
683 4898 845 4972 Ἀνὴρ
870 4898 905 4968 ἣ
928 4897 1088 4970 γυνὴ,
1123 4896 1182 4961 ὃς
1218 4896 1287 4951 ἂν
1333 4893 1586 4967 μεγάλως
1614 4891 1705 4947 εὕ-

113 4992 273 5062 ξηται
302 4990 487 5063 εὐχὴν,
521 4989 921 5060 ἁφαγνίσασθαι
946 4990 1168 5060 ἁγνείαν
1190 4987 1402 5061 Κυρίῳ,
1425 4986 1534 5041 ἀπὸ
1557 4985 1701 5039 οῐνου

112 5086 209 5139 καὶ
235 5084 434 5155 σίκερα
463 5083 850 5154 ἁγνισθήσεται
871 5100 883 5112 ·
909 5083 1005 5137 καὶ
1042 5081 1163 5147 ὅξος
1193 5079 1253 5147 ἐξ
1271 5081 1414 5134 οίνου
1449 5079 1544 5132 καὶ
1581 5076 1703 5145 ὅξος

112 5179 178 5230 ὲκ
212 5178 410 5247 σίκερα
442 5177 503 5230 οὐ
529 5177 735 5231 πίεται.
773 5196 790 5227 ι
834 5174 995 5229 Ἀλλὰ
1017 5175 1110 5228 καὶ
1138 5171 1388 5243 Σολομὼν
1428 5173 1555 5235 τοὺς
1598 5169 1697 5242 ἄρα

112 5287 311 5341 χοντας
340 5270 436 5322 καὶ
469 5270 595 5333 τοὺς
613 5267 872 5333 δικαστὰς
892 5270 1068 5340 εῐργει
1083 5267 1183 5338 τῆς
1209 5266 1481 5338 χρήσεως,
1503 5262 1696 5328 λέγων’

116 5380 137 5413 ι
176 5360 338 5416 Μετὰ
372 5358 566 5432 βουλῆς
594 5362 774 5416 πάντα
804 5359 969 5425 ποίει,
997 5358 1135 5431 μετὰ
1171 5344 1365 5430 βουλῆς
1408 5353 1697 5409 οἱνοπότει.

110 5453 177 5507 0i
242 5453 503 5507 δυνάσται
540 5452 807 5524 θυμώδεις
850 5452 1008 5520 εἰσὶν,
1055 5445 1198 5507 οἶνον
1233 5450 1308 5522 μὴ
1370 5447 1696 5515 πινέτωσαν,

181 5562 229 5594 ⁸⁸
259 5561 436 5619 Levit.
471 5580 526 5626 ι.
562 5562 617 5619 9.

183 5654 301 5795 (33}
334 5652 545 5737 Ειμέν
574 5672 686 5722 τις,
716 5656 897 5738 Plato,
930 5670 969 5708 ιι
1009 5653 1158 5725 Leg.,
1188 5654 1242 5721 4,
1272 5652 1401 5719 584,
1433 5651 1496 5706 D.
1659 5718 1688 5733 ~

183 5725 275 5791 (5i
345 5730 458 5781 Tov
487 5741 838 5795 σωφρονειν.
876 5725 1016 5783 Male
1058 5724 1201 5795 apud
1253 5722 1537 5780 Platonem
1559 5761 1574 5789 ,
1618 5738 1688 5792 eq;

181 5722 299 5795 (5i)
345 5722 458 5801 Τοῦ
487 5727 838 5796 σωφρονεῖν.
876 5725 1016 5783 Male
1058 5722 1201 5796 apud
1253 5722 1537 5780 Platonem
1559 5761 1574 5789 ,
1618 5722 1698 5792 τῷ

115 5811 232 5865 si»;
242 5812 289 5870 ρ.

1813 3256 2186 3305 consuescat:
2224 3247 2375 3304 domi
2425 3264 2576 3315 vero,
2614 3263 2685 3305 ne
2731 3264 2925 3306 servus
2964 3249 3256 3321 quisquam
3310 3259 3408 3307 aut

1813 3340 2009 3396 ancilla
2032 3342 2221 3396 vinum
2249 3341 2480 3413 attingat
2500 3356 2745 3413 unquam
2771 3360 2786 3397 :
2810 3357 2879 3396 ne
2902 3342 3255 3413 magistratus
3288 3352 3407 3399 toto

1815 3431 1912 3487 illo
1950 3447 2247 3505 anno,quo
2277 3433 2670 3505 rempublicam
2699 3443 2907 3506 gerent,
2934 3451 3004 3490 ne
3031 3436 3406 3493 moderatores

1815 3533 1907 3579 aut
1930 3522 2167 3595 judices,
2197 3525 2363 3598 599
2393 3527 2641 3598 quandiu
2668 3526 2879 3598 judicia
2907 3528 3259 3595 exerccbunt,
3295 3543 3402 3584 neu

1810 3618 2106 3689 quisquam
2155 3620 2223 3675 de
2259 3635 2317 3676 re
2364 3621 2600 3692 alicujus
2646 3621 2910 3676 momenti
2958 3620 3286 3677 sententiam
3340 3619 3399 3675 in

1812 3713 2049 3770 concilio
2075 3712 2327 3770 dicturus
2352 3731 2368 3781 ;
2398 3713 2510 3769 imo
2535 3713 2700 3769 etiam
2728 3713 2935 3770 nemini
2973 3728 3204 3785 prorsus
3231 3715 3402 3771 inter-

1812 3806 1929 3872 diu,
1957 3807 2088 3862 vino
2128 3806 2208 3861 uti
2234 3807 2624 3872 concesserim,
2657 3806 2767 3864 nisi
2815 3807 2899 3863 vel
2928 3807 3245 3864 exercitatio
3276 3825 3402 3866 cor-

1809 3897 1981 3967 poris,
2008 3896 2094 3953 vel
2120 3897 2300 3953 morbi
2329 3896 2471 3953 ratio
2503 3897 2841 3968 postulabit;
2869 3913 3046 3969 neque
3081 3908 3267 3969 noctu,
3299 3915 3398 3956 seu

1809 3990 1917 4057 vir,
1957 4006 2055 4047 seu
2086 3991 2285 4046 mulier
2315 3990 2500 4055 fuerit,
2536 3991 2585 4048 si
2613 4006 2836 4063 operam
2868 3991 3055 4049 liberis
3085 3992 3218 4049 dare
3243 3994 3397 4066 cogi-

1811 4082 1969 4139 tabit.
2009 4082 2136 4140 Haec
2169 4093 2224 4139 et
2260 4084 2367 4139 alia
2408 4084 2671 4156 pleraque
2704 4082 2885 4139 aﬂ‘erri
2931 4086 3166 4157 possint,
3197 4103 3396 4157 quam-

1811 4173 2000 4230 obrem
2026 4173 2156 4229 vino
2185 4174 2462 4230 abstinere
2489 4174 2745 4243 debeant,
2774 4176 2871 4247 qui
2898 4185 2953 4231 et
2979 4177 3392 4249 maturiq'udicii

1809 4280 1864 4324 et
1894 4276 2056 4323 rectae
2093 4267 2231 4338 legis
2273 4267 2499 4323 ductum
2542 4276 2863 4338 sequantur.
2901 4267 2980 4323 Ex
3011 4286 3122 4341 quo
3171 4286 3303 4326 sane
3339 4270 3396 4326 id

1808 4359 2074 4428 etlicitur,
2109 4359 2259 4416 nulla
2303 4369 2365 4415 ut
2401 4360 2596 4416 civitas
2644 4359 2834 4417 multis
2881 4360 3177 4417 admodum
3221 4363 3396 4420 vineis

1809 4453 2049 4524 indigeat
2083 4468 2096 4505 :
2135 4452 2229 4510 sed
2258 4453 2464 4523 potius,
2492 4462 2553 4508 ut
2573 4467 2698 4510 cum
2736 4452 2984 4524 reliquus
3010 4454 3190 4511 omnis
3231 4468 3394 4526 agro-

1809 4560 1931 4598 rum
1957 4543 2170 4609 cultus,
2218 4553 2333 4599 tum
2383 4544 2551 4600 etiam
2582 4545 2722 4600 ratio
2763 4544 2942 4600 vietus
2984 4545 3241 4601 universa
3278 4562 3395 4601 mo-

1805 4633 1944 4690 dicis
1970 4633 2197 4689 omnino
2236 4633 2437 4691 iiuibus
2469 4634 2803 4691 includatur.
2839 4653 2859 4687 ι
2894 4634 2971 4689 lta
3006 4632 3180 4690 Plato.
3216 4633 3389 4701 Quem

1804 4737 1930 4780 ante
1946 4725 2060 4796 jam
2082 4724 2296 4797 Moyses
2316 4735 2694 4797 occupaverat,
2712 4741 2837 4782 cum
2861 4726 3258 4792 sacerdotibus,
3280 4742 3393 4797 quo

1804 4826 2048 4887 tempore
2096 4816 2271 4872 sacris
2299 4816 2640 4886 operandum
2677 4824 2816 4883 erat,
2847 4818 2978 4872 vino
3021 4816 3387 4883 interdiceret,

1805 4907 1893 4963 bis
1913 4907 2130 4962 verbis:
2165 4926 2186 4958 ι
2220 4905 2366 4963 Dixit
2398 4922 2620 4977 quoque
2643 4905 2913 4963 Dominus
2948 4906 3016 4962 ad
3041 4906 3264 4962 Aaron:
3291 4905 3391 4962 Vi-

1803 5017 1936 5057 num
1966 5013 2021 5058 et
2038 5016 2200 5059 omne
2227 5002 2374 5074 quod
2414 5002 2687 5058 inebriare
2714 5009 2910 5071 potest,
2939 5016 3051 5058 non
3080 5002 3296 5067 bibetis,
3328 5010 3390 5059 tu

1803 5102 1859 5151 et
1902 5093 1998 5148 ﬁlii
2024 5095 2104 5149 tui
2145 5101 2346 5159 tecum,
2377 5093 2599 5165 quando
2632 5093 2850 5150 intratis
2881 5093 2937 5148 in
2970 5093 3387 5150 tabernaculum

1803 5187 2122 5253 testimonii,
2156 5196 2252 5243 aut
2279 5203 2407 5244 eum
2449 5187 2711 5244 acceditis
2739 5186 2805 5243 ad
2847 5187 3039 5253 altare,
3080 5201 3150 5241 ne
3184 5188 3390 5242 moria-

1802 5279 1937 5335 miui
1969 5296 1982 5334 :
2017 5278 2320 5349 legitimum
2364 5279 2757 5349 sempiternum
2787 5280 2844 5334 in
2885 5278 3266 5350 generationes
3296 5292 3388 5332 ve-

1802 5379 1947 5428 stras
1975 5371 2040 5424 “.
2085 5390 2106 5424 ι
2155 5370 2300 5426 idem
2348 5370 2482 5427 viris
2531 5372 2737 5441 pariter
2777 5385 2844 5425 ac
2891 5368 3210 5424 mulieribus
3256 5374 3413 5421 vota'

1800 5464 2267 5537 nuncupantibus,
2286 5464 2428 5520 lianc
2457 5464 2627 5536 legem
2654 5461 2786 5518 dicit
2807 5478 2821 5515 :
2852 5480 2870 5512 ι
2891 5458 3008 5527 Vir,
3029 5459 3143 5516 sive
3163 5457 3384 5524 mulier,

1872 5644 1983 5716 (35)
2023 5642 2283 5716 Μελέτη.
2335 5642 2411 5696 ita
2441 5641 2888 5716 reposuimusex
2915 5652 3220 5705 manuscr.,
3253 5635 3383 5694 licet

1800 5710 2130 5784 etiiun'apuil
2156 5710 2434 5784 Platonem
2468 5710 2697 5784 μελέτης
2736 5710 3048 5767 haberetur.

1872 5785 1986 5859 ('56)
2026 5779 2200 5855 Plato,
2231 5780 2268 5857 ἦ
2306 5783 2348 5837 δ’
2379 5779 2440 5838 οἵ)
2469 5779 2601 5838 τινι.
