3826 6232
448 263 553 324 995

1115 261 1386 321 EUSEBII
1418 260 1906 320 CIESARIENSIS
1943 259 2097 317 OPP.
2133 259 2316 316 PARS
2354 259 2419 317 ll.
2462 291 2531 303 —
2563 260 3066 319 APOLOGETICA.

3599 267 3694 324 996

446 400 573 441 cum
597 400 851 458 magnum
875 384 1004 440 illud
1025 392 1210 439 votum
1237 384 1465 440 fecerint
1485 399 1607 439 sese
1629 383 1861 439 Domino
1882 398 2009 440 con-

2136 381 2215 435 ῐνα
2251 381 2326 454 μὴ
2355 383 2570 448 πιόντες
2604 383 2969 438 ἐπιλάθωνται
2989 382 3091 455 τῆς
3119 381 3312 454 σοφίας
3338 386 3434 440 καὶ
3478 385 3586 441 τῶν
3611 388 3702 441 τιό-

444 475 716 541 secrandi,
740 492 771 531 a
796 477 924 530 vino
947 485 1000 531 et
1023 477 1172 530 omni
1199 476 1345 546 quod
1386 475 1655 530 inebriare
1681 482 1859 545 potest
1891 474 2023 530 abs-

443 569 730 636 tinebunt;
779 578 834 624 et
867 577 1080 625 acetum
1123 583 1192 623 ex
1227 569 1380 632 vino,
1427 577 1483 623 et
1525 582 1596 623 ex
1637 568 1878 638 qualibet
1917 567 2025 622 alia

441 659 686 728 potione,
710 672 820 729 qua
851 656 1108 712 inebriari
1133 658 1258 728 quis
1285 665 1483 727 potest,
1507 671 1618 712 non
1655 656 1874 712 hibetur
1896 656 1961 712 “.
1997 674 2017 709 ι

2126 493 2252 531 νων.
2292 494 2312 526 ι
2343 475 2454 529 Kal.
2480 477 2510 530 ό
2555 477 2878 542 Ἀπόστολος
2907 477 2966 532 δὲ
3003 476 3176 532 νόσων
3221 477 3385 532 ἕνεκα
3425 480 3700 550 ἐπιτρέπει

2126 566 2396 638 Τιμοθέῳ,
2433 567 2639 637 λέγων’
2689 587 2708 621 ι
2753 569 2950 642 Ὀλίγῳ
2997 568 3128 641 οῐνῳ
3178 569 3294 642 χρῶ
3329 569 3418 624 διὰ
3455 571 3551 626 τὸν
3589 573 3677 626 στό

2128 659 2301 731 μαχόν
2328 677 2422 714 σου
2450 661 2546 715 καὶ
2573 660 2671 726 τὰς
2701 662 2916 727 πυκνάς
2949 679 3042 716 σου
3065 662 3372 728 ἀσθενείας.

447 748 706 803 Salomon
751 762 972 818 quoque
1015 747 1288 818 principes
1336 745 1502 802 simul
1543 754 1599 802 et
1641 746 1854 816 iudices
1896 746 2024 801 vino
2060 748 2336 806 abstinere
2374 751 2550 822 jubet,
2597 753 2729 807 dum
2769 753 2848 808 ait
2889 772 2904 808 :
2953 770 2973 805 ι
3023 750 3218 808 Omnia
3259 769 3382 809 cum
3424 754 3703 824 prudentia

444 843 566 906 fac,
614 849 669 896 et
706 857 832 897 cum
877 840 1160 911 prudentia
1213 842 1401 894 vinum
1455 839 1600 894 bibe.
1657 837 1922 896 Proceres
1959 841 2206 898 iracundi
2252 851 2401 908 sunt,
2460 843 2652 898 vinum
2696 843 2737 898 ii
2792 859 2861 898 ne
2903 843 3112 911 bibant,
3177 860 3248 900 ne
3289 845 3535 902 bibentes
3575 847 3705 902 obli-

442 935 722 990 viscantur
781 929 1060 1001 sapientiae
1112 937 1165 984 et
1207 930 1452 984 laborum
1492 929 1564 980 ⁸⁸.
1643 947 1665 981 ι
1723 927 1868 995 Quin
1905 930 2073 985 etiam
2110 932 2408 1000 Apostolus
2455 931 2776 999 Timotheo,
2826 935 3142 990 morborum
3192 950 3392 1000 causa,
3462 939 3591 993 vino
3629 923 3703 994 uti

441 1029 762 1102 permittens
792 1046 806 1081 ε
851 1046 869 1079 ι
902 1025 1137 1092 Modico,
1170 1025 1380 1095 inquit,
1409 1025 1538 1080 vino
1583 1032 1773 1090 utere,
1803 1033 2025 1096 propter
2062 1029 2409 1084 stomachum
2439 1038 2592 1086 tuum
2624 1029 2694 1094 ⁸⁷,
2719 1040 2774 1085 et
2799 1029 3114 1101 frequentes
3141 1043 3264 1088 tuas
3289 1033 3650 1091 infirmitates.
3681 1055 3701 1088 ι

1006 1118 1236 1175 CAPUT
1273 1117 1465 1172 XXVI.

444 1209 528 1265 Nc
559 1210 840 1267 Platonem
867 1192 1077 1281 quidem
1111 1211 1284 1281 ipsum
1312 1212 1602 1281 ignorasse,
1629 1193 1748 1279 quo:
1787 1209 1880 1264 abs
1909 1226 2021 1266 sese

513 1281 648 1353 leges
696 1278 1074 1346 conderentur,
1126 1278 1194 1334 iis
1237 1278 1490 1334 barbaros
1529 1278 1787 1350 quoadam
1823 1282 1934 1334 suis
1967 1283 2021 1335 in

513 1354 662 1407 rebus
690 1354 914 1423 publicis
943 1354 1131 1406 vivere.

517 1463 536 1495 ι
577 1441 809 1508 Utrum,
861 1444 1075 1514 inquit,
1122 1443 1256 1498 viris
1290 1443 1344 1497 in
1381 1443 1724 1514 philosophia
1758 1444 2020 1500 versatis-

440 1533 596 1590 simis
628 1535 976 1590 instituenda
999 1534 1311 1604 reipublicae
1337 1533 1660 1598 necessitas,
1691 1542 1786 1588 aut
1813 1534 2018 1589 ultimis

437 1625 546 1680 illis
573 1626 1086 1696 antiquissimisque
1117 1625 1454 1695 temporibus
1486 1623 1671 1690 fuerit,
1705 1632 1801 1680 aut
1828 1626 2018 1680 hodie-

435 1733 542 1787 que
574 1719 645 1772 sit
674 1719 816 1788 apud
858 1718 1153 1774 barbarum
1201 1717 1438 1787 aliquem
1488 1718 1774 1788 populum,
1809 1725 1865 1772 et
1897 1718 2018 1772 lon-

433 1812 656 1880 gissime
684 1803 890 1868 nostris
940 1812 1008 1866 ab
1047 1811 1220 1865 oculis
1254 1817 1662 1879 conspectuque
1713 1819 2014 1873 semotum,

435 1914 529 1957 aut
558 1905 724 1960 etiam
769 1904 954 1959 futura
991 1904 1063 1959 sit
1094 1902 1390 1972 aliquando
1424 1918 1437 1954 :
1485 1901 1576 1955 hic
1609 1916 1736 1956 vero
1785 1908 2014 1955 conten-

434 1995 565 2050 tiosi
607 1996 906 2052 admodum
952 2010 1074 2051 esse
1116 1995 1376 2057 nolimus,
1413 2001 1473 2046 ut
1523 2003 1694 2063 genus
1721 1993 1886 2064 000
1913 1994 2016 2048 hoc

433 2089 648 2158 reipub.
696 2098 749 2144 et
801 2089 1077 2144 exstitisse
1104 2087 1216 2156 jam
1257 2086 1408 2149 olim,
1436 2094 1490 2140 et
1531 2087 1832 2141 etiamnum
1867 2085 2016 2140 exsi-

433 2190 598 2244 stere,
633 2189 748 2234 tum
777 2189 926 2236 certe
944 2179 1202 2234 futurum
1233 2193 1368 2263 esse
1396 2193 1702 2248 pugnemus
1731 2192 1856 2231 cum
1899 2177 2005 2231 rci-

2629 1125 3026 1178 ΚΕΦΑΛΔΙΟΝ
3056 1128 3204 1195 κεῖν.

2129 1218 2251 1271 Ὅτι
2274 1219 2386 1271 οὐκ
2415 1216 2620 1285 ἠγνόει
2647 1219 2680 1289 ό
2717 1215 2984 1289 Πλάτων,
3009 1217 3085 1289 τὰ
3111 1218 3214 1272 ὑπ’
3247 1219 3434 1273 αὐτοῦ
3467 1223 3705 1289 νομοθε-

2219 1289 2480 1358 τούμενα
2505 1285 2667 1356 παρά
2688 1300 2812 1341 τισι
2829 1288 3156 1358 βαρϐάροις
3181 1285 3624 1347 πολιτεύεσθαι.

2198 1463 2217 1495 ι
2250 1445 2313 1497 El
2341 1444 2518 1512 τρίνυν
2553 1444 2664 1515 (57)
2693 1445 2882 1516 ἄκροις
2905 1445 2986 1509 είς
3025 1445 3344 1516 φιλοσοφίαν
3391 1447 3599 1513 πόλεώς
3625 1466 3706 1511 τις

2119 1538 2333 1609 ἀνάγκη
2359 1537 2796 1609 ἐπιμεληθῆναι,
2833 1539 2867 1610 ἢ
2902 1539 3124 1608 γέγονεν
3161 1541 3222 1594 ἐν
3252 1540 3330 1612 τῷ
3379 1541 3594 1612 ἀπείρῳ
3633 1543 3705 1612 τῷ

2120 1627 2520 1699 παρεληλυθότι
2546 1627 2744 1698 χρόνῳ,
2769 1627 2802 1699 ἦ
2837 1629 2932 1682 καὶ
2960 1629 3056 1684 νῦν
3082 1632 3232 1684 ἐστιν
3263 1630 3323 1684 ἔν
3353 1649 3459 1685 τινι
3507 1631 3705 1704 βαρϐα-

2125 1713 2262 1785 ρικῷ
2299 1715 2468 1786 τόπῳ,
2508 1717 2700 1788 πόρρω
2750 1735 2854 1771 που
2902 1719 3061 1784 ἐκτὸς
3123 1721 3239 1774 ὄντι
3290 1721 3393 1793 τῆς
3433 1723 3707 1793 ἡμετέρας

2119 1804 2316 1874 ὅψεως,
2357 1805 2390 1876 ἢ
2438 1805 2534 1858 καὶ
2563 1805 2751 1860 ἔπειτα
2787 1810 3077 1880 γενήσεται
3103 1825 3117 1838 ·
3164 1811 3295 1883 περὶ
3335 1811 3528 1864 τούτου
3571 1811 3705 1864 ἐτοι-

2127 1915 2218 1969 μοι
2246 1896 2360 1968 (58)
2385 1897 2465 1969 τῷ
2501 1897 2643 1969 λόγῳ
2665 1899 3041 1971 ’διαμάχεσθαι
3063 1943 3079 1968 ,
3130 1902 3208 1967 ὡς
3240 1903 3465 1972 γέγονεν
3487 1907 3521 1975 ἡ
3561 1906 3708 1976 είρη·

2124 1989 2259 2061 μένη
2295 1989 2560 2055 πολιτεία,
2593 1991 2687 2044 καὶ
2708 1990 2846 2054 ἔστι,
2873 1993 2967 2045 καὶ
2995 1993 3284 2063 γενήσεταί
3311 2011 3398 2062 γε,
3421 1981 3552 2048 ὅταν
3573 1993 3708 2065 αὑτὴ

2116 2085 2150 2153 ἡ
2182 2081 2375 2136 Μοῦσα
2409 2083 2619 2146 πόλεως
2651 2084 2928 2155 ἐγκρατὴς
2954 2087 3200 2156 γένηται.
3248 2089 3317 2140 Ἀ
3357 2086 3470 2159 γὰρ
3519 2087 3710 2142 ἀδύνα-

2120 2192 2211 2229 τον
2244 2173 2354 2245 (59)
2379 2175 2655 2242 γενέσθαι,
2674 2176 2782 2229 οὐδ’
2811 2179 2971 2249 ἡμεῖς
2997 2179 3236 2234 ἀδύνατα
3256 2179 3509 2250 λέγομεν.
3545 2197 3566 2232 ι

434 2275 670 2346 publica:
715 2272 1081 2342 principatum
1111 2271 1226 2340 ipsa
1277 2271 1382 2326 sibi
1426 2271 1578 2326 Musa
1607 2269 1916 2324 vindicarit.
1957 2268 2095 2323 Nam
2134 2283 2257 2323 uuae
2294 2267 2412 2321 ﬁeri
2436 2282 2533 2338 per
2562 2282 2685 2324 sese
2712 2278 2964 2338 possunt,
2995 2273 3184 2326 eadem
3223 2285 3344 2327 esse
3369 2286 3536 2342 posse
3569 2287 3707 2328 nun-

432 2382 597 2438 quam
626 2365 966 2436 negabimus.
999 2382 1018 2415 ι

979 2457 1210 2516 CAPUT
1247 2456 1461 2512 XXVII.

429 2554 639 2610 Bellum
664 2553 938 2607 nobiscum
977 2567 1088 2606 esse
1127 2550 1275 2604 nobis
1289 2590 1310 2614 ,
1341 2560 1391 2603 et
1419 2565 1538 2604 cum
1569 2548 1766 2602 nostris
1799 2546 2010 2617 cupidi-

657 2627 851 2678 tatibus
879 2640 941 2676 ac
973 2620 1464 2692 perturbationibus
1493 2620 1797 2690 gerendum.

505 2735 524 2766 ι
560 2716 708 2770 Idem
754 2722 959 2780 autem,
1007 2712 1216 2782 inquit,
1261 2727 1393 2766 num
1433 2710 1596 2766 etiam
1642 2711 1710 2764 de
1763 2723 1823 2764 se
1869 2709 2010 2778 ipso,

430 2817 690 2877 tanquam
722 2806 789 2860 de
831 2805 990 2859 hoste
1024 2803 1265 2874 cogitare
1299 2801 1496 2867 debet,
1535 2817 1603 2856 an
1650 2799 1844 2856 secus?
1868 2828 1938 2839 —
1967 2797 2013 2854 Ο

430 2903 631 2970 hospes
671 2896 1023 2953 Atheniensis
1057 2895 1181 2964 (nec
1224 2895 1370 2950 enim
1404 2893 1645 2948 Atticum
1680 2902 1732 2948 te
1756 2893 2010 2957 dixerim,

427 2994 573 3063 quod
609 2990 744 3045 mihi
791 2996 1156 3060 cognomento
1202 3003 1270 3042 ex
1319 2985 1412 3041 Dei
1466 2986 1687 3040 nomine
1729 2985 1894 3055 petito
1927 2985 2011 3038 di-

2639 2453 3040 2508 ΚΕΦΑΛΑΙΟΝ
3066 2454 3194 2507 KZ'.

2121 2543 2250 2599 Ὀτι
2272 2546 2537 2616 πόλεμος
2562 2545 2707 2615 ἡμῖν
2725 2545 2856 2600 ἐστι
2877 2545 3026 2614 πρὸς
3048 2543 3207 2614 ’ἡμᾶς
3243 2545 3468 2614 αὐτοὺς
3513 2547 3612 2604 καὶ
3636 2548 3708 2603 τὰ

2700 2616 2769 2670 ἐν
2793 2616 2937 2685 ἡμῖν
2957 2615 3138 2684 πάθη.

2193 2721 2212 2755 ι
2244 2703 2405 2775 Αὐτῷ
2437 2704 2496 2758 δὲ
2526 2703 2637 2777 (40)
2671 2705 2811 2777 πρὸς
2843 2705 3035 2760 ἐαυτὸν
3083 2705 3316 2779 πότερον
3356 2707 3434 2770 ὡς
3463 2707 3708 2782 πολεμίῳ

2112 2795 2251 2867 πρὸς
2279 2795 2537 2868 πολέμιον
2565 2797 2898 2868 διανοητέον,
2937 2797 2972 2868 ἢ
2997 2797 3114 2861 πῶς
3142 2798 3224 2852 ἔτι
3251 2799 3520 2870 λέγομεν;
3553 2797 3707 2854 -Ὧ

2113 2887 2230 2954 ξένε
2298 2887 2570 2962 Ἀθηναῖε,
2623 2889 2712 2962 (οὐ
2759 2891 2869 2963 γάρ
2917 2908 2977 2944 σε
3047 2893 3291 2948 Ἀττικὸν
3348 2892 3587 2964 ἐθέλοιμ’
3640 2895 3706 2948 ἂν

2114 2982 2544 3054 προσαγορεύειν
2562 2999 2575 3012 ·
2609 2983 2788 3047 δοκεῖς
2810 2985 2919 3055 γάρ
2943 3001 3034 3056 μοι
3073 2985 3176 3056 τῆς
3223 2984 3358 3039 Θεοῦ
3387 2987 3706 3058 ἐπωνυμίας

430 3083 590 3156 gnior
637 3081 942 3152 videaris),
986 3079 1174 3150 utique
1219 3078 1642 3148 disputationem
1693 3077 1838 3132 hanc
1878 3076 2007 3131 dum

2136 3074 2264 3140 ἱξιος
2297 3071 2437 3152 εἶναι
2487 3075 2687 3147 μᾶλλον
2709 3075 3221 3151 ἐπονομάζεσθαι
3264 3079 3357 3132 τὸν
3394 3079 3507 3150 γὰρ
3552 3080 3706 3149 λόγον

429 3177 708 3246 sapienter
741 3173 809 3228 ad
850 3173 1182 3243 principium
1227 3170 1408 3241 ipsum
1443 3185 1704 3236 revocas,
1747 3171 2012 3224 illustrio-

430 3287 548 3327 rem
582 3269 770 3326 efﬁcis.
802 3267 878 3324 Ita
908 3269 1126 3323 facilius
1151 3268 1318 3323 etiam
1349 3268 1637 3338 intelliges,
1669 3283 1836 3337 quam
1865 3277 2014 3323 recte

428 3365 635 3420 dictum
669 3380 702 3418 a
729 3363 889 3418 nobis
916 3361 1083 3432 paulo
1107 3369 1236 3417 ante
1268 3359 1454 3424 fuerit,
1481 3377 1606 3415 cum
1645 3360 1861 3429 publice
1888 3362 2015 3414 uni-

426 3454 602 3509 versis
635 3453 944 3516 universos,
979 3461 1096 3506 tum
1125 3451 1228 3507 sibi
1263 3451 1519 3521 privatim
1556 3464 1622 3505 ac
1653 3450 1872 3520 proprie
1897 3451 2014 3506 sin-

428 3544 587 3614 gulos
616 3542 805 3598 hostes
842 3551 1006 3612 atque
1054 3541 1284 3597 infestos
1327 3556 1469 3597 esse.
1501 3572 1573 3582 —
1598 3540 1731 3607 Qum
1760 3549 1852 3596 tua
1895 3541 2014 3598 haec

426 3637 604 3690 oratio
628 3645 730 3703 est,
761 3635 845 3690 vir
875 3634 1149 3690 maxime?
1171 3665 1244 3675 -—
1272 3633 1388 3690 Hoc
1411 3635 1466 3689 in
1491 3635 1655 3700 bello,
1683 3635 1760 3690 mi
1789 3636 2010 3704 hospes,

424 3731 506 3784 uti
549 3745 607 3785 se
651 3729 830 3800 ipsum
865 3728 1118 3793 vincere,
1148 3728 1507 3784 victoriarum
1557 3728 1806 3783 omnium
1856 3727 2011 3798 prin-

424 3837 552 3891 ceps
579 3831 740 3891 atque
771 3821 978 3891 optima
1007 3829 1091 3875 est
1123 3836 1136 3871 :
1173 3819 1253 3874 sic
1276 3835 1306 3873 a
1330 3835 1388 3874 se
1419 3819 1540 3890 ipso
1569 3817 1736 3883 vinci,
1763 3818 2010 3872 omnium

423 3914 584 3984 longe
635 3913 1016 3985 turpissimum
1084 3927 1150 3968 ac
1196 3912 1495 3981 pessimum
1546 3910 1729 3967 fuerit.
1799 3910 2012 3980 Quippe

425 4023 596 4077 genus
623 4006 728 4062 hoc
760 4005 1048 4070 orationis,
1080 4019 1243 4060 suum
1274 4002 1474 4072 cuique
1507 4012 1785 4069 nostrum,
1817 4015 1883 4056 ac
1914 4015 2005 4056 se—

424 4113 551 4153 cum
599 4098 719 4168 ipso
754 4096 950 4151 bellum
983 4097 1256 4166 quoddam
1307 4095 1627 4150 intestinum
1675 4107 1796 4149 esse
1837 4092 2009 4162 signi-

423 4189 602 4245 ﬁcat.»
630 4187 770 4242 Tum
795 4189 918 4243 aliis
950 4188 1226 4258 plerisque
1259 4187 1581 4257 interjectis,
1613 4185 1688 4239 ita
1717 4183 2009 4254 prosequi-

423 4291 532 4337 tur.
554 4300 574 4334 ι
599 4281 739 4336 Num
765 4281 931 4351 igitur
956 4289 1205 4336 nostrum
1241 4279 1538 4350 quemlibet
1565 4293 1736 4334 unum
1764 4277 2007 4347 aliquem

423 4390 547 4430 esse
589 4373 920 4430 statuimus?
948 4403 1018 4413 -—
1050 4370 1272 4443 Utique.
1305 4401 1375 4412 -——
1409 4370 1516 4426 Sed
1569 4370 1643 4424 ita
1698 4384 1869 4424 unum
1893 4411 1908 4435 ,
1947 4379 2008 4425 ut

2117 3168 2205 3220 ἐπ’
2233 3168 2411 3239 ἀρχὴν
2449 3167 2626 3240 ὀρθῶς
2657 3167 2984 3238 ἀναγαγὼν,
3031 3171 3364 3242 σαφέστερον
3406 3172 3700 3244 ἐποίησας·

2115 3262 2257 3316 ὥστε
2316 3263 2446 3332 ῥᾷον
2475 3261 2542 3316 ἂν
2583 3261 2841 3334 εὑρήσεις
2872 3263 3009 3334 (41),
3038 3267 3121 3319 ὅτι
3153 3264 3248 3319 νῦν
3283 3265 3348 3338 δὴ
3405 3267 3590 3339 ὀρθῶς
3618 3270 3705 3339 ὑφ’

2119 3353 2280 3425 ἡμῶν
2303 3352 2504 3425 ἐρρέθη
2537 3353 2600 3406 τὸ
2637 3353 2927 3426 πολεμίους
2955 3352 3098 3411 εἶναι
3128 3358 3337 3422 πάντας
3369 3360 3507 3412 πᾶσι
3539 3361 3708 3432 δημο-

2117 3449 2208 3520 σίᾳ
2239 3465 2300 3501 τε
2335 3447 2431 3501 καὶ
2457 3447 2567 3518 ἰδίᾳ
2579 3449 2840 3513 ἑκάστους
2866 3451 3062 3514 αὐτοὺς
3090 3449 3273 3519 σφίσιν
3299 3453 3709 3517 αὑτοῖς.-Πῶς

2114 3540 2363 3612 εἴρηκας,
2397 3531 2444 3591 ὦ
2469 3537 3188 3609 θαυμάσιε;-Κάνταῦθα,
3221 3536 3268 3596 ὧ
3289 3542 3433 3610 ξένε,
3463 3544 3528 3597 τὺ
3554 3548 3706 3615 νικᾷν

2113 3632 2275 3686 αὐτὸν
2305 3629 2497 3683 ἑαυτὸν
2530 3630 2719 3684 πασῶν
2749 3633 2914 3686 νικῶν
2940 3633 3130 3706 πρώτη
3171 3652 3231 3688 τε
3274 3636 3371 3689 καὶ
3405 3637 3608 3709 ἀρίστη
3646 3636 3708 3690 τὺ

2111 3723 2169 3776 δὲ
2207 3719 2470 3794 ἡττᾶσθαι
2509 3720 2671 3775 αὐτὸν
2695 3722 2786 3792 ὑφ’
2814 3724 3010 3779 ἐαυτοῦ
3039 3725 3257 3780 πάντων
3305 3728 3591 3798 αἴσχιστόν
3647 3746 3704 3782 τε

2112 3816 2231 3886 ἅμα
2258 3817 2353 3870 καὶ
2383 3811 2662 3867 κάκιστον.
2696 3815 2880 3869 Ταῦτα
2928 3817 3059 3890 γὰρ,
3083 3819 3159 3883 ὡς
3187 3819 3428 3890 πολέμου
3473 3822 3533 3873 ἐν
3573 3823 3703 3874 ἐκά-

2115 3923 2260 3972 στοις
2291 3911 2447 3981 ήμῶν
2469 3910 2620 3970 ὄντος
2645 3906 2781 3977 πρὸς
2809 3909 2955 3979 ἡμᾶς
2983 3910 3201 3973 αὐτοὺς,
3233 3910 3515 3982 σημαίνει.
3555 3931 3575 3963 ι
3599 3912 3705 3965 Καὶ

2115 3999 2234 4070 μεθ’
2298 4002 2461 4075 ἕτερα
2536 4003 2746 4068 τούτοις
2806 4001 3130 4074 προστίθησι
3151 4001 3363 4070 λέγων·
3424 4022 3445 4055 ι
3493 4003 3703 4059 Οὐκοῦν

2109 4091 2207 4145 ἐνα
2241 4092 2352 4164 (42)
2395 4094 2493 4165 μὲν
2533 4096 2690 4168 ἡμῶν
2719 4095 2950 4148 ἕκαστον
2972 4093 3135 4147 αὐτὸν
3165 4093 3407 4164 τιθῶμεν
3431 4111 3448 4160 ;
3476 4125 3550 4134 —
3574 4096 3700 4150 Ναί.

2109 4184 2298 4238 -Δύο
2325 4186 2381 4238 δὲ
2397 4187 2734 4259 κεκτημένον
2767 4190 2825 4242 ἐν
2853 4186 3003 4257 αὐτῷ
3042 4185 3352 4258 ξυμϐούλω,
3391 4189 3624 4241 ἐναντίω
3645 4205 3703 4240 τε

2110 4277 2205 4331 καὶ
2231 4277 2454 4348 ἄφρονε,
2487 4279 2532 4333 ὣ
2563 4277 3042 4350 προσαγορεύομεν
3065 4278 3261 4349 ἡδονὴν
3291 4279 3388 4331 καὶ
3419 4278 3604 4349 λύπην
3617 4297 3704 4344 ;-

2115 4372 2269 4424 Ἐστι
2296 4372 2730 4444 ταῦτα.-Πρὺς
2755 4372 2812 4424 δὲ
2836 4371 3048 4424 τούτοιν
3081 4372 3285 4442 ἀμφοῖν
3303 4365 3372 4425 αὖ
3399 4370 3564 4436 δόξας
3591 4371 3705 4442 μελο

423 4468 564 4524 duos
605 4467 747 4538 apud
795 4482 854 4523 se
885 4466 1231 4522 consiliarios
1275 4464 1475 4519 habeat
1510 4463 1898 4518 dissentientes
1939 4477 2004 4518 ac

2136 4462 2333 4525 όντων,
2367 4456 2448 4515 οἷν
2479 4462 2659 4516 κοινὸν
2699 4461 2798 4532 μὲν
2827 4461 2997 4533 ὄνομα
3027 4461 3202 4525 ἐλπὶς,
3259 4461 3390 4515 ἴδιον
3445 4461 3505 4515 δέ
3540 4462 3705 4532 φόϐος

423 4557 673 4623 stolidos,
709 4557 905 4628 quibus
931 4556 1227 4626 voluptatis
1252 4563 1307 4609 et
1333 4554 1540 4610 doloris
1569 4569 1772 4607 nomen
1801 4552 2002 4608 tribui-

421 4665 568 4706 mus.
591 4680 661 4690 —
692 4650 783 4705 Sic
811 4657 914 4705 est.
939 4679 1012 4691 —
1035 4645 1264 4718 Utrique
1295 4663 1477 4702 rerum
1504 4647 1668 4703 etiam
1697 4645 2000 4702 futurarum

2115 4550 2237 4621 μὲν,
2271 4553 2304 4621 ἡ
2333 4551 2438 4621 πρὸ
2455 4551 2632 4624 λύπης
2654 4552 2830 4616 ἐλπὶς,
2854 4553 3054 4625 θάρρος
3079 4553 3136 4605 δὲ
3184 4555 3219 4622 ἡ
3262 4553 3370 4624 πρὸ
3405 4553 3505 4608 τοῦ
3546 4556 3703 4608 ἐναν-

2110 4644 2247 4696 τίου.
2292 4644 2415 4697 Ἐπὶ
2442 4644 2498 4698 δὲ
2525 4646 2659 4699 πᾶσι
2678 4644 2884 4708 τούτοις
2913 4643 3171 4716 λογισμὸς
3193 4646 3222 4699 ὃ
3255 4663 3308 4698 τι
3361 4647 3482 4700 ποτ’
3523 4647 3707 4701 αὐτῶν

496 4773 546 4805 ⁸⁸
568 4769 729 4827 Num.
759 4785 836 4837 vr,
894 4768 950 4834 2,
981 4767 1036 4823 '5.
1114 4767 1159 4798 ⁸⁸
1193 4764 1350 4822 Prov.
1381 4781 1463 4829 ιιι,
1503 4764 1565 4832 7;
1597 4781 1750 4829 χιιι,
1771 4764 1824 4818 4.
1903 4765 1947 4796 ⁸⁷
1979 4762 1998 4818 l

2136 4780 2177 4817 ι.
2210 4779 2265 4828 v,
2291 4763 2381 4817 25.

496 4889 609 4961 (57)
646 4889 719 4942 Et
747 4887 976 4961 τοίνυν.
1019 4883 1174 4940 Exile
1213 4884 1318 4938 hoc
1354 4880 1718 4952 fragmentum
1762 4897 1871 4937 non
1910 4896 1999 4938 re-

421 4958 575 5032 peri,
590 4958 692 5032 nec
717 4958 850 5012 tanti
875 4965 978 5032 est.

495 5021 609 5102 (38)
650 5029 935 5104 Ἔτοιμοι.
970 5023 1376 5104 Ρτωιηὶιῑοηᾴε,
1428 5023 1612 5104 credo,
1644 5021 1876 5102 negatio
1892 5031 1997 5104 est,

425 5094 664 5170 itemque
699 5094 1045 5170 paulo_post,
1092 5103 1216 5170 ante
1251 5094 1501 5170 γέγονενς
1537 5094 1630 5147 vix
1675 5094 1821 5147 enim
1862 5095 1999 5147 mihi

461 5163 790 5226 ersuasefim
814 5210 830 5234 ,
859 5163 1138 5240 Platonem
1175 5166 1277 5240 hoc
1305 5163 1598 5240 admodum
1630 5177 1875 5240 pugnare
1903 5178 2000 5216 vo-

461 5187 790 5226 ersuasenm
814 5210 830 5234 ,
863 5187 1138 5222 “amnem
1175 5187 1277 5220 Hoc
1305 5187 1598 5219 aumouum
1633 5187 1875 5233 pugnare
1906 5187 1998 5216 vu-

422 5187 627 5305 ?uisse,
656 5255 828 5310 genus
859 5237 992 5292 illud
1023 5237 1159 5306 reip.
1199 5235 1311 5305 jam
1366 5234 1496 5310 olim
1544 5231 1685 5288 inter
1732 5233 1998 5290 barbaros

421 5304 701 5368 exstitisse
729 5326 743 5361 :
776 5310 910 5364 satis
935 5316 1039 5371 est,
1072 5304 1122 5360 si
1151 5304 1350 5377 negare
1377 5304 1566 5377 nollet.

495 5383 608 5454 (59)
657 5379 1007 5454 Ἀδύνατον.-
1046 5373 1254 5454 Sensus
1304 5374 1529 5430 omnino
1558 5373 1797 5444 postulat
1836 5373 1996 5427 δυνα-

421 5447 513 5507 τόν
538 5493 553 5517 ,
582 5447 754 5520 eaque
779 5465 935 5520 mens
965 5447 1213 5503 Eusebii.

493 5514 605 5592 (ιο)
645 5514 940 5592 Ᾱύτῷ-δέ.
990 5520 1162 5592 Plato,
1210 5515 1307 5592 lib.
1335 5515 1538 5592 t__Leg._,
1573 5530 1697 5592 pag.
1747 5514 1872 5578 565,
1909 5514 1991 5592 ρ.

425 5584 798 5673 Po'rrélocum
824 5590 970 5672 hunc
994 5588 1311 5673 insinuabat
1343 5584 1700 5673 Thginistius,
1731 5585 1992 5673 (ιι-Ξιηιθ,

423 5677 548 5731 pag.
579 5661 685 5716 229
703 5700 720 5730 _,
766 5676 889 5715 cum
929 5661 1005 5714 ita
1053 5662 1371 5727 loqueretur
1395 5675 1408 5709 :
1437 5656 1548 5708 Kal
1573 5655 1736 5739 τοῦτο
1762 5654 1854 5707 οὖν
1883 5654 1994 5722 ἐγὼ

423 5731 706 5795 Πλάτωνος
735 5728 1026 5801 θαυμάζω,
1059 5729 1153 5784 καὶ
1182 5727 1262 5782 ἔτι
1293 5726 1525 5798 μᾶλλον,
1570 5727 1698 5780 ὁταν
1717 5724 1990 5801 διδάσκῃ,

2108 4880 2458 4954 ὅτιᾉπολέμου
2501 4880 3172 4954 καὶλεὶρήνηςησπέρματμα
3213 4881 3272 4954 ἐν
3303 4881 3514 4954 ἑκάστῃ
3557 4882 3705 4952 ψυχῇ

2107 4951 2324 5038 πρῶτόν
2349 4946 2485 5038 ἐστι.
2514 4946 2933 5038 ligas-114'?!“
2949 4946 3184 5038 ganea;
3194 4952 3413 5038 ,ἑαυτὸν
3444 4946 3604 5038 ἄξειν
3631 4946 3707 5006 ei:

2181 5039 2298 5092 νην,
2347 5015 2502 5093 οὗτος
2528 5018 2643 5093 οἷός
2669 5039 2728 5074 τε
2754 5022 2848 5093 καὶ
2871 5020 3006 5092 πρὸς
3034 5015 3159 5093 τοὺς
3192 5021 3394 5086 ἔξωθεν
3424 5015 3706 5093 πολέμους

2145 5040 2298 5094 ηνην,
2347 5040 2502 5084 ουτος
2531 5040 2643 5086 οιος
2669 5040 2728 5074 τε
2754 5040 2848 5074 και
2871 5040 3006 5092 προς
3034 5040 3159 5084 τους
3192 5040 3394 5086 εςωυεν
3424 5040 3562 5075 πολε
3573 5040 3705 5093 μους

2103 5040 2314 5164 {malim
2341 5091 2824 5164 πολεμίους,ῃιιίό
2844 5093 2987 5146 enim
3018 5101 3101 5164 est
3123 5092 3279 5164 ἄγειν
3306 5093 3539 5164 εἰρήνην
3567 5094 3705 5164 πρὸς

2100 5155 2192 5216 τὸν
2224 5155 2528 5233 πόλεμονξ)
2571 5155 2993 5233 ᾧλδὲξᾲδύνατος
3023 5163 3056 5231 ἡ
3085 5155 3449 5233 magna»
3485 5155 3703 5232 ἐκεχει-

2104 5233 2197 5306 ρία
2216 5271 2231 5296 ,
2267 5225 2429 5306 σχολῇ
2462 5225 2674 5306 itif-av
2695 5225 2850 5306 οὗτος
2875 5231 2974 5294 τὰς
3165 5225 3437 5306 ἀλλήλους
3463 5225 3702 5306 σπονδὰς

2103 5297 2460 5376 ἀγαπάσειέν.
2500 5297 2654 5376 Ῑξζναι
2685 5303 2887 5376 γάρτι
2929 5303 3022 5355 καὶ
3164 5297 3382 5376 ἑκάστῳ
3413 5302 3700 5376 βάρβαρον

2101 5373 2288 5443 φῦλον,
2323 5373 2442 5425 λίαν
2476 5372 2707 5437 αὔθαδες
2739 5372 2833 5426 καὶ
2857 5372 3138 5434 δυσπειθὲς
3162 5411 3176 5434 ,
3204 5373 3297 5443 τὸν
3323 5372 3500 5440 θυμὸν
3530 5373 3692 5443 λέγω,

2101 5442 2198 5498 καὶ
2223 5445 2333 5515 τάς-
2355 5444 2666 5515 ἀπλήστους
2695 5443 2851 5515 ἐπιθυ
2860 5443 3008 5513 μίας,
3027 5442 3287 5515 ἀντικῆθή
3299 5461 3438 5514 μενα
3459 5445 3592 5515 γένη
3615 5442 3691 5509 τῷ

2100 5513 2383 5585 λογισμῷ,
2430 5507 2690 5585 καθάπερ
2738 5507 2996 5581 Ῥωμαῖοι
3062 5513 3081 5582 (
3107 5507 3310 5567 ωλιῖηἶ
3360 5507 3687 5584 Ῥωμαίοις)

2102 5585 2325 5645 Σκύθαι,
2357 5584 2452 5636 καὶ
2476 5584 2768 5654 Γερμανοί,
2802 5591 2904 5636 etc.

2172 5655 2284 5726 (Η)
2324 5654 2503 5726 Plato,
2525 5655 2869 5726 ἀνευρήσεις.

2172 5719 2284 5799 (42)
2311 5724 2550 5780 Οὐκοῦν
2580 5719 2916 5790 ἒνὲι.Ῥιίιιο,
2951 5722 3108 5794 ibid.,
3134 5738 3260 5796 pag.
3287 5723 3416 5790 575,
3444 5722 3508 5788 Β,
3532 5721 3596 5791 C,
3620 5719 3680 5775 ι).
