3826 6232
141 249 247 306 997

1303 243 1630 302 PRIEPAR.
1673 243 1926 302 EVANG.
1967 244 2095 301 LIB.
2141 245 2251 302 XII.

3318 252 3423 310 99S

141 351 364 420 ἄμεινον
410 346 671 418 ἢχεῖρον,
711 343 792 408 ὃς,
824 344 1116 416 γενόμενος
1153 342 1330 414 δόγμα
1374 343 1582 406 πόλεως
1621 360 1724 396 κοι-

1837 342 2125 412 opiniones
2179 341 2451 412 adjuncta:
2493 343 2649 409 dum,
2697 359 2822 416 quae
2865 359 3157 402 commune
3202 347 3421 418 quidem

141 441 252 504 νὺν,
276 439 440 510 νόμος
466 436 871 507 ἐπωνόμασται.
915 456 933 488 ι
979 437 1091 488 Καὶ
1120 435 1246 504 ἑξῆς
1294 451 1489 505 φησιν’
1533 454 1550 485 ι
1594 433 1725 487 Τόδε

140 536 186 588 δ’
218 525 398 604 ἴσμεν,
433 532 514 584 ὅτι
541 525 713 585 ταῦτα
753 530 820 584 τὰ
857 529 1002 600 πάθη
1048 531 1106 581 ὲν
1133 531 1263 600 ἡμῖν
1285 569 1299 592 ,
1345 522 1457 580 οἷον
1487 526 1654 598 νεῦρα
1692 527 1727 598 ἢ

144 623 398 697 μήρινθοί
417 639 561 685 τινες
595 621 830 685 ἐνοῦσαι,
862 620 1039 673 σπῶσί
1070 637 1130 672 τε
1162 620 1308 690 ἡμᾶς
1343 618 1438 671 καὶ
1470 618 1729 689 ἀλλήλαις

138 716 495 770 ἀνθέλκουσιν
526 714 763 767 ἐναντίαι
794 709 949 767 οὖσαι
983 713 1070 766 ἐπ’
1101 712 1352 775 ἐναντίας
1392 708 1640 785 πράξεις,
1667 703 1728 764 οὗ

139 811 205 882 δὴ
236 811 345 880 (45)
366 809 696 880 διωρισμένη
731 807 901 878 ἀρετὴ
922 806 1016 858 καὶ
1045 804 1216 857 κακία
1245 806 1442 858 κεῖται.
1475 804 1590 873 Μιᾷ
1621 801 1729 872 γάρ

141 919 309 972 φησιν
339 903 366 953 ὁ
386 899 544 967 λόγος
559 899 667 951 δεῖν
696 897 804 949 τῶν
837 896 1033 962 ἕλξεων
1075 893 1434 964 ξυνεπόμενον
1466 893 1576 954 ἀεὶ,
1637 891 1730 944 καὶ

142 995 368 1066 μηδαμῆ
403 992 830 1062 ἀπολειπόμενον
853 989 1090 1060 ἐκείνης.
1113 987 1392 1041 ἀνθέλκειν
1411 989 1523 1050 τοῖς
1550 984 1730 1048 ἄλλοις

138 1079 355 1149 νεύροις
381 1079 610 1132 ’ἑκαστον
636 1093 652 1108 ·
688 1075 893 1146 ταύτην
932 1076 977 1128 δ’
1009 1071 1150 1129 εἶναι
1196 1075 1293 1146 τὴν
1329 1075 1425 1128 τοῦ
1465 1072 1728 1145 λογισμοῦ

139 1173 368 1244 ἀγωγὴν
391 1171 597 1242 χρυσῆν
629 1170 723 1224 καὶ
753 1169 927 1241 ἱερὰν,
975 1169 1074 1239 τῆς
1111 1169 1318 1232 πόλεως
1358 1169 1537 1222 κοινὸν
1567 1169 1730 1239 νόμον

139 1263 602 1333 ἐπικαλουμένην.
649 1261 816 1323 ἄλλας
843 1261 899 1314 δὲ
933 1259 1174 1332 σκληρὰς
1204 1261 1298 1312 καὶ
1325 1260 1571 1331 σιδηρᾶς,
1631 1260 1730 1332 τὴν

139 1355 200 1408 δὲ
233 1355 482 1425 μαλακὴν
512 1354 694 1406 ἄνεσιν
727 1353 933 1424 χρυσῆν
960 1350 1145 1406 οὖσαν⁸
1173 1352 1270 1416 τὰς
1307 1351 1362 1404 δὲ
1400 1351 1564 1416 ἄλλας
1595 1370 1731 1405 παν-

139 1447 399 1508 τοδαποῖς
420 1444 615 1498 εἴδεσιν
647 1444 836 1514 ὁμοίας
861 1443 990 1514 (ιι)-
1011 1444 1120 1497 δεῖν
1142 1445 1198 1498 δὲ
1222 1447 1286 1516 τῇ
1319 1444 1579 1520 καλλίστῃ
1593 1447 1734 1514 ἀγω-

140 1540 214 1608 γῇ
249 1535 341 1590 τοῦ
366 1538 530 1606 νόμου
565 1535 652 1589 ἀεὶ
683 1534 1079 1606 ξυλλαμϐάνειν
1103 1553 1115 1566 ⁸
1159 1537 1254 1590 ἆτε
1290 1537 1398 1608 γὰρ
1435 1536 1530 1590 τοῦ
1581 1538 1729 1606 λογι-

143 1629 285 1701 σμοῦ
313 1627 478 1681 καλοῦ
515 1629 612 1699 μὲν
635 1627 788 1690 ὄντος
812 1668 826 1691 ,
867 1627 1044 1700 πράου
1073 1645 1133 1680 τε
1158 1629 1250 1682 καὶ
1296 1629 1356 1681 οὐ
1394 1629 1590 1699 βιαίου,
1621 1630 1730 1683 δεῖ-

1834 435 1948 504 spei
1985 449 2182 489 nomen
2212 435 2420 491 sortitae
2445 445 2607 503 sunt;
2659 437 2753 492 sed
2781 447 2962 494 tamen
3012 455 3136 510 spes
3177 441 3266 496 illa
3301 458 3424 513 qua:

1833 526 2080 582 dolorem
2117 530 2512 598 antegreditur,
2555 539 2736 584 metus
2765 548 2778 581 :
2815 546 2938 600 qua:
2963 533 3294 589 contrariam
3326 550 3423 590 vo-

1835 617 2100 688 luptatem
2133 621 2424 684 antecedit.
2457 619 2654 676 fiducia
2692 623 2912 691 preprie
2941 623 3276 680 nominatur.
3324 624 3436 682 llis

1834 709 2091 765 omnibus
2127 711 2358 766 rationis
2389 719 2585 781 praest
2608 712 2922 778 consilium,
2959 729 3070 784 quo
3097 717 3227 785 quid
3259 718 3422 772 exiis

1834 800 1918 855 vel
1950 801 2146 857 melius
2175 803 2266 867 sit,
2284 803 2368 857 vel
2400 803 2642 859 deterius
2667 805 3011 875 exploratur;
3045 809 3299 879 quodque
3327 810 3419 865 ubi

1834 906 2127 947 commune
2175 895 2343 949 totius
2387 895 2522 965 reip.
2573 895 2850 951 decretum
2897 895 3095 963 fuerit,
3138 910 3254 954 tum
3289 917 3420 957 vero

1833 985 1921 1041 lex
1947 986 2206 1056 appellari
2238 988 2400 1044 solet.
2446 1007 2465 1040 ι
2500 986 2566 1044 Ει
2597 990 2763 1059 paulo
2802 1000 2923 1060 post
2955 1009 2970 1046 :
2998 1011 3016 1042 ι
3051 991 3185 1058 Hoc,
3220 993 3417 1063 inquit,

1837 1083 2213 1154 intelligimus,
2243 1084 2684 1154 perturbationes
2727 1085 2867 1152 illas,
2907 1102 3198 1143 nervorum
3233 1090 3285 1144 in
3316 1106 3418 1146 no-

1835 1175 1920 1231 bis
1952 1191 2016 1231 ac
2043 1175 2254 1232 funium
2280 1178 2643 1248 quorumdam
2672 1178 2847 1234 instar
2868 1195 3014 1243 esse,
3046 1197 3077 1236 a
3107 1181 3329 1251 quibus,
3358 1193 3421 1239 ut

1835 1270 1958 1325 aliis
1988 1271 2081 1325 alii
2109 1267 2373 1324 contrarii
2401 1276 2553 1330 sunt,
2586 1268 2661 1323 ita
2702 1271 2973 1325 contraria
3005 1270 3057 1324 in
3100 1272 3277 1326 studia
3307 1282 3418 1328 tra-

1836 1360 2039 1425 himur,
2070 1359 2160 1414 ubi
2201 1359 2378 1413 virtus
2423 1367 2480 1412 et
2525 1357 2740 1425 vitium,
2786 1360 2904 1416 suis
2933 1361 3094 1416 ambo
3129 1362 3328 1418 finibus
3354 1379 3420 1420 ac

1835 1452 2155 1522 regionibus
2200 1450 2620 1521 circumscripta
2662 1461 2973 1508 versantur.
3019 1452 3178 1508 Ratio
3219 1455 3419 1526 quippe

1799 1542 1804 1548 ’
1836 1543 2019 1606 docet,
2049 1543 2221 1598 motui
2250 1543 2518 1597 duntaxat
2553 1543 2708 1598 alteri
2742 1543 2822 1599 sic
2856 1543 3266 1616 obsequendum
3301 1549 3419 1604 cui—

1837 1652 1943 1706 que
1969 1644 2252 1705 perpetuo,
2287 1643 2346 1690 ut
2377 1651 2656 1705 nunquam
2703 1635 2773 1690 ab
2801 1651 2866 1692 eo
2896 1638 3205 1704 discedens,
3242 1656 3415 1712 oppo-

141 1720 270 1773 σθαι
297 1718 586 1790 ὑπηρετῶν
619 1718 780 1772 αὐτοῦ
802 1718 899 1788 τὴν
930 1718 1184 1791 ἀγωγὴν,
1221 1720 1369 1784 ὅπως
1398 1720 1464 1774 ἂν
1499 1721 1557 1774 ἐν
1595 1722 1724 1792 ἡμῖν

1834 1729 1952 1783 sitis
1983 1727 2209 1782 funibus
2261 1735 2580 1781 constanter
2617 1727 2907 1782 renitatur.
2937 1729 3117 1799 Atque
3143 1730 3288 1786 hunc
3320 1747 3416 1786 sa-

139 1812 203 1864 τὸ
230 1812 465 1883 χρυσοῦν
489 1811 644 1879 γένος
660 1813 785 1882 νικᾷ
809 1810 879 1864 τὰ
897 1811 1031 1865 ἄλλα
1059 1812 1212 1882 γένη.
1232 1812 1343 1865 Καὶ
1361 1811 1504 1865 οῦτω
1529 1812 1592 1884 δὴ
1617 1813 1729 1884 (45)

137 1904 276 1974 περὶ
301 1902 594 1973 θαυμάτων
625 1903 701 1966 ὡς
725 1902 895 1956 ὄντων
933 1901 1092 1973 ήμῶν
1134 1902 1163 1953 ὁ
1198 1901 1366 1972 μῦθος
1408 1902 1610 1974 ἀρετῆς
1644 1919 1732 1956 σε-

139 1995 425 2066 σωσμένος
457 1993 522 2047 ἂν
563 1994 647 2066 εἴη
669 2035 683 2058 ,
713 1995 808 2048 καὶ
833 1994 893 2046 τὸ
943 1994 1176 2067 κρείττω
1209 1993 1403 2047 ἑαυτοῦ
1438 1996 1533 2047 καὶ
1583 1995 1731 2066 ἥττω

139 2084 281 2142 εἶναι
317 2088 519 2161 τρόπον
540 2087 662 2142 τινὰ
688 2088 920 2160 φανερὸν
952 2087 1019 2142 ἂν
1047 2087 1258 2157 γένοιτο
1292 2086 1492 2158 μᾶλλον
1525 2087 1555 2140 ὃ
1589 2091 1725 2142 νοεῖ’

139 2184 239 2234 καὶ
271 2181 352 2233 ὅτι
377 2180 531 2232 πόλιν
555 2181 648 2234 καὶ
674 2179 910 2250 ἰδιώτην,
943 2179 1034 2232 τὸν
1077 2179 1176 2250 μὲν
1207 2179 1367 2247 λόγον
1417 2179 1590 2250 ἀληθῆ
1635 2179 1730 2234 λα-

138 2269 308 2324 ὗὸντα
337 2271 396 2322 ὲν
425 2269 602 2340 ἐαυτῷ
623 2271 752 2342 περὶ
774 2269 883 2323 τῶν
907 2267 1125 2334 ἕλξεων,
1154 2268 1330 2339 τούτῳ
1357 2269 1623 2340 ἑπόμενον
1651 2270 1732 2323 δεῖ

137 2364 264 2433 ζῇν,
293 2362 448 2415 πόλιν
469 2362 524 2415 δὲ
553 2362 586 2433 ἢ
622 2362 774 2433 παρὰ
801 2361 937 2415 θεῶν
961 2378 1106 2424 τινος
1131 2361 1163 2432 ἢ
1194 2361 1324 2432 παρ’
1345 2361 1509 2415 αὐτοῦ
1538 2361 1728 2416 τούτου

139 2457 365 2523 γνόντος
396 2453 566 2508 ταῦτα
605 2454 764 2524 λόγον
791 2451 1236 2526 παραλαϐοῦσαν,
1263 2453 1425 2524 νόμον
1473 2452 1725 2524 θεμένην,

141 2543 285 2612 αὐτῇ
314 2559 374 2595 τε
402 2541 608 2612 ὁμιλεῖν
635 2543 730 2596 καὶ
749 2544 870 2605 ταῖς
902 2541 1091 2606 ἄλλαις
1116 2531 1354 2596 πόλεσιν.
1381 2541 1536 2594 Οῦτω
1563 2543 1730 2596 κακία

137 2631 204 2702 δὴ
238 2631 334 2684 καὶ
353 2631 522 2702 ἀρετὴ
546 2630 878 2703 σαφέστερον
903 2634 1034 2701 ἡμῖν
1065 2630 1472 2704 διηρθρωμένον
1495 2631 1560 2685 ἂν
1581 2634 1686 2704 εἴη.
1703 2652 1722 2684 ι

138 2725 256 2776 Καὶ
283 2725 414 2794 παρ’
442 2725 574 2794 ἡμῖν
597 2725 625 2775 ὁ
653 2723 792 2786 θεῖος
810 2724 879 2778 τὰ
914 2726 1077 2795 ὅμοια
1114 2724 1354 2777 διδάσκει
1393 2724 1552 2793 λόγος
1576 2766 1592 2792 ,
1621 2725 1729 2796 φά-

140 2831 322 2866 σκωνο
364 2833 382 2864 ι
421 2815 726 2885 Συνήδομαι
757 2814 836 2885 τῷ
864 2813 1012 2885 νόμῳ
1036 2813 1130 2867 τοῦ
1158 2812 1295 2866 Θεοῦ
1325 2813 1467 2867 κατὰ
1499 2814 1591 2867 τὸν
1619 2815 1731 2869 ἔσω

136 2904 458 2975 ἄνθρωπον
493 2903 674 2974 βλέπω
698 2904 756 2956 δὲ
788 2903 973 2974 ἕτερον
1000 2903 1164 2974 νόμον
1192 2905 1252 2956 ὲν
1274 2905 1386 2966 τοῖς
1410 2903 1597 2974 μέλεσί
1625 2920 1728 2976 μου

1831 1816 2032 1886 pientis
2080 1814 2298 1870 consilii
2348 1829 2575 1870 aureum
2620 1831 2741 1872 esse
2792 1832 3122 1889 sacrumque
3164 1820 3413 1887 ductum,

1831 1923 1996 1978 quam
2028 1907 2301 1978 publicam
2328 1915 2384 1962 et
2409 1921 2756 1962 communem
2781 1909 3018 1965 civitatis
3052 1911 3223 1980 legem
3250 1913 3410 1984 σοι

1831 1999 2171 2070 appellamus
2198 2013 2213 2051 :
2241 1997 2485 2068 reliquos
2516 1997 2663 2052 enim
2692 2007 2896 2066 motus,
2927 1999 3178 2056 duriores
3213 2016 3276 2057 ac
3305 2002 3414 2057 fer-

1832 2106 1980 2151 reos.
2009 2091 2232 2146 ductum
2263 2089 2412 2144 hunc
2437 2103 2632 2153 unum,
2666 2090 2814 2160 quod
2847 2106 3048 2147 aureus
3075 2092 3167 2159 sit,
3197 2093 3413 2150 facilem

1829 2182 1992 2237 etiam
2043 2197 2106 2236 ac
2133 2195 2354 2237 suavem
2397 2195 2551 2245 esse;
2584 2196 2820 2253 cumque
2855 2185 3035 2240 caeteri
3075 2201 3269 2242 omnes
3301 2196 3412 2243 tam

1830 2273 1967 2327 varii
1996 2273 2105 2328 sint
2136 2280 2359 2343 tamque
2391 2272 2744 2342 multiplices,
2778 2274 2925 2331 hunc
2952 2276 3165 2332 vultum
3197 2294 3413 2348 semper

1832 2379 2001 2419 unum
2037 2365 2398 2434 eamdemque
2427 2363 2658 2419 formam
2687 2365 3011 2422 retinere.Et
3039 2383 3168 2423 vero
3190 2369 3416 2426 ductum

1833 2454 1979 2509 hunc
2009 2454 2142 2523 legis
2172 2462 2432 2523 tanquam
2463 2455 2754 2523 optimum,
2782 2471 2998 2527 semper
3021 2460 3179 2514 nobis
3209 2477 3274 2516 ae
3299 2473 3417 2517 stu-

1831 2544 1986 2600 diose
2026 2545 2460 2614 promovendum
2507 2560 2649 2600 esse.
2682 2544 2818 2600 Nam
2852 2563 2978 2602 cum
3026 2551 3157 2606 illud
3185 2554 3417 2610 rationis

1831 2636 2126 2691 consilium
2153 2637 2227 2690 ita
2255 2635 2458 2691 bonum
2494 2647 2659 2707 atque
2697 2637 2989 2695 honestum
3023 2641 3113 2706 sit,
3141 2652 3203 2698 ut
3233 2653 3414 2702 tamen

1832 2727 2102 2783 suavitate
2128 2727 2313 2790 ducat,
2344 2740 2455 2780 non
2487 2725 2540 2780 vi
2573 2735 2770 2796 cogat;
2809 2728 2955 2784 hunc
2988 2731 3162 2801 ipsius
3189 2733 3416 2790 ductum

1831 2818 2276 2874 administratum
2328 2820 2693 2889 quorumdam
2745 2836 2909 2892 opera
2959 2825 3200 2895 indigere
3243 2836 3304 2882 ut
3359 2828 3418 2884 in
3475 2877 3480 2882 .

1832 2910 1992 2965 nobis
2025 2924 2252 2964 aureum
2287 2909 2456 2965 hocce
2502 2926 2696 2980 genus,
2743 2922 2994 2969 caeteram
3044 2917 3191 2970 illam
3237 2919 3416 2973 natio-

136 2996 707 3067 ἀντιστρατευόμενον
738 2995 818 3066 τῷ
867 2996 1018 3066 νόμῳ
1067 2994 1164 3048 τοῦ
1208 2995 1328 3059 νοός
1395 3012 1532 3066 μου·
1568 3014 1586 3048 ι
1615 2996 1724 3050 Καὶ

1834 3017 1955 3058 nem
1991 3002 2314 3072 turbamque
2357 3004 2582 3060 domare
2620 3007 2819 3076 possit.
2853 3006 3032 3078 Atque
3075 3009 3148 3064 ita
3190 3009 3412 3066 demum

136 3086 305 3139 πάλιν
331 3103 345 3116 ·
377 3106 396 3137 ι
421 3087 641 3151 Μεταξὺ
665 3087 909 3157 ἀλλήλων
934 3085 1042 3139 τῶν
1067 3085 1340 3156 λογισμῶν
1356 3087 1725 3158 κατηγορούν-

135 3195 272 3242 των,
297 3177 332 3249 ﬂ
371 3180 464 3232 καὶ
495 3178 978 3249 ἀπολογουμένων·
1021 3196 1040 3229 ι
1074 3177 1176 3231 ὅσα
1221 3193 1282 3230 τε
1336 3175 1472 3232 ἄλλα
1515 3177 1726 3244 τούτοις

138 3270 525 3342 παραπλήσια.

1830 3091 2052 3146 virtutis
2078 3091 2192 3156 illa,
2224 3107 2346 3161 quae
2371 3091 2440 3147 de
2467 3093 2624 3150 nobis
2654 3102 2916 3166 tanquam
2958 3099 3209 3155 miraculi
3254 3102 3412 3156 simi-

1833 3183 1977 3239 libus
2010 3183 2319 3240 celebratur
2355 3183 2560 3252 fabula,
2593 3188 2852 3257 explicari
2902 3188 3060 3246 facile
3089 3191 3416 3264 defendique

1833 3273 2064 3344 poterit;
2097 3281 2212 3327 tum
2260 3272 2466 3329 clarius
2498 3274 2663 3329 simul
2705 3275 3083 3348 illustriusque
3116 3283 3410 3350 constabit,

137 3375 252 3416 non
289 3363 452 3416 modo
483 3361 612 3432 quid
647 3361 777 3415 illud
806 3361 1094 3431 signiﬁcet,
1122 3360 1399 3416 hominem
1452 3362 1634 3432 seipso
1665 3377 1859 3430 unum,
1889 3363 2054 3419 modo
2102 3365 2461 3434 superiorem,
2494 3365 2657 3422 modo
2691 3367 3001 3425 inferiorem
3026 3387 3148 3428 esse
3176 3391 3190 3427 :
3223 3390 3412 3432 verum

138 3441 309 3512 etiam
343 3457 613 3526 ejusmodi
641 3473 764 3512 cum
801 3456 1014 3528 privato
1041 3457 1260 3526 cuique,
1289 3466 1404 3510 tum
1435 3456 1540 3528 ipsi
1567 3471 1787 3528 quoque
1831 3457 1968 3528 reip.
2005 3459 2316 3513 cautionem
2347 3473 2472 3514 esse
2499 3460 2891 3524 necessariam,
2926 3470 2987 3516 ut
3009 3464 3256 3532 privatus
3285 3483 3414 3522 vera

136 3563 194 3605 et
228 3551 447 3620 prapria
481 3562 728 3606 motuum
749 3551 980 3608 illorum
1009 3554 1062 3607 in
1093 3569 1216 3609 sese
1249 3554 1460 3610 ratione
1488 3563 1772 3626 perspecta
1794 3597 1809 3623 ,
1839 3555 2007 3610 vitam
2041 3555 2132 3611 illa
2177 3556 2460 3627 diligenter
2493 3557 2776 3627 instituat;
2806 3563 3020 3627 civitas,
3053 3553 3413 3637 posteaquam

135 3650 222 3703 vel
257 3649 328 3702 ab
355 3648 536 3718 aliquo
574 3652 818 3718 numine,
857 3651 943 3706 vel
965 3660 1112 3706 certe
1145 3651 1214 3707 ab
1242 3667 1308 3708 eo
1346 3652 1458 3723 jam
1490 3654 1771 3724 explorata
1799 3653 1892 3708 illa
1922 3653 2052 3717 sint,
2081 3653 2326 3708 eamdem
2357 3654 2722 3724 cognitionem
2758 3655 3022 3720 hauserit,
3056 3657 3203 3712 illam
3233 3659 3412 3728 ipsam

137 3739 280 3811 legs
325 3741 448 3795 loco
476 3741 662 3796 haberi
691 3742 901 3813 iubeat,
931 3759 1096 3815 quam
1136 3745 1413 3816 deinceps,
1445 3755 1500 3803 et
1529 3763 1716 3805 secum
1763 3748 1882 3820 ipsa
1909 3757 1967 3803 et
2005 3762 2131 3804 cum
2178 3749 2300 3805 aliis
2330 3749 2643 3806 civitatibus
2676 3753 2887 3822 agendo
2915 3762 3196 3824 sequatur.
3231 3754 3412 3825 Atque

136 3836 214 3888 ita
255 3835 472 3903 planius
511 3849 674 3907 atque
720 3838 1034 3895 distinctius
1075 3840 1192 3895 vitii
1225 3841 1548 3913 virtutisque
1592 3844 1834 3900 rationes
1879 3858 2299 3915 cognoscemus.
2347 3863 2366 3896 ι
2413 3842 2688 3900 Hactenus
2721 3842 2894 3898 Plato.
2939 3842 3041 3898 Cui
3077 3859 3210 3900 sane
3237 3860 3408 3916 quam

138 3929 549 3985 anilia-litterae
580 3947 681 3987 nos
713 3933 909 3991 divinae
935 3936 1151 3992 docent.
1187 3940 1268 3992 lta
1309 3938 1453 3994 enim
1482 3941 1818 4010 Apostolus:
1851 3959 1870 3994 ι
1905 3939 2282 4004 Condelector,
2323 3940 2522 4011 inquit,
2562 3941 2667 4012 legi
2715 3939 2809 3996 Dei
2841 3940 3144 3998 secundum
3183 3941 3411 3998 interio-

136 4039 258 4076 rem
295 4023 572 4078 hominem
605 4041 620 4077 :
660 4028 817 4083 video
847 4040 1031 4086 autem
1057 4033 1218 4086 aliam
1246 4033 1419 4104 legem
1447 4035 1501 4090 in
1532 4038 1793 4094 membris
1827 4039 1986 4103 meis,
2006 4047 2396 4108 repugnantem
2419 4033 2522 4109 legi
2553 4037 2757 4093 mentis
2788 4049 2923 4092 mere
2951 4035 3018 4090 ⁸⁸.
3060 4051 3081 4087 ι
3121 4033 3363 4106 Itemque
3391 4053 3408 4092 :

141 4132 164 4166 ι
209 4114 358 4169 Inter
383 4129 502 4170 sese
529 4115 758 4173 invicem
791 4122 1214 4191 cogitationibus
1240 4127 1648 4191 accusantibus,
1676 4125 1772 4184 aut
1799 4131 1966 4184 etiam
1993 4128 2408 4185 defendentibus
2437 4130 2497 4184 ".
2537 4149 2556 4182 ι
2589 4130 2655 4185 Et
2682 4138 2877 4186 caetera
2904 4127 2959 4182 id
2984 4142 3178 4198 genus.

635 4211 1032 4267 ΚΕΦΑΛΑΙΟΝ
1082 4216 1219 4274 KH'.

134 4299 266 4354 Ὅτι
291 4302 364 4355 οὐ
390 4300 457 4353 τὸ
477 4299 670 4381 σιξμαῖ
857 4306 897 4381 ἡ
920 4306 1091 4376 ψυχὴ
1115 4308 1282 4381 αἰτίαιΔ
1300 4310 1581 4380 τυγχάνει
1603 4310 1723 4365 τῶν

413 4374 612 4437 κακῶς
641 4374 740 4442 ὑφ’
779 4374 950 4444 ἡμῶν
986 4374 1426 4448 πραττομένωιλξ

213 4486 235 4518 ι
270 4465 612 4536 Μεμνήμεθά
657 4464 768 4536 (46)
809 4484 872 4535 γε
906 4470 1012 4541 μὴν
1051 4471 1484 4542 ὁμολογήσαντες
1513 4474 1572 4525 ἐν
1612 4476 1728 4537 τοῖς

133 4557 400 4628 πρόσθεν,
423 4556 520 4620 ὡς,
542 4557 590 4608 εἰ
609 4557 753 4628 ψυχὴ
782 4559 975 4629 φανείη
999 4561 1342 4634 πρεσϐυτέρα
1363 4562 1454 4615 τοῦ
1475 4562 1728 4634 σώματος

135 4647 297 4712 οὖσα,
333 4650 426 4702 καὶ
454 4648 526 4700 τὰ
555 4643 732 4718 ψυχῆς
758 4648 866 4702 τῶν
897 4649 990 4703 τοῦ
1012 4652 1263 4722 σώματος
1289 4653 1462 4706 ἔσοιτο
1487 4653 1728 4725 πρεσϐύ-

135 4759 296 4813 τερα.
343 4771 407 4781 -
437 4741 584 4794 Πάνυ
622 4740 721 4810 μὲν
752 4735 866 4793 οὖν.
911 4743 1196 4816 -Τρόποι
1247 4745 1304 4798 δὲ
1341 4745 1431 4798 καὶ
1463 4745 1589 4816 ἤθη,
1635 4747 1729 4799 καὶ

137 4834 445 4906 βουλήσεις,
482 4833 576 4888 καλ⁸
597 4833 864 4909 λογισμοὶ,
915 4837 1009 4889 καὶ
1061 4836 1210 4903 δόξαι
1259 4836 1498 4907 ἀληθεῖς,
1535 4837 1729 4908 ὲπιμέ·

211 4923 260 4955 ⁸³
291 4923 452 4979 Rom.
498 4942 592 4983 vn.
637 4927 830 4983 22-25.
909 4927 954 4960 "
981 4925 1140 4983 Rom.
1165 4943 1228 4991 ιι,
1265 4927 1352 4980 ³15.

211 5014 330 5086 (45)
374 5011 457 5071 Οὗ
497 5016 592 5083 δή.
630 5017 706 5072 Ita
749 5019 1095 5088 reposuimus
1135 5034 1203 5072 ex
1241 5015 1468 5072 Platone
1513 5013 1569 5073 et
1610 5033 1726 5074 ma-

139 5100 333 5159 nuscr.
370 5101 473 5159 pro
495 5089 554 5140 οὐ
581 5089 644 5158 δή
663 5131 678 5153 ,
709 5095 856 5159 quod
883 5089 1140 5144 vitiosum
1171 5098 1306 5143 erat.

215 5155 331 5229 (μ)
371 5155 871 5229 Εἷδεσινομὸιάς.
900 5159 1200 5229 Ριιιιοίρυει
1222 5159 1416 5228 ὁμοίας
1454 5157 1725 5229 minorem

138 5225 550 5282 distinctionem
591 5225 1015 5300 adbibettdum
1055 5225 1211 5300 legit,
1257 5225 1366 5282 δεῖν
1417 5229 1483 5300 τῇ
1536 5228 1725 5300 καλλί-

138 5312 244 5368 πῃ
266 5339 280 5354 .
310 5306 440 5360 etc.,
459 5300 577 5353 sine
599 5299 675 5352 δέ.
702 5299 815 5369 Ego
837 5298 1130 5355 Eusebium
1158 5301 1311 5368 sequi
1335 5298 1498 5365 malo,
1530 5299 1722 5354 vellem

141 5375 332 5440 tamen
374 5377 498 5440 ante
546 5369 646 5432 τὰς
688 5369 952 5440 δὲηᾶλλας
998 5370 1202 5440 aliquid
1243 5369 1488 5438 praemii,
1563 5385 1721 5440 v.rc.,

139 5437 238 5488 καὶ
266 5437 366 5507 τὴν
399 5439 496 5507 μὲν
529 5439 774 5509 μονοειδῆ
819 5437 992 5505 εἶναι,
1041 5437 1106 5495 ut
1147 5437 1320 5509 magis
1372 5439 1725 5507 sequentibus

140 5518 538 5580 opponeretur,
570 5526 707 5580 quas
741 5511 817 5564 ait
861 5511 1220 5575 παντοδαποῖς
1263 5510 1459 5563 εἴδεσιν
1491 5509 1683 5580 ὁμοίας
1706 5547 1722 5574 ,

139 5579 606 5652 quemadmodum
642 5581 778 5652 alias
805 5582 1023 5652 quidem
1057 5581 1299 5652 σκληρὰς
1340 5580 1434 5634 καὶ
1463 5579 1720 5651 σιδηρᾶς,

142 5645 439 5724 hanevero
468 5651 718 5724 μαλακὴν
742 5645 837 5724 καῖ
859 5645 1212 5724 χρυσῆν-68δέ
1244 5654 1476 5724 (lixer_at.

216 5718 330 5790 μδ)
373 5718 482 5773 Καὶ
531 5718 686 5776 οὕτω
739 5719 815 5788 δή
837 5718 992 5786 ,’ἒιο.
1021 5718 1177 5779 ’νίάο
1209 5738 1338 5778 num
1377 5720 1552 5778 Ficini
1585 5735 1720 5778 con-

2361 4221 2590 4279 CAPUT
2639 4221 2878 4277 XXVIII.

1833 4311 1955 4367 Non
1984 4314 2040 4368 in
2083 4331 2271 4384 corpus
2290 4357 2306 4383 ,
2341 4317 2430 4370 sed
2461 4316 2516 4369 in
2553 4315 2813 4377 animum,
2843 4313 3060 4384 culpam,
3079 4327 3262 4366 eorum
3292 4327 3412 4382 qua!

2052 4401 2086 4439 ιι
2121 4383 2270 4442 nobis
2303 4393 2606 4456 peccantur,
2639 4400 2750 4439 esse
2782 4383 3172 4450 conferendam.

1902 4495 1920 4527 ι
1960 4475 2081 4530 Iam
2109 4492 2238 4532 vero
2262 4476 2634 4539 meminimus,
2663 4473 2838 4544 inquit
2864 4473 3037 4540 l’lato,
3067 4473 3172 4528 hoc
3191 4487 3222 4527 a
3249 4471 3411 4530 nobis

1831 4568 2084 4637 superius
2129 4583 2252 4624 esse
2290 4583 2635 4631 concessum,
2686 4568 2730 4620 si
2767 4579 2994 4634 corpore
3042 4563 3411 4633 antiquiorem

1829 4660 2071 4714 animum
2103 4675 2227 4716 esse
2246 4669 2541 4724 constaret,
2590 4657 2854 4729 quidquid
2895 4659 3058 4711 etiam
3086 4655 3254 4710 animi
3282 4670 3411 4725 pro-

1829 4755 2010 4822 prium
2053 4761 2230 4818 esset,
2270 4753 2326 4808 id
2355 4767 2518 4807 omne
2551 4751 2714 4806 rebus
2752 4749 2820 4804 ad
2860 4749 3108 4818 corporis
3151 4755 3408 4802 naturam

1828 4843 2223 4913 pertinentibus
2253 4844 2533 4914 antiquius
2578 4841 2846 4898 futurum.
2869 4870 2941 4880 —
2966 4839 3131 4909 Sane,
3155 4839 3408 4895 memini-

1828 5025 1987 5088 gruat
2033 5018 2449 5088 interpretatio:
2479 5019 2550 5074 Et
2587 5021 2664 5074 sic
2707 5018 2924 5089 fabula,
2958 5017 3084 5089 quia
3114 5017 3254 5089 mira
3284 5033 3401 5089 res,

1827 5086 1980 5142 homo
2001 5105 2110 5143 esse
2137 5086 2410 5156 narratur,
2437 5091 2626 5145 virtute
2646 5086 3255 5156 servabitur.'Equidem
3285 5088 3404 5142 haec

1826 5173 1935 5230 non
1963 5159 2224 5230 intelligo.
2252 5158 2406 5224 Vult,
2435 5162 2650 5230 opinor,
2679 5158 3032 5230 philosophus
3052 5196 3065 5220 ,
3094 5172 3159 5230 ea
3180 5157 3402 5230 demum

1827 5229 2074 5293 ratione,
2109 5227 2272 5299 quam
2327 5227 3045 5299 prmscribit,_intellectum
3097 5227 3400 5299 iri,gquod

1825 5299 2098 5369 plerisque
2127 5296 2464 5355 fabulosum
2524 5301 2812 5362 videatur,
2874 5297 3126 5352 homines
3179 5296 3400 5369 virtutis

1826 5365 2104 5425 studiosos
2151 5371 2399 5426 miraculi
2443 5372 2649 5426 similes
2679 5384 2800 5426 esse
2829 5385 2842 5420 :
2870 5383 3097 5438 prorsus
3127 5367 3272 5421 enim
3303 5365 3401 5420 ad-

1825 5439 2074 5518 mirabile
2107 5441 2364 5509 quiddam
2395 5441 2621 5518 est_,__in
2654 5441 3051 5518 hominenuno,
3085 5445 3290 5518 tantam
3332 5451 3398 5518 ac

1825 5511 2100 5564 assiduam
2129 5508 2254 5565 esse
2288 5527 2413 5566 cum
2449 5512 2590 5566 vitiis
2631 5520 2685 5565 et
2731 5508 3117 5578 cupiditatibus
3165 5508 3398 5562 rationis

1823 5579 2148 5651 virtutisque
2178 5596 2448 5650 pugnam,
2500 5583 2554 5635 in
2595 5596 2702 5651 qua
2734 5580 2913 5635 vincat
2946 5578 3143 5648 saepius
3203 5579 3398 5630 trium-

1824 5649 2060 5720 phetque
2093 5649 2286 5720 virtus.

1897 5714 2008 5791 (46)
2042 5719 2422 5792 Μεμνήμεθα.
2454 5718 2630 5787 Plato,
2661 5720 2755 5777 lib.
2786 5738 2820 5777 ιι
2844 5719 2992 5791 Leg.,
3023 5734 3144 5792 pag.
3164 5714 3292 5783 63:),
3320 5723 3392 5775 ιλ
