3826 6232
424 261 530 318 999

1064 260 1865 358 EUSEBIhCiESARlENSlS
1905 263 2054 319 OPP.
2096 263 2278 319 PARS
2313 263 2376 318 ll.
2422 294 2490 304 -
2526 265 3028 323 APOLOGETICA.

3535 273 3675 330 1000

415 393 560 433 mus.
587 405 658 416 —
688 377 865 434 Mores
912 379 1094 450 igitur,
1122 380 1456 448 aﬂectiones,
1485 383 1817 446 voluntates,
1848 382 1979 451 judi-

2095 383 2234 436 λειαί
2254 401 2313 436 τε
2344 384 2436 436 καὶ
2470 385 2704 455 μνῆμαι,
2742 386 2986 458 πρότερα
3015 387 3224 457 μήκους
3251 388 3525 460 σωμάτων
3548 431 3564 455 ,
3594 396 3684 446 καὶ

415 472 524 537 cia,
559 487 702 527 vera:
734 473 1039 542 opiniones,
1070 489 1250 537 curae,
1293 475 1717 538 recordationes,
1753 477 1998 543 proceri-

414 573 546 630 tate,
592 565 892 632 latitudine,
941 565 1103 629 mole,
1144 565 1462 636 viribusque
1495 568 1741 637 corporis
1786 569 1997 637 priores

415 657 546 721 sint,
591 671 812 710 necesse
849 665 950 721 est,
987 657 1031 710 si
1061 658 1305 710 animum
1343 673 1570 728 corpore
1604 659 1839 728 priorem
1876 675 1998 714 esse

413 749 786 804 concedimus.
816 779 886 789 —
921 747 1151 804 Necesse
1181 750 1232 804 id
1263 751 1505 820 quidem.
1534 781 1605 790 -—
1627 753 1787 823 602
1830 751 1993 822 Ergo,

413 841 560 910 quod
610 841 848 895 indidem
899 841 1176 911 sequitur,
1224 859 1333 898 non
1376 843 1428 897 id
1482 844 1644 898 etiam
1692 845 1849 899 fateri
1895 860 1996 901 nos

412 942 656 1002 Oportet,
703 933 991 997 bonorum,
1026 933 1190 987 simul
1230 945 1285 988 et
1326 935 1594 989 malorum
1639 935 1992 990 honestorum

411 1024 537 1078 item
574 1039 638 1077 ac
683 1023 942 1094 turpium,
965 1024 1240 1092 justorum
1274 1034 1326 1078 et
1364 1025 1718 1094 injustorum,
1749 1025 1994 1095 adeoque

409 1117 812 1170 contrariorum
859 1117 1104 1170 omnium
1153 1132 1376 1171 causam
1425 1119 1668 1173 animum
1713 1132 1873 1183 esse;
1917 1121 1994 1173 si-

409 1208 624 1276 quidem
655 1208 757 1277 ipsi
789 1209 1034 1262 omnium
1070 1207 1298 1262 omnino
1342 1224 1564 1264 causam
1601 1208 1986 1280 assignandam

406 1314 528 1353 esse
558 1299 842 1353 volumus?
873 1318 891 1350 ι
921 1299 1097 1369 Atque
1135 1301 1248 1354 hzec
1272 1315 1335 1354 ex
1364 1299 1560 1371 Legum
1594 1299 1826 1354 decimo.
1853 1298 1990 1366 Qui-

406 1389 509 1443 bus
538 1388 748 1462 Moyses
778 1400 1142 1445 consentanee
1173 1391 1433 1462 loquitur,
1461 1393 1590 1446 dum
1630 1392 1762 1446 illud
1793 1392 1909 1448 suis
1934 1391 1989 1445 in

2100 475 2358 539 πλάτους,
2410 477 2505 529 καὶ
2540 476 2755 546 βάθους,
2801 478 2898 531 καὶ
2945 476 3139 550 ῥώμης
3171 480 3255 551 εἴη
3305 483 3569 550 γεγονότα
3597 484 3682 550 ἂν,

2100 567 2260 638 εἴπερ
2288 570 2382 621 καὶ
2409 567 2554 638 ψυχὴ
2584 567 2855 637 σώματος.
2876 601 2947 610 —
2981 569 3242 641 Ἀνάγκη.
3264 568 3462 645 —'Ap‘
3489 571 3585 628 οὖν
3626 580 3685 632 τὸ

2104 659 2242 728 μετὰ
2301 658 2460 711 τοῦτο
2503 659 2786 736 ὁμολογεῖν
2839 661 3161 729 ἀναγκαῖον,
3215 662 3325 716 τῶν
3355 681 3416 716 τε
3468 667 3685 736 ἀγαθῶν

2099 750 2279 805 αἰτίαν
2305 745 2446 803 εἶναι
2474 750 2652 821 ψυχὴν
2685 752 2779 804 καὶ
2810 751 2918 804 τῶν
2952 754 3160 819 κακῶν,
3201 754 3297 806 καὶ
3338 755 3542 820 καλῶν,
3592 762 3685 813 καὶ

2098 842 2340 914 αἰσχρῶν
2363 883 2381 910 ,
2427 842 2652 896 δικαίων
2705 859 2765 894 τε
2793 845 2886 896 καὶ⁸
2915 844 3138 910 ἀδίκων,
3196 847 3291 900 καὶ
3317 847 3538 903 πάντων
3582 851 3686 904 τῶν

2096 935 2376 998 ἐναντίων,
2401 934 2558 1006 εἴπερ
2591 934 2700 989 τῶν
2755 935 2973 989 πάντων
3007 955 3070 1005 γε
3116 939 3287 1010 αὐτὴν
3327 939 3566 1012 θήσομεν
3608 944 3688 995 αἰ-

2095 1024 2212 1078 τίαν
2237 1043 2250 1090 ;
2281 1046 2298 1077 ι
2350 1027 2458 1079 Καὶ
2506 1025 2678 1080 ταῦτα
2704 1026 2761 1078 δὲ
2789 1027 2898 1080 ἀπὸ
2936 1027 3028 1080 τοῦ
3078 1030 3308 1084 δεκάτου
3337 1031 3450 1085 τῶν
3480 1035 3689 1103 Νόμων

2095 1118 2424 1189 προκείσθω,
2457 1118 2680 1188 Συνᾲδει
2715 1119 2774 1172 δὲ
2801 1119 2985 1182 αὐτοῖς
3019 1123 3046 1174 ό
3074 1123 3317 1192 Μωῦσῆς
3344 1124 3607 1188 πολλάκις
3636 1128 3689 1177 ἐν

2095 1213 2208 1273 τοῖς
2250 1211 2434 1282 νόμοις
2487 1208 2691 1275 εἰπὼν,
2735 1229 2753 1262 ι
2794 1212 2904 1264 Καὶ
2971 1211 3066 1265 ἐὰν
3107 1212 3254 1284 ψυχὴ
3316 1216 3542 1288 ἁμάρτῃ
3599 1217 3691 1269 καὶ

2096 1303 2299 1375 ποιήσῃ
2356 1301 2770 1373 πλημμέλημα⁶
2817 1321 2836 1354 ι
2892 1303 2988 1356 καὶ
3017 1305 3118 1357 ὅσα
3168 1304 3380 1370 τούτοις
3431 1308 3690 1379 ἐμφερῶς

2095 1390 2309 1462 εἴρηται
2336 1393 2467 1463 παρ’
2490 1391 2659 1462 αὐτῷ.

405 1483 616 1553 legibus
648 1483 957 1554 frequenter
982 1486 1258 1541 inculcat:
1299 1503 1317 1536 ι
1351 1483 1408 1538 Si
1439 1485 1623 1539 anima
1657 1485 1982 1554 peccaverit,
2021 1491 2076 1537 et
2109 1482 2301 1540 fecerit
2321 1484 2687 1555 iniquitatem,
2725 1503 2744 1537 ι
2772 1492 2826 1538 et
2879 1493 3074 1540 caetera
3105 1501 3228 1555 qum
3266 1488 3451 1557 abillo
3478 1491 3684 1560 passim

404 1574 652 1628 eamdem
685 1573 739 1628 in
774 1575 1096 1629 sententiam
1128 1574 1446 1629 afferuntur.

967 1665 1196 1721 CAPUT
1237 1664 1431 1719 XXIX.

482 1775 561 1829 De
605 1791 664 1829 eo
695 1775 784 1845 qui
815 1775 1014 1829 sincere
1052 1776 1351 1847 integreque
1380 1777 1793 1847 philosophetur.
1835 1775 1920 1830 Ea:

1049 1845 1342 1901 Theieteto.

481 1937 720 1994 Hebraeae
750 1939 944 1994 litterae
973 1939 1039 1993 de
1067 1954 1133 1994 eo
1175 1939 1269 2008 qui
1306 1941 1450 1995 serio
1479 1955 1713 2009 vereque
1743 1939 1989 2010 philoso-

403 2030 623 2099 phetur,
674 2031 748 2084 ita
788 2031 1190 2100 praenuntiant,
1230 2048 1248 2080 ι
1298 2031 1511 2085 Bonum
1557 2041 1640 2087 est
1676 2032 1821 2098 viro,
1861 2047 1985 2085 cum

403 2123 702 2192 portaverit
722 2123 914 2192 jugum
945 2122 1014 2177 ab
1042 2121 1405 2176 adolescentia
1431 2137 1531 2178 sua
1569 2141 1582 2177 :
1615 2113 1826 2176 sedebit
1856 2123 1990 2178 soli-

407 2214 598 2277 larius,
617 2222 670 2268 et
693 2214 908 2276 tacebit,
939 2213 1066 2283 quia
1095 2213 1293 2269 levavit
1321 2230 1485 2285 super
1511 2215 1656 2269 se".
1693 2233 1711 2267 ι
1747 2212 1989 2284 Itemque

403 2305 471 2359 de
509 2304 786 2374 prophetis
818 2303 929 2359 Deo
973 2304 1332 2372 charissimis,
1366 2320 1460 2362 eos
1505 2315 1565 2361 ut
1609 2321 1884 2360 summum
1919 2305 1988 2360 ad

401 2397 762 2467 philosophiae
803 2397 1018 2451 culmen
1063 2397 1405 2467 aspirarent,
1463 2399 1522 2453 in
1576 2398 1984 2461 solitudinibus,

401 2489 680 2543 montibus
730 2505 795 2545 ac
837 2489 1110 2559 speluncis
1150 2499 1394 2546 versatos
1456 2506 1579 2547 esse
1644 2490 1836 2556 docet,
1891 2491 1984 2546 ubi

401 2585 638 2630 mentem
673 2577 935 2632 haberent
966 2578 1019 2631 in
1055 2578 1220 2633 unius
1245 2577 1341 2634 Dei
1368 2580 1699 2650 cogitatione
1726 2580 1978 2636 deﬁxam.

399 2664 540 2719 Audi
568 2675 623 2719 tu
657 2681 808 2734 vero,
836 2667 1294 2737 quemadmodum
1322 2685 1492 2740 genus
1519 2670 1652 2724 illud
1681 2671 1805 2726 vitae
1832 2669 1985 2726 Plato

399 2752 598 2807 divinis
650 2769 868 2824 quoque
917 2756 1170 2814 laudibus
1222 2759 1504 2826 extulerit,
1543 2760 1634 2815 ubi
1679 2760 1747 2816 de
1790 2776 1856 2817 eo
1889 2763 1983 2832 qui

400 2861 672 2901 summam
732 2847 879 2902 illam
951 2850 1370 2920 philosophandi
1426 2851 1645 2907 laudem
1699 2864 1981 2924 sequatur,

400 2935 514 2990 haec
551 2937 710 2991 habet
753 2956 766 2991 :
806 2955 825 2989 ι
863 2936 1122 2995 Dicamus
1159 2940 1344 3011 igitur,
1389 2941 1589 3012 inquit,
1622 2943 1703 2997 uti
1747 2960 1844 3014 par
1877 2955 1979 3012 est,

397 3028 617 3096 quando
661 3029 734 3082 ita
783 3029 877 3082 tibi
926 3029 1169 3094 videtur,
1209 3031 1275 3086 de
1317 3034 1548 3088 summis
1586 3035 1694 3089 illis
1737 3036 1980 3106 philoso-

398 3117 601 3186 phandi
644 3119 1017 3187 principibus:
1046 3121 1196 3191 (quid
1230 3123 1374 3177 enim
1402 3139 1498 3179 eos
1544 3097 1841 3190 moremur,
1887 3130 1980 3198 qui
2011 3097 2052 3154 ϐ

397 3209 759 3278 philosophia:
787 3212 966 3266 studio
989 3227 1276 3282 perperam
1307 3216 1665 3288 abutuntur?)
1723 3219 1801 3274 Illi
1835 3220 1982 3276 vide-

397 3303 526 3359 licet
548 3303 661 3373 jam
686 3319 858 3374 usque
879 3305 948 3358 ab
971 3305 1356 3370 adolescentia,
1387 3308 1529 3362 viam
1564 3325 1684 3379 quae
1714 3310 1767 3364 in
1800 3310 1978 3366 forum

396 3395 562 3451 ducat
610 3397 861 3467 ignorant
905 3415 918 3451 :
956 3396 1051 3450 ubi
1104 3397 1188 3451 vel
1235 3408 1596 3455 exerceantur
1621 3400 1860 3470 judicia,
1894 3403 1980 3458 vel

397 3499 642 3553 senatus,
679 3489 759 3543 vel
792 3489 1070 3559 publicum
1111 3491 1257 3544 aliud
1288 3491 1522 3547 civitatis
1557 3492 1849 3548 concilium
1882 3495 1978 3550 ha-

395 3581 607 3645 beatur,
646 3581 895 3637 nesciunt
932 3601 944 3636 :
982 3583 1128 3653 leges
1171 3598 1232 3638 ac
1279 3582 1593 3653 plebiscita,
1630 3600 1806 3655 neque
1848 3585 1977 3641 dum

395 3675 813 3744 promulgantur
859 3675 1107 3741 audiunt,
1141 3690 1317 3744 neque
1348 3676 1651 3747 perscripta
1700 3692 1824 3732 cum
1857 3676 1975 3732 fue-

395 3764 505 3818 rint
540 3765 764 3819 omnino
812 3765 1017 3820 vident.
1073 3765 1460 3820 Sodalitiorum
1508 3767 1574 3821 ad
1623 3768 1976 3838 magistratus

396 3858 682 3923 creandos,
716 3856 1000 3924 factiones,
1034 3868 1357 3926 conventus,
1400 3874 1590 3923 coenae,
1621 3862 1977 3916 comessatio-

395 3965 494 4003 nes
527 3965 650 4003 cum
687 3949 948 4014 tibicinis,
974 3950 1170 4004 horum
1202 3951 1333 4022 ipsis
1365 3951 1664 4021 quidquam
1700 3950 1971 4018 factitare,

396 4057 463 4096 ne
505 4058 601 4112 per
651 4043 924 4098 somnium
959 4044 1178 4112 quidem
1219 4045 1274 4098 in
1307 4053 1543 4099 mentem
1577 4045 1746 4099 venit.
1778 4043 1972 4100 Recte-

397 4149 466 4186 ne
506 4148 575 4186 an
608 4148 763 4187 secus
794 4132 998 4188 factum
1043 4135 1097 4188 in
1144 4134 1362 4189 civitate
1409 4135 1541 4205 quid
1586 4134 1789 4202 fuerit;
1842 4151 1973 4190 num

393 4226 632 4296 cuipiam
668 4241 697 4280 a
729 4225 1058 4296 majoribus,
1093 4241 1189 4281 seu
1230 4235 1457 4296 paterno
1501 4241 1597 4281 seu
1631 4236 1879 4283 materno
1906 4243 1971 4283 ex

396 4332 622 4388 genere,
677 4317 803 4370 mali
850 4317 983 4386 quid
1034 4317 1345 4386 obvenerit,
1395 4319 1570 4390 magis
1624 4319 1773 4389 ipsos
1817 4319 1968 4384 latet,

2615 1658 3012 1713 ΚΕΦΑΛΑΙΟΝ
3044 1659 3152 1711 ΚΘ¹
3162 1701 3175 1712 .

2021 1744 2064 1798 Β
2091 1775 2232 1844 Περὶ
2293 1773 2401 1828 τοῦ
2459 1771 3293 1844 καθαρῶςίφιλοσοεροῦντος.
3372 1778 3506 1832 Ἀπὸ
3578 1772 3689 1836 τοῦ

2743 1843 3064 1914 Θεαιτήτου.

2165 1935 2278 2006 Τῆς
2330 1934 2462 2006 παρ’
2544 1933 2817 2004 Ἑϐραίοις
2877 1936 3098 2005 γραφῆς
3149 1936 3278 2008 περὶ
3330 1935 3426 1989 τοῦ
3480 1939 3683 2010 σπουδῇ

2090 2025 2510 2096 φιλοσοφοῦντος
2539 2025 2876 2096 φασκούσης,
2909 2046 2926 2077 ι
2966 2025 3193 2094 Ἀγαθὸν
3222 2026 3398 2099 ἀνδρὶ,
3425 2029 3556 2082 ὅταν
3578 2030 3687 2102 ἄρῃ

2091 2117 2256 2185 ζυγὸν
2307 2120 2372 2170 ἐκ
2433 2117 2689 2188 νεότητος
2726 2117 2920 2171 αὐτοῦ·
2989 2117 3288 2190 καθήσεται
3347 2122 3684 2191 καταμόνας,

2089 2209 2184 2262 καὶ
2214 2209 2570 2279 σιωπήσεται,
2605 2209 2688 2261 ὅτι
2735 2205 2869 2280 ἦρεν
2896 2209 2981 2278 ἐφ’
3013 2210 3213 2282 ἑαυτῷ,
3244 2231 3262 2262 ι
3301 2215 3396 2265 καὶ
3423 2215 3555 2285 περὶ
3577 2215 3687 2267 τῶν

2089 2299 2351 2370 θεοφιλῶν
2386 2299 2702 2372 προφητῶν,
2731 2301 2805 2364 ὠς
2825 2300 2933 2373 ἄρα
2956 2302 3022 2354 δι’
3052 2303 3331 2374 ἀκρότητα
3362 2306 3686 2376 φιλοσοφίας

2088 2394 2147 2446 ὲν
2178 2391 2464 2464 ἐρημίαις,
2493 2394 2586 2446 καὶ
2616 2392 2788 2461 ὄρεσι,
2823 2395 2918 2446 καί⁹
2953 2393 3240 2465 σπηλαίοις
3272 2395 3482 2466 διῆγον,
3547 2400 3687 2470 πρὸς

2091 2485 2239 2554 μόνῳ
2260 2485 2339 2554 τῷ
2367 2483 2484 2555 Θεῷ
2508 2483 2606 2556 τὴν
2663 2484 2904 2538 διάνοιαν
2942 2484 3159 2556 ἔχοντες
3183 2505 3196 2516 ο
3239 2487 3546 2542 ἐπάκουσον
3589 2491 3683 2544 τοῦ

2086 2576 2396 2641 Πλάτωνος,
2426 2577 2575 2639 ὅπως
2607 2576 2700 2628 καὶ
2729 2577 2892 2641 αὐτὸς
2926 2577 3016 2630 τὸν
3047 2578 3250 2632 τοιόνδε
3273 2579 3366 2633 τοῦ
3402 2580 3522 2650 βίου
3561 2583 3686 2654 τρό-

2086 2685 2186 2720 πον
2211 2667 2501 2732 ὲκθειάζει,
2529 2660 2632 2721 ὧδέ
2662 2684 2738 2738 πη
2764 2669 2893 2740 περὶ
2919 2668 3014 2721 τοῦ
3052 2669 3237 2742 ἄκρως
3261 2671 3684 2741 φιλοσοφοῦντος

2084 2759 2319 2824 διεξιών·
2362 2778 2381 2810 ι
2418 2759 2683 2830 Λέγωμεν
2711 2759 2776 2830 δὴ
2808 2759 2945 2832 (47),
2980 2761 3055 2825 ῶς
3094 2763 3305 2828 ἔοικεν,
3341 2764 3466 2816 ὲπεί
3505 2765 3591 2818 σοί
3620 2783 3684 2835 γε

2085 2850 2252 2913 δοκεῖ,
2285 2853 2412 2922 περὶ
2439 2848 2548 2902 τῶν
2580 2849 2894 2921 κορυφαίων
2919 2866 2931 2880 ’
2961 2850 3047 2920 (τί
3073 2851 3181 2922 γὰρ
3217 2853 3282 2906 ἄν
3334 2870 3420 2917 τις
3456 2853 3587 2918 τούς
3620 2872 3682 2922 γε

2087 2941 2302 3013 φαύλως
2325 2941 2701 3012 διατρίϐοντας
2730 2944 2787 2994 ὲν
2815 2941 3108 3014 φιλοσοφίᾳ¹
3154 2942 3303 3011 λέγοι
3323 2945 3380 3014 ;)
3433 2938 3586 2996 οὗτοι
3623 2945 3680 2997 δέ

2086 3053 2187 3088 που
2228 3037 2293 3088 ὲκ
2339 3034 2475 3088 νέων
2524 3034 2741 3105 πρῶτον
2773 3034 2872 3105 μὲν
2905 3035 2984 3097 εἰς
3034 3034 3370 3107 ἀγορὰνούκ
3401 3035 3552 3089 ἴσασι
3580 3038 3679 3108 τὴν

2087 3128 2225 3192 ὁδὸν,
2278 3126 2398 3179 οὐδὲ
2455 3127 2589 3179 ὅπου
2628 3125 2997 3196 δικαστήριον,
3046 3125 3517 3200 ἢβουλευτήριον,
3561 3130 3678 3200 ήτι

2088 3218 2262 3272 κοινὸν
2311 3217 2440 3273 ἄλλο
2467 3218 2567 3288 τῆς
2600 3217 2808 3281 πόλεως
2857 3218 3161 3289 συνέδριον
3223 3219 3427 3289 νόμους
3476 3220 3535 3272 δὲ
3587 3222 3678 3274 καὶ

2085 3309 2410 3382 ψηφίσματα
2469 3309 2759 3380 λεγόμενα,
2800 3310 2833 3381 ἢ
2877 3309 3242 3382 γεγραμμένα
3261 3309 3373 3363 οὗθ’
3435 3311 3676 3382 ὁρῶσιν,

2085 3402 2196 3455 οὔτ’
2231 3403 2511 3456 ἀκούουσι.
2557 3402 2794 3454 Σπουδαὶ
2832 3401 2888 3454 δὲ
2929 3399 3185 3473 ἑταιριῶν
3219 3401 3306 3452 ἐπ’
3339 3400 3538 3471 ἀρχὰς,
3584 3402 3674 3454 καὶ

2089 3495 2315 3556 σύνοδοι,
2341 3496 2434 3548 καὶ
2455 3495 2664 3560 δεῖπνα,
2689 3494 2783 3547 καὶ
2823 3495 2919 3547 σὺν
2964 3493 3252 3565 αὐλητρίσι
3300 3493 3502 3563 κῶμοι,
3557 3494 3674 3546 οὐδὲ

2083 3588 2217 3659 ὄναρ
2247 3588 2506 3658 πράττειν
2539 3586 2650 3659 (48)
2679 3585 3040 3658 προσίσταται
3073 3587 3277 3648 αὐτοῖς.
3317 3581 3391 3638 Εὖ
3427 3587 3484 3639 δὲ
3513 3587 3546 3656 ἢ
3577 3605 3673 3638 κα-

2084 3680 2195 3744 κῶς
2219 3697 2270 3732 τι
2294 3680 2514 3749 γέγονεν
2536 3679 2594 3732 ὲν
2626 3678 2800 3743 πόλει,
2841 3677 2873 3748 ἢ
2899 3678 2951 3730 τί
2981 3696 3059 3748 τῳ
3087 3677 3252 3730 κακόν
3271 3681 3420 3730 ἐστιν
3457 3679 3522 3730 ὲκ
3542 3695 3672 3748 προ-

2083 3771 2256 3840 γόνων
2282 3771 2523 3840 γεγονὸς,
2548 3770 2581 3842 ἦ
2607 3769 2744 3838 πρὸς
2783 3769 3010 3839 ἀνδρῶν,
3048 3767 3081 3839 ἢ
3127 3768 3427 3836 γυναικῶν,
3468 3769 3670 3839 μᾶλλον

2083 3865 2245 3919 αὐτὸν
2269 3864 2378 3935 (49)
2397 3862 2640 3933 λέληθεν,
2666 3862 2699 3932 ἢ
2723 3863 2881 3931 οἱτῆς
2905 3861 3180 3931 θαλάσσης
3198 3860 3486 3931 λεγόμενοι
3525 3862 3666 3932 χόες.

2081 3957 2193 4010 Καὶ
2231 3954 2403 4009 ταῦτα
2441 3955 2618 4008 πάντα
2646 3953 2751 4005 οὐδ’
2788 3954 2866 4005 ὃτι
2891 3953 2991 4005 οὐκ
3015 3949 3172 4017 οἶδεν,
3207 3948 3368 4006 οἶδεν.
3411 3953 3548 4006 Οὐδὲ
3564 3954 3671 4022 γάρ

2082 4045 2260 4100 αὐτῶν
2292 4045 2554 4116 ἀπέχεται
2591 4043 2684 4096 τοῦ
2717 4044 3021 4114 εὐδοκιμεῖν
3046 4045 3242 4112 χάριν
3277 4042 3414 4096 ἀλλὰ
3452 4044 3530 4114 τῷ
3561 4044 3670 4097 ὄντι

2080 4140 2140 4193 τὸ
2174 4139 2331 4210 σῶμα
2367 4139 2527 4209 μόνον
2558 4138 2614 4190 ὲν
2641 4139 2706 4207 τῇ
2740 4136 2890 4188 πόλει
2923 4138 3096 4187 κεῖται
3121 4134 3308 4200 αὐτοῦ,
3347 4137 3444 4188 καὶ
3485 4136 3671 4204 ἐπιδη-

2083 4235 2204 4303 μεῖ·
2245 4233 2278 4302 ή
2312 4229 2368 4282 δὲ
2403 4229 2630 4292 διάνοια,
2651 4228 2823 4281 ταῦτα
2857 4227 3038 4280 πάντα
3060 4228 3388 4298 ἡγησαμένη
3439 4228 3669 4300 σμικρὰ,

2079 4323 2174 4374 καὶ
2208 4320 2359 4372 οὐδὲν
2384 4319 2721 4388 ἀτιμάσασα,
2747 4317 2995 4387 πανταχῆ
3027 4317 3276 4380 πέταται,
3301 4315 3448 4369 κατὰ
3482 4318 3674 4370 Πίνδα-

393 4425 558 4478 quam
590 4423 872 4472 numerus,
905 4407 1052 4478 quod
1082 4409 1257 4475 aiunt,
1294 4425 1608 4464 arenarum.
1652 4410 1829 4481 Atque
1858 4412 1974 4467 haec

2095 4431 2198 4478 σον,
2230 4412 2300 4466 τά
2332 4428 2390 4464 τε
2431 4411 2534 4480 γᾶς
2565 4408 2850 4483 ὑπένερθε,
2893 4409 2985 4461 καὶ
3015 4407 3081 4461 τὰ
3117 4406 3416 4478 ὲπίπερθεν
3462 4425 3673 4478 γεωμε-

393 4500 484 4556 ille
517 4500 699 4554 omnia
729 4499 810 4554 sic
844 4500 1078 4569 ignorat,
1109 4510 1167 4553 ut
1206 4501 1394 4554 eadem
1440 4501 1538 4556 abs
1579 4516 1701 4556 sese
1734 4501 1974 4572 ignorari

393 4593 620 4648 nesciat.
652 4589 862 4662 Quippe
896 4607 998 4647 nec
1027 4592 1173 4646 enim
1217 4592 1395 4647 laudis
1441 4594 1777 4663 aucupandae
1808 4610 1974 4650 causa

395 4686 464 4739 ab
495 4700 682 4739 earum
731 4699 852 4739 sese
887 4699 1073 4739 rerum
1117 4685 1501 4739 communione
1543 4694 1837 4756 segregat:
1880 4687 1974 4742 sed

394 4792 582 4832 revera
625 4776 801 4832 solum
857 4775 978 4845 ejus
1020 4790 1218 4846 corpus
1256 4775 1310 4830 in
1362 4775 1578 4832 civitate
1630 4783 1877 4832 versatur
1921 4786 1977 4833 et

392 4867 633 4931 habitat;
680 4882 837 4922 mens
884 4882 1014 4922 vero
1057 4867 1189 4923 dum
1235 4867 1488 4924 universa
1531 4869 1634 4924 ista
1681 4870 1975 4926 humiliora

389 4958 691 5022 existimat,
723 4957 967 5028 nihilque
993 4959 1146 5018 facit,
1181 4958 1384 5028 passim
1418 4959 1629 5015 interea
1674 4962 1862 5016 volitat
1892 4964 1976 5032 (ut

394 5050 592 5105 cecinit
639 5049 964 5120 Pindarus),
1004 5051 1168 5123 603
1204 5066 1326 5121 quae
1367 5052 1469 5106 sub
1520 5053 1701 5118 terris,
1747 5069 1978 5124 quaeque

396 5158 562 5212 supra
593 5152 763 5200 terras
801 5144 1112 5211 dimetiens,
1143 5159 1436 5214 rerumque
1465 5145 1770 5200 caelestium
1808 5146 1977 5199 ratio-

312 5290 317 5292 ,
399 5247 496 5290 nes
544 5237 893 5292 astronomiae
940 5235 995 5290 vi
1048 5235 1376 5301 enucleans,
1422 5245 1702 5308 totamque
1751 5237 1977 5293 omnino

468 5347 514 5378 ’³⁸
547 5345 749 5403 Thren.
786 5364 872 5412 ιιι,
910 5347 1001 5414 27,
1033 5346 1125 5402 28.

469 5439 582 5511 (ιτ)
599 5440 873 5509 Λέγιωμεν
889 5438 1261 5509 δή,ἳ8.ΡΙειο
1295 5437 1348 5511 in
1378 5435 1657 5511 Theaeteto,
1683 5434 1883 5505 p.127,
1905 5433 1966 5489 E.

400 5505 504 5574 Qui
532 5505 698 5564 locus
717 5505 872 5578 plane
898 5505 1126 5578 insignis
1149 5521 1202 5562 et
1225 5507 1460 5578 eximius
1489 5515 1590 5578 est.

473 5578 583 5660 (48)
625 5573 948 5660 Οὐδὲθόναρ
974 5573 1286 5660 «parturn
1309 5575 1660 5660 SubaudiA'ra.
1703 5573 1928 5628 τοιαῦτα
1952 5615 1967 5637 ,

403 5647 681 5716 superiora
711 5651 854 5704 enim
889 5647 942 5703 in
974 5648 1291 5704 nominandi
1336 5662 1468 5701 casu
1488 5685 1502 5708 ,
1554 5647 1735 5716 Attico
1762 5661 1964 5716 more,

404 5714 660 5786 pendent.
704 5719 780 5776 lta
827 5721 990 5778 etiam
1018 5721 1182 5795 vulgo
1213 5718 1518 5775 diceremus
1539 5756 1554 5783 ,
1610 5714 1718 5770 Car
1750 5715 1824 5770 les
1861 5715 1969 5769 bri-

2079 4503 2304 4576 τροῦσα,
2339 4501 2570 4574 ούρανοῦ
2602 4519 2661 4554 τε
2706 4500 2844 4572 ὓπερ
2876 4498 3286 4571 άστρονομοῦσα
3307 4540 3321 4562 ,
3359 4500 3457 4552 καὶ
3493 4503 3672 4552 πᾶσαν

2082 4594 2256 4666 πάντη
2289 4594 2447 4662 φύσιν
2493 4583 2836 4664 ἐρευνωμένη
2871 4591 2979 4643 τῶν
3031 4590 3200 4642 ὄντων
3231 4591 3467 4642 ἑκάστου
3526 4592 3667 4655 ὅλου,

2079 4687 2162 4750 εἴς
2199 4705 2253 4739 τι
2281 4686 2388 4740 τῶν
2426 4687 2593 4755 ἐγγὺς
2632 4683 2781 4736 οὐδὲν
2806 4681 3002 4754 ἑαυτὴν
3027 4680 3406 4750 συγκαθιεῖσα.
3447 4711 3517 4720 ——
3551 4682 3670 4744 Πῶς

2078 4780 2237 4834 τοῦτο
2284 4779 2463 4849 λέγεις
2490 4817 2505 4843 ,
2560 4771 2606 4830 ὧ
2645 4774 2964 4846 Σώκρατες
3001 4773 3296 4842 -Ὥσπερ
3344 4774 3442 4826 καὶ
3492 4773 3668 4845 Θαλῆν

2083 4869 2542 4943 ἀστρονομοῦντα,
2565 4863 2610 4921 ὦ
2642 4866 2904 4937 Θεόδωρε,
2949 4866 3044 4918 καὶ
3077 4864 3190 4920 ἄνω
3218 4865 3490 4935 βλέποντα
3512 4907 3528 4929 ,
3576 4883 3665 4919 πε-

2080 4963 2243 5033 σόντα
2281 4963 2362 5026 είς
2378 4961 2554 5033 φρέαρ
2582 4959 2800 5030 Θρᾷττά
2845 4977 2929 5023 τις
2961 4957 3204 5028 ἐμμελὴς
3257 4957 3354 5010 καὶ
3395 4957 3662 5029 χαρίεσσα

2080 5054 2397 5125 θεραπαινὶς
2423 5050 2751 5120 ἁποσκῶψαι
2775 5049 3014 5117 λέγεται,
3035 5048 3110 5110 ὡς
3137 5049 3202 5099 τὰ
3232 5047 3332 5116 μὲν
3361 5049 3420 5100 ὲν
3453 5044 3660 5118 οὐρανῷ

2080 5143 2418 5215 προθυμοῖτο
2448 5141 2666 5205 εἰδέναι,
2705 5140 2774 5193 τὰ
2797 5140 2853 5192 δὲ
2874 5137 3181 5210 ἔμπροσθεν
3197 5136 3365 5189 αὑτοῦ
3389 5139 3486 5190 καὶ
3519 5136 3659 5205 παρὰ

2082 5235 2248 5300 πόδας
2268 5234 2521 5290 λανθάνοι
2555 5233 2737 5289 αὐτόν.
2780 5232 2987 5286 Ταὺτὸν
3021 5231 3077 5283 δὲ
3109 5231 3269 5300 ἀρχεί
3295 5228 3542 5298 σκῶμμα
3573 5226 3658 5280 ἐπὶ

2078 5457 2227 5512 gues,
2246 5449 2388 5512 etc.1
2417 5439 2482 5492 ita
2511 5441 2595 5510 n‘y
2630 5447 2974 5512 songent_pas
3005 5438 3187 5512 meme.

2151 5511 2259 5581 (49)
2298 5503 2583 5564 Μᾶλλον⁷
2603 5503 2806 5562 amor.
2857 5507 2961 5581 I’_ro
3003 5507 3222 5569 αὐτούς.
3272 5505 3482 5559 Crebra
3548 5503 3651 5557 haec

2077 5578 2219 5650 apud
2240 5578 2478 5650 'Atticos,
2511 5582 2854 5647 maximeque
2883 5578 3184 5650 Platonem,
3215 5591 3452 5632 casuum
3484 5583 3650 5629 muta-

2076 5649 2187 5724 tio;
2223 5652 2368 5722 apud
2398 5649 2654 5708 Hebraos
2687 5651 2844 5720 longe
2875 5649 3224 5705 creberrima.
