3826 6232
181 318 208 371 ί
219 316 320 369 GM

1320 303 1640 359 PREPAR.
1684 296 1937 355 EVANG.
1973 297 2103 354 LIB.
2137 297 2253 353 Ill.

3292 301 3432 357 10οΞ

177 433 390 492 πάντας
425 430 539 482 ὅσοι
564 428 622 480 ὲν
646 423 931 496 φιλοσοφίᾳ
956 423 1221 491 διάγουσι.
1256 422 1347 492 Τῷ
1371 422 1480 492 γὰρ
1500 422 1615 475 όντι
1662 421 1752 473 τὸν

1876 431 2042 472 erum
2089 414 2462 485 singularum,
2508 425 2646 482 quas
2691 411 2858 483 hujus
2904 411 3147 468 universi
3191 413 3434 470 ambitus

177 523 420 578 τοιοῦτον
470 520 499 572 ὁ
534 519 633 590 μὲν
689 515 916 587 πλησίον
955 516 1047 568 καὶ
1079 516 1108 568 ό
1138 515 1338 582 γείτων
1395 513 1640 585 λέληθεν,
1691 514 1754 566 οὐ

180 614 342 685 μόνον
372 612 401 663 ὃ
445 627 498 662 τι
532 609 757 680 πράττει
785 647 800 671 ,
836 605 950 659 ἀλλ’
1007 605 1187 673 ὀλίγου
1230 605 1325 658 καὶ
1376 605 1424 657 εί
1472 603 1757 675 ἄνθρωπός

177 709 352 767 ἐστιν,
379 704 415 774 ἡ
442 720 492 757 τι
514 700 641 754 ἄλλο
672 699 923 772 θρέμμαο
958 696 1010 750 τί
1037 696 1094 750 δέ
1121 698 1239 750 ποτ’
1269 696 1416 749 ἐστὶν
1447 694 1754 766 ἄνθρωπος,

179 797 275 850 καὶ¹
299 797 353 848 τί
377 797 444 865 τῇ
477 793 704 865 τοιαύτῃ
737 791 895 860 φύσει
923 789 1188 860 προσήκει
1217 787 1472 858 διάφορον
1515 785 1623 839 τῶν
1664 785 1760 840 ἀλ·-

177 890 289 942 λων
312 891 485 942 ποιεῖν
511 887 545 958 ἢ
577 886 828 956 πάσχειν,
862 883 1017 956 ζητεί
1051 900 1135 945 τε,
1164 882 1259 936 καὶ
1302 880 1602 952 πράγματα
1647 879 1759 950 ἔχει

175 981 622 1054 διερευνώμενος.
683 977 992 1041 Μανθάνεις
1045 976 1156 1047 γάρ
1190 992 1314 1038 που,
1343 967 1389 1027 ὦ
1429 973 1690 1043 Θεόδωρε,
1723 971 1757 1042 ἢ

175 1071 280 1137 οὓς
308 1103 378 1112 -
407 1073 652 1140 Ἐγωγεο
692 1069 786 1124 καὶ
820 1067 992 1140 ἀληθῆ
1033 1067 1230 1135 λέγεις.
1265 1097 1335 1106 —
1360 1065 1667 1136 Τοιγάρτοι,
1716 1055 1762 1114 ὦ

181 1165 329 1236 φίλε,
358 1164 462 1236 ἰδίᾳ
488 1181 547 1217 τε
571 1161 955 1232 συγγινόμενος
977 1163 1006 1215 ό
1026 1160 1265 1223 τοιοῦτος
1288 1158 1524 1229 ἑκάστῳ,
1558 1157 1652 1210 καὶ
1669 1155 1764 1228 δη-

185 1256 374 1327 μοσίᾳ,
404 1255 540 1326 ὅπερ
562 1253 864 1325 ἀρχόμενος
890 1252 1095 1320 ελεγον,
1135 1251 1261 1304 ὅταν
1288 1251 1344 1302 ὲν
1366 1247 1699 1320 δικαστηρίῳ
1727 1249 1762 1320 ἦ

183 1365 291 1402 που
320 1345 500 1402 ἄλλοθι
526 1345 842 1417 ἀναγκασθῇ
874 1346 1003 1417 περὶ
1031 1343 1140 1398 τῶν
1159 1342 1309 1417 παρά
1343 1343 1510 1406 πόδας
1531 1342 1624 1396 καὶ
1654 1342 1764 1395 τῶν

184 1443 245 1495 ὲν
279 1439 577 1510 ὀφθαλμοῖς
599 1438 960 1506 διαλέγεσθαι,
985 1436 1199 1506 γέλωτα
1235 1437 1463 1509 παρέχει
1505 1437 1565 1490 οὐ
1605 1436 1765 1507 μόνον

183 1531 479 1603 Θράτταις,
503 1529 640 1584 ἀλλά
662 1530 756 1583 καὶ
780 1528 858 1600 τῷ
879 1528 1024 1600 ἀλλῳ
1049 1528 1212 1600 ὄχλῳ,
1243 1531 1324 1592 είς
1352 1527 1566 1600 φρέατά
1592 1545 1651 1581 τε
1674 1529 1768 1583 καὶ

184 1626 368 1678 πᾶσαν
393 1623 625 1694 ἀπορίαν
655 1621 942 1692 ἐμπίπτων
966 1620 1074 1674 ὑπὸ
1101 1619 1354 1692 ἀπειρίας
1372 1636 1384 1650 ο
1411 1620 1506 1674 καὶ
1539 1620 1572 1690 ἡ
1599 1620 1769 1692 ἀσχη-

187 1714 398 1787 μοσύνη
428 1715 576 1786 δεινὴ
607 1713 764 1779 δόξαν
791 1712 1118 1784 ἀϐελτηρίας
1150 1713 1521 1785 παρεχομένη.
1567 1714 1664 1766 Ἔν
1702 1729 1766 1782 γε

1855 507 2236 576 complectitur
2267 513 2518 559 naturam
2547 503 2628 559 sic
2656 503 2967 574 explorans,
3008 512 3069 559 ut
3093 511 3275 560 tamen
3307 505 3432 561 nul-

1855 599 1966 654 lam
1992 597 2060 652 ad
2085 611 2274 652 earum
2304 611 2443 666 quas
2468 595 2750 665 propiores
2779 594 2942 650 habet
2970 610 3090 651 sese
3119 595 3436 666 abjiciat.--

1857 689 1979 756 Quo
2011 698 2069 743 tu
2102 703 2267 743 sensu
2309 688 2413 742 hoc
2442 686 2558 748 ais,
2587 699 2622 740 o
2662 683 2955 741 Socrates?
2976 716 3046 727 ——
3074 685 3328 754 Prorsus,
3359 689 3434 742 mi

1860 777 2166 840 Theodore,
2195 793 2304 847 quo
2331 778 2494 831 modo
2521 775 2800 832 Thaletem
2830 776 3146 848 aliquando,
3177 778 3271 848 qui
3304 777 3434 832 dum

1859 871 2035 927 oculis
2063 870 2119 926 in
2149 871 2348 927 caelum
2391 869 2583 925 deﬁxis
2618 877 2762 925 astra
2797 870 3275 940 contemplaretur,
3314 887 3438 940 pro-

1859 963 2067 1018 ximum
2141 963 2198 1017 in
2259 971 2479 1030 puteum
2546 960 2861 1024 deciderat,
2923 960 3118 1015 ancilla
3187 961 3435 1030 quaedam

1863 1054 2123 1118 Thressa,
2173 1054 2392 1124 elegans
2429 1061 2484 1108 et
2525 1053 2732 1108 urbana
2781 1053 2886 1108 hoc
2921 1052 3048 1122 joco
3069 1053 3387 1122 perstrinxit
3412 1069 3434 1105 τ

1863 1144 1969 1211 Qui
2000 1160 2090 1200 res
2119 1144 2370 1199 cmlestes
2404 1157 2566 1198 nosse
2589 1142 2970 1207 contenderet,
3001 1157 3126 1197 eum
3164 1159 3286 1214 qua:
3318 1159 3440 1212 pro-

1866 1238 2011 1292 xima
2036 1236 2262 1306 pedibus
2291 1243 2494 1295 essent,
2521 1249 2628 1288 non
2660 1234 2862 1288 videre.
2890 1233 3045 1301 Quod
3069 1251 3206 1290 sane
3229 1236 3434 1292 dictum

1866 1327 1921 1382 in
1967 1343 2062 1383 eos
2097 1341 2288 1381 omnes
2334 1325 2626 1380 convenire
2673 1325 2885 1395 possit,
2941 1327 3035 1396 qui
3085 1328 3437 1398 philosophia

1866 1418 2047 1473 studio
2096 1432 2216 1472 sese
2265 1416 2487 1471 dedunt.
2551 1413 2830 1485 Siquidem
2883 1418 3101 1487 reipsa,
3132 1418 3280 1472 natio
3326 1421 3442 1473 haec

1868 1509 2187 1573 hominum,
2240 1522 2346 1562 non
2396 1506 2559 1560 modo
2610 1507 2740 1577 quid
2788 1508 3070 1576 proximus
3121 1523 3186 1563 ac
3228 1509 3442 1565 vicinus

1869 1607 2014 1669 agat,
2046 1613 2236 1652 verum
2279 1597 2443 1652 etiam
2489 1597 2721 1652 homon‘e
2755 1597 2845 1653 ille
2873 1599 2961 1666 sit,
2991 1614 3062 1655 an
3093 1601 3237 1656 aliud
3271 1603 3444 1673 quod-
3499 1629 3502 1634 -

1869 1691 1992 1746 dam
2037 1690 2330 1745 animantis
2379 1705 2585 1757 genus,
2627 1690 3020 1760 pmpemodum
3057 1691 3272 1764 ignorat
3303 1713 3316 1748 :
3346 1710 3443 1750 ea-

179 1773 298 1880 :rap
324 1773 444 1870 sui;
473 1773 761 1878 λοιδορίάις
794 1804 923 1859 [διον
954 1773 1066 1876 ἔχει
1089 1773 1246 1858 οὐδὲν
1268 1773 1460 1858 aiio-sva
1484 1773 1762 1875 λοιδορεῖν,

1876 1782 1994 1836 dem
2042 1792 2223 1836 tamen
2264 1781 2394 1852 quid
2441 1782 2605 1835 homo
2652 1782 2768 1852 ipse
2801 1783 2901 1846 sit,
2943 1783 3141 1853 quidve
3191 1798 3442 1841 naturam

185 1900 285 1954 ἀτε
305 1899 408 1952 οὐκ
421 1897 576 1962 εἰδὼς
599 1897 766 1951 κακὸν
793 1896 943 1950 οὐδὲν
959 1897 1172 1960 οὐδενὸς
1219 1897 1284 1949 ὲκ
1312 1895 1406 1949 τοῦ
1429 1895 1502 1968 μὴ
1535 1896 1766 1967 μεμελεο

181 1991 439 2061 τηκέναι,
462 1989 683 2060 ἀπορῶν
703 1983 798 2042 οὖν
812 1987 1018 2057 γελοῖος
1040 1989 1310 2058 φαίνεται·
1335 1987 1392 2041 έν
1407 2005 1466 2042 τε
1486 1991 1599 2052 τοῖς
1615 1987 1772 2042 ἐπαί-

179 2100 300 2147 νοις
312 2084 408 2135 καὶ
421 2084 538 2143 ταῖς
553 2079 661 2133 τῶν
672 2079 844 2134 ἀλλων
863 2078 1276 2149 μεγαλαυχίαις,
1289 2079 1350 2133 οὐ
1367 2079 1768 2151 πῳσποιητῶς,

180 2176 324 2231 ἀλλά
338 2175 416 2245 τῷ
431 2174 544 2228 όντι
561 2172 735 2242 γελῶν
758 2171 974 2244 ἔνδηλος
989 2173 1328 2244 γιγνόμενος,
1355 2171 1605 2246 ληρώδης
1625 2173 1774 2227 δοκεῖ

181 2264 350 2324 εἶναι.
365 2267 641 2340 Τύραννόν
656 2283 714 2320 τε
734 2265 893 2336 γάρῆ
914 2264 1140 2336 βασιλέα
1162 2264 1662 2337 ἐγκωμιαζόμενον,
1676 2265 1774 2319 ἕνα

180 2359 296 2416 τῶν
319 2358 549 2430 νομέων,
566 2352 677 2412 οἷον
697 2356 970 2428 συϐώτην,
992 2357 1025 2428 ἦ
1050 2357 1306 2427 ποιμένα,
1330 2357 1364 2428 ἦ
1388 2373 1508 2410 τινα
1524 2356 1774 2426 βουκόλον

170 2455 405 2524 ἡγεῖται
420 2451 639 2506 ἀκούειν
659 2448 1157 2522 εὐδαιμονιζόμενον
1185 2449 1323 2503 πολὺ
1347 2447 1636 2518 βδάλλοντα
1656 2466 1669 2478 ’
1687 2447 1776 2500 δυ-

182 2544 425 2600 σκολώτε
433 2561 521 2616 ρον
537 2543 595 2598 δὲ
618 2543 838 2597 ἐκείνων
857 2542 992 2608 ζῶον
1008 2541 1540 2611 καὶὲπιϐουλότερον,
1555 2539 1777 2610 ποιμαί-

181 2649 269 2686 νει
285 2631 399 2705 (50)
412 2649 468 2686 τε
487 2633 580 2685 καὶ
598 2631 837 2702 βδάλλειν
853 2631 1061 2702 νομίζει
1081 2629 1596 2702 αὐτούς.Ἀγροικον
1610 2629 1667 2683 δὲ
1681 2629 1778 2682 καὶ

185 2721 514 2775 ἀπαίδευτον
547 2720 652 2775 ὑπὸ
673 2721 930 2791 ἀσχολίας
957 2719 1107 2773 οὐδὲν
1127 2714 1288 2790 ἦττον
1319 2718 1428 2772 τῶν
1451 2719 1664 2788 νομέων
1684 2717 1778 2771 τδν

183 2813 430 2866 τοιοῦτον
487 2813 782 2882 ἀναγκαῖον
805 2811 1075 2882 γίνεσθαι,
1100 2811 1266 2884 σηκὺν
1293 2813 1349 2863 έν
1376 2810 1492 2881 δρει
1517 2809 1578 2863 τὺ
1600 2811 1777 2879 τεῖχος

187 2902 676 2974 περιϐεϐλημένον.
706 2903 816 2973 Γῆς
841 2903 898 2956 δὲ
923 2903 1053 2956 ὅταν
1083 2901 1250 2972 μυρία
1269 2900 1378 2971 (5i)
1403 2899 1609 2967 πλέθρα
1629 2898 1664 2970 ἢ
1695 2899 1775 2953 ἔτι

189 2986 366 3048 πλείω
392 2994 772 3067 ἀκούσῃ,ὃστις
796 2993 906 3065 ἄρα
925 2990 1257 3064 κεκτημένος
1285 2988 1573 3060 θαυμαστὰ
1595 2987 1773 3059 πλήθη

184 3085 476 3154 κέκτηται,
514 3084 655 3140 πάνυ
708 3083 917 3155 σμικρά
945 3082 1094 3136 δοκεῖ
1144 3078 1382 3145 ἀκούειν,
1425 3084 1506 3145 εἰς
1557 3080 1772 3134 ἃπασαν

189 3174 401 3240 εἰωθὼς
428 3177 525 3248 τὴν
556 3177 658 3248 γῆν
687 3176 924 3246 βλέπειν.
957 3173 1040 3228 Τὰ
1063 3175 1119 3228 δὲ
1150 3173 1214 3245 δὴ
1237 3175 1367 3244 γένη
1397 3174 1510 3243 (52)
1541 3171 1773 3244 ὑμνούν-

186 3283 322 3331 ⁶των,
359 3267 434 3330 ὡς
457 3267 702 3336 γενναῖός
731 3285 814 3331 τις
841 3265 980 3320 ἑπτὰ
1010 3267 1267 3330 πάππους
1315 3264 1603 3327 πλουσίους
1637 3263 1776 3334 ἔχων

188 3359 496 3429 ἀποφῆναι,
525 3359 870 3412 παντάπασιν
899 3356 1079 3427 ἀμϐλὺ
1101 3357 1195 3410 καὶ
1223 3356 1315 3408 ἐπὶ
1344 3355 1574 3426 σμικρὸν
1606 3353 1776 3426 ὁρών-

189 3467 305 3503 των
331 3451 543 3520 ἡγεῖται
562 3449 656 3502 τὸν
690 3449 933 3512 ἔπαινον,
961 3451 1065 3503 ὑπὸ
1091 3449 1443 3511 ἀπαιδευσίας
1464 3447 1524 3499 οὐ
1546 3445 1778 3514 δυναμέ-

193 3559 306 3595 νων
339 3544 420 3605 είς
474 3543 535 3594 τὸ
579 3544 685 3596 πᾶν
736 3543 823 3596 ἀεὶ
876 3543 1117 3614 βλέπειν,
1165 3541 1285 3594 οὐδὲ
1339 3537 1645 3605 λογίζεσθαι
1697 3538 1779 3590 ὃτι

193 3634 442 3688 πάππων
467 3635 560 3687 καὶ
592 3635 872 3705 προγόνων
899 3633 1009 3704 (55)
1035 3633 1250 3702 ἑκάστῳ
1277 3629 1532 3702 μυριάδες
1560 3628 1781 3698 γεγόνα-

196 3743 286 3779 σιν
316 3726 701 3798 ἀναρίθμητοι,
743 3729 804 3780 ὲν
825 3724 913 3790 αἷς
937 3725 1183 3780 πλούσιοι
1215 3725 1310 3778 καὶ
1353 3722 1592 3791 πτωχοὶ,
1631 3719 1780 3789 βασι-

193 3818 312 3882 λεῖς
343 3820 439 3872 καὶ
487 3818 683 3884 δοῦλοι,
716 3817 982 3890 βάρϐαροί
1019 3835 1078 3871 τε
1113 3816 1208 3870 καὶ
1237 3814 1496 3886 Ἕλληνες
1521 3812 1779 3873 πολλάκις

198 3910 389 3983 μυρίοι
411 3911 696 3979 γεγόνασιν
721 3910 923 3982 ὁτῳοῦν
942 3929 956 3942 ·
983 3911 1096 3964 ἀλλ’
1139 3909 1233 3963 ἐπὶ
1264 3908 1425 3962 πέντε
1464 3907 1560 3960 καὶ
1607 3905 1781 3958 εἴκοσι

195 4003 486 4074 καταλόγῳ
513 4003 792 4076 προγόνων
817 4001 1228 4073 σεμνυνομένων
1273 3999 1306 4071 ἢ
1339 4001 1434 4053 καὶ
1479 3997 1782 4069 ἀναφερόν-

194 4111 309 4148 Ιτων
355 4097 436 4158 εἰς
491 4095 764 4167 Ἡρακλέα
792 4095 884 4148 τὸν
929 4093 1358 4165 ’Δμφιτρὺωνος.
1413 4090 1590 4144 ἄτοπα
1631 4087 1781 4142 αὐτῶ

273 4229 428 4301 (50)
495 4232 818 4302 Ποιμαίνει.
877 4233 1271 4303 Reponentlum
1322 4245 1390 4284 ex
1439 4227 1666 4284 Platone
1729 4238 1785 4282 et

198 4317 484 4373 manuscr.
523 4303 850 4373 ποιμαίνειν.

275 4369 390 4443 (51)
419 4369 632 4439 Μυρίαζ
665 4372 739 4428 Ita
769 4371 985 4443 quidem
1004 4387 1232 4443 omnes.
1255 4369 1780 4443 Legentlumtamen

200 4439 295 4494 est
315 4439 504 4513 μύρια,
532 4458 655 4497 cum
680 4439 961 4513 sequatur,
986 4441 1017 4513 ἢ
1049 4442 1129 4495 ἔτι
1160 4440 1350 4505 πλείω,
1376 4441 1521 4510 quod
1549 4439 1783 4494 absurde
1816 4453 1862 4508 ι)

202 4521 331 4581 post
348 4512 531 4582 μυρία
552 4512 901 4582 sequeretur.

276 4578 391 4706 (ἕξ)
425 4578 512 4705 ιΤὰ
535 4581 602 4634 δὲ
628 4581 704 4649 δὴ
728 4579 892 4652 γένη.
922 4580 1041 4637 Huc
1072 4589 1254 4652 satyra
1283 4578 1564 4635 Iuvenalis
1595 4587 1784 4634 octava

276 4667 304 4705 r
329 4667 418 4706 me
459 4693 474 4706 .

202 4666 442 4721 pertinet
459 4693 474 4716 ,

430 4740 724 4828 Stemmata
751 4743 878 4813 quid
905 4743 1106 4812 faciunt
1125 4743 1150 4792 ?

203 4835 434 4892 Persius
487 4837 614 4891 item
669 4847 774 4892 sat.
818 4838 852 4890 5
894 4838 1056 4891 inane
1105 4836 1207 4891 hoc
1247 4836 1302 4890 in
1337 4834 1595 4890 Romani:
1686 4835 1786 4888 do-

205 4907 544 4962 !escentibus
572 4906 795 4978 αὔχημα
819 4907 1140 4978 castigabat.

275 5021 363 5091 4n
389 5019 568 5074 deceat
593 5021 890 5089 pulmonem
919 5039 1160 5091 rumpere
1186 5023 1375 5084 ventis,

279 5089 572 5144 Stemmate
596 5093 734 5160 quod
771 5091 938 5147 Tusco
971 5089 1178 5147 ramum
1204 5091 1480 5145 millesime
1515 5089 1719 5142 ducas?

205 5181 310 5235 Adi
344 5189 410 5252 et!
425 5179 690 5252 Senecam
719 5183 877 5252 epist.
905 5184 976 5238 44
1005 5203 1018 5237 :
1053 5183 1257 5238 lterum
1276 5221 1292 5246 ,
1327 5181 1542 5250 inquit,
1573 5188 1630 5233 tu
1660 5179 1787 5252 mihi

208 5261 257 5304 te
289 5250 572 5324 pusillum!
589 5251 722 5321 facis
743 5250 766 5316 ,⁷
797 5263 848 5307 et
877 5255 1012 5308 dicis
1033 5295 1050 5320 ,
1086 5253 1372 5324 malignius
1416 5261 1584 5324 tecum
1623 5251 1788 5324 egisse

207 5330 463 5392 naturam
490 5320 658 5385 prius,
683 5323 870 5377 deinde
900 5325 1170 5392 fortunam
1197 5320 1367 5378 {cum
1389 5320 1560 5390 possis
1593 5328 1641 5373 te
1669 5322 1786 5372 exi-

207 5406 353 5444 mere
374 5389 548 5461 vulgo,
567 5402 616 5444 et
645 5393 712 5445 ad
731 5389 1037 5461 felicitatem
1058 5395 1291 5448 omnium
1314 5391 1603 5461 maximam
1623 5405 1790 5444 emer-

209 5457 445 5536 gere.'Si
468 5457 601 5530 quid
635 5457 792 5536 aliud
814 5474 891 5518 est
927 5467 984 5518 in
1009 5463 1342 5536 philosophia
1380 5460 1665 5536 boni_._h_06
1687 5469 1786 5536 es}.

208 5528 596 5636 quodnitiegma
621 5549 724 5586 non
748 5533 984 5603 inspicit.
1009 5528 1188 5602 Quam
1215 5528 1319 5589 hoc
1343 5530 1518 5587 nostri
1545 5528 1788 5584 Platonis

210 5616 280 5654 ex
311 5615 519 5668 gentos.

284 5669 410 5746 (53)
440 5669 710 5746 Πάππῳγ
739 5675 837 5727 καὶ
879 5676 1204 5746 προτόνων.
1234 5673 1441 5746 Seneca
1461 5668 1666 5746 ,__ibid.,
1691 5685 1789 5746 au-

213 5741 325 5796 reis
360 5741 520 5796 olane
543 5742 722 5798 verbis
762 5739 933 5814 atque
954 5739 1243 5802 sententiis
1275 5763 1288 5799 :
1328 5740 1586 5798 Omnibus
1616 5739 1786 5807 nobis,

538 5840 730 5900 Pun.
769 5841 886 5902 Gn,
919 5841 1094 5906 XXI.

1871 1873 2163 1944 ejusmodi,
2206 1883 2401 1943 prater
2466 1873 2698 1928 aliarum
2745 1873 3114 1931 conditionem
3165 1877 3249 1932 vel
3288 1892 3446 1949 agere

1871 1967 1958 2021 vel
1999 1965 2110 2035 pati
2155 1965 2372 2031 deceat,
2399 1980 2524 2022 cum
2559 1965 2791 2018 rimatur
2841 1965 3106 2031 studiose,
3149 1977 3261 2022 tum
3294 1968 3349 2023 in
3380 1984 3444 2024 ea

1871 2073 2003 2112 sura
2057 2057 2262 2112 laboris
2325 2057 2622 2127 plurimum
2676 2070 2744 2110 ac
2792 2053 3123 2111 diﬂicultatis
3172 2058 3443 2115 exhaurit.

1871 2146 2064 2204 Jamne
2097 2148 2375 2219 intelligis,
2411 2147 2486 2203 mi
2534 2146 2852 2202 Theodore?
2887 2163 2958 2202 an
3011 2149 3152 2202 non?
3177 2179 3248 2195 --
3281 2149 3446 2206 Intel-

1874 2241 1983 2311 ligo
2023 2240 2296 2307 equidem.
2338 2239 2406 2294 Et
2438 2255 2565 2295 vera
2611 2255 2744 2295 sane
2787 2241 3047 2312 loqueris.
3086 2270 3154 2280 —
3179 2238 3449 2296 Nimirum

1874 2347 2025 2402 ergo,
2056 2332 2150 2402 qui
2198 2333 2468 2402 ejusmodi
2503 2331 2687 2398 fuerit,
2720 2331 3028 2396 Theodore,
3065 2332 3112 2386 is
3141 2346 3238 2387 seu
3270 2333 3453 2402 priva-

1880 2428 1974 2481 tim
2001 2441 2125 2481 Cum
2161 2423 2494 2495 quocunque
2522 2423 2850 2488 versabitur,
2875 2439 2970 2478 seu
3001 2425 3236 2494 publice,
3268 2441 3453 2495 quem-

1875 2519 2170 2574 admodum
2203 2516 2360 2570 initio
2387 2515 2521 2582 dixi,
2556 2516 2639 2570 vel
2685 2517 2739 2569 in
2762 2515 2967 2586 judicio
2987 2555 3002 2580 ,
3037 2516 3118 2570 vel
3143 2517 3234 2571 ubi
3261 2517 3353 2571 ubi
3385 2517 3456 2572 de

1875 2609 2042 2664 rebus
2071 2622 2209 2678 quas
2253 2615 2376 2660 ante
2416 2607 2580 2676 pedes
2635 2615 2798 2677 atque
2841 2604 2898 2660 in
2927 2605 3098 2661 oculis
3130 2607 3346 2672 habeat,
3370 2607 3458 2664 di-

1879 2715 2002 2756 cere
2031 2697 2287 2769 cogetur,
2322 2712 2431 2750 non
2468 2695 2723 2752 Thressis
2763 2697 2928 2751 modo
2965 2697 3322 2764 mulierculis,
3357 2698 3454 2754 sed

1877 2792 2045 2847 etiam
2081 2790 2304 2860 reliquae
2345 2789 2676 2843 multitudini
2706 2789 2875 2842 risum
2911 2790 3169 2858 movebit,
3204 2805 3352 2854 cum,
3381 2791 3454 2846 ob

1879 2898 2063 2938 rerum
2103 2881 2452 2951 imperitiam,
2486 2880 2540 2934 in
2571 2890 2960 2958 puteosﬁatque
3000 2881 3055 2936 in
3089 2882 3268 2938 omnis
3295 2881 3457 2937 dubi-

1880 2973 2097 3028 tationis
2121 2982 2310 3027 aestum
2338 2972 2607 3026 inciderit.
2633 2970 2698 3025 Et
2722 2956 2939 3041 quidem
2969 2987 3131 3042 grave
3159 2972 3453 3028 admodum

1880 3064 2120 3135 stuporis
2152 3079 2322 3134 genus
2352 3063 2678 3133 ineptiarum
2710 3073 2812 3127 est,
2849 3065 2994 3136 quod
3019 3067 3209 3123 all‘erat
3237 3066 3452 3137 opinio~

1879 3173 2002 3213 nem
2031 3155 2292 3212 stultitiae.
2333 3154 2469 3209 Nam
2500 3165 2559 3210 ut
2597 3155 2828 3210 aliorum
2862 3158 3126 3214 cenviciis
3159 3159 3454 3229 appetitus,

1879 3246 2025 3318 quod
2079 3246 2362 3317 proprium
2416 3245 2534 3315 ipse
2584 3245 2719 3299 nihil
2764 3245 2990 3311 habeat,
3046 3263 3157 3317 quo
3208 3247 3452 3303 vicissim

1878 3341 2016 3396 alios
2045 3338 2355 3393 remordeat
2391 3337 2611 3408 (quippe
2645 3339 2738 3407 qui
2769 3339 2977 3392 nullum
3021 3340 3344 3410 cujusquam
3375 3339 3457 3394 vi-

1879 3433 2017 3488 tium
2051 3431 2280 3497 noverit,
2314 3430 2503 3500 procul
2527 3431 2596 3484 ab
2626 3432 2790 3486 simili
2813 3433 3140 3503 cogitatione
3165 3435 3458 3502 semotus),

1881 3525 1952 3579 ob
1982 3522 2344 3578 hmsitantiam
2371 3521 2635 3577 ridiculus
2664 3538 2784 3578 esse
2813 3525 2955 3578 solet
2988 3540 3001 3575 :
3035 3525 3114 3579 sic
3137 3526 3192 3578 in
3222 3526 3458 3580 aliorum

1881 3616 2044 3672 etiam
2090 3615 2364 3679 laudibus,
2397 3622 2450 3668 et
2497 3614 2753 3670 insolenti
2784 3601 2966 3670 rierum
2995 3630 3219 3670 suarum
3243 3615 3460 3684 jactan-

1882 3709 1979 3774 tia,
2013 3707 2144 3762 dum
2181 3708 2323 3760 idem
2375 3721 2482 3760 non
2515 3705 2806 3770 simulate,
2855 3705 2950 3760 sed
2999 3721 3128 3761 vere
3173 3707 3464 3778 palamque

1882 3799 2046 3862 ridet,
2076 3797 2279 3852 bardus
2304 3811 2370 3852 ac
2392 3796 2597 3851 delirus
2626 3797 2857 3851 videtur.
2889 3795 3027 3852 Nam
3054 3807 3344 3869 tyrannum
3368 3809 3464 3854 aut

1882 3905 2066 3961 regem
2101 3887 2313 3943 laudari
2364 3889 2411 3941 si
2451 3889 2656 3953 audiet,
2697 3890 3014 3958 pecuarium
3059 3891 3163 3945 sibi
3202 3891 3461 3962 aliquem.

1884 3981 2172 4037 subulcum
2209 3987 2357 4049 puta,
2388 3979 2473 4034 vel
2499 3988 2796 4050 pastorem,
2846 3981 2927 4035 vel
2958 3981 3277 4045 bubulcum,
3313 3985 3464 4054 quod

1884 4072 2088 4128 affatim
2141 4073 2416 4140 mulgeat,
2466 4071 2684 4126 beatum
2744 4071 3004 4131 celebrari
3070 4073 3460 4143 persuadebit:

1887 4256 2102 4327 totidem
2127 4264 2365 4327 ante‘nos
2393 4263 2515 4327 sunt
2535 4255 2906 4327 {nulliusnon
2928 4258 3074 4327 origo
3095 4256 3240 4310 ultra
3267 4272 3466 4327 memo-

1887 4327 2023 4379 riam
2045 4325 2210 4396 jacet.
2241 4323 2399 4396 Plato
2433 4325 2510 4376 ait
2542 4325 2750 4394 (utique
2783 4325 2884 4379 hoc
2916 4323 3036 4394 ipso
3078 4327 3220 4390 loco,
3253 4328 3344 4396 qui
3373 4325 3466 4380 Li-

1886 4397 2009 4465 psio
2026 4394 2400 4464 πολυμνήμονι
2429 4409 2534 4448 ηοη
2569 4396 2815 4468 veniebat
2842 4396 3179 4468 inmentem)
3205 4394 3467 4450 neminem

1888 4481 2057 4535 regem
2079 4481 2181 4518 non
2205 4481 2269 4518 ex
2297 4468 2459 4518 servis
2481 4481 2590 4518 esse
2613 4467 2922 4524 oriundum.
2945 4467 3203 4521 neminem
3233 4484 3335 4520 non
3359 4483 3466 4521 δεμ

1890 4552 2010 4590 vum
2028 4552 2093 4589 es:
2117 4535 2343 4603 regibus.
2373 4535 2565 4587 Omnia
2588 4535 2692 4589 ista
2722 4535 2876 4604 longa
2902 4537 3129 4590 varietas
3162 4537 3396 4599 miscuit,
3415 4545 3466 4590 et

1889 4622 2100 4660 sursum
2125 4605 2370 4675 deorsum
2411 4605 2622 4672 fortuna
2655 4607 2896 4658 versavit.
2941 4605 3072 4670 Quis
3100 4623 3220 4675 ergo
3247 4622 3466 4675 genero-

1888 4677 2018 4730 sus?
2053 4674 2138 4728 Ad
2179 4676 2425 4727 virtutem
2466 4677 2587 4726 bene
2635 4691 2667 4726 a
2710 4685 2906 4743 natura
2967 4673 3305 4744 compositus.
3348 4673 3466 4729 Hoc

1889 4761 2054 4798 unum
2085 4754 2164 4798 est
2184 4743 2516 4797 intuendum.
2551 4744 2794 4813 Alioqui,
2834 4746 2879 4797 si
2910 4749 2978 4798 ad
3027 4757 3198 4799 vetera
3231 4761 3464 4806 revocas,

1890 4831 2039 4868 nemo
2081 4831 2185 4868 non
2224 4813 2345 4867 inde
2382 4822 2509 4885 est,
2539 4823 2662 4885 ante
2701 4815 2840 4884 quod
2882 4815 3017 4866 nihil
3057 4826 3156 4869 est.
3205 4816 3249 4869 A
3295 4815 3467 4885 primo

1890 4885 2075 4938 mundi
2103 4892 2223 4936 ortu
2244 4925 2258 4948 ,
2296 4899 2458 4951 usque
2492 4883 2548 4936 in
2587 4883 2681 4953 hoc
2714 4899 2951 4952 tempus,
2985 4885 3231 4953 perduxit
3272 4883 3365 4938 nos
3401 4899 3469 4938 ea:

1889 4953 2176 5021 splendidis
2206 4953 2540 5022 sordidisque
2569 4952 2833 5006 alternata
2863 4952 3046 5010 series.
3083 4955 3223 5008 Audi
3269 4965 3323 5009 et
3373 4953 3469 5007 Ju-

1889 5025 2136 5078 venalem
2151 5039 2275 5078 cum
2314 5024 2550 5093 satyrico
2575 5023 2720 5081 sale:

1963 5181 2032 5253 ξι
2064 5189 2351 5253 tamen,“
2382 5181 2534 5253 longe
2556 5193 2780 5250 repetas,
2814 5181 3063 5253 longeque
3091 5182 3328 5238 revolvas

1963 5249 2190 5322 Nomen,
2225 5252 2290 5305 ab
2317 5249 2507 5320 infami
2530 5249 2731 5322 gentem
2761 5249 2985 5306 deducis
3007 5253 3180 5322 asylo.

1963 5320 2232 5391 Maiorum
2255 5322 2480 5388 primus,
2515 5320 2753 5391 quisquis
2781 5323 2882 5391 fuit
2915 5323 3005 5375 ille
3039 5320 3274 5383 tuorum.

1959 5390 2068 5444 Aut
2103 5401 2289 5460 pastor
2311 5391 2437 5461 fuit,
2469 5390 2562 5446 aut
2585 5392 2721 5446 illud
2745 5390 2884 5462 quod
2916 5392 3087 5446 dicere
3112 5392 3256 5446 nolo.

1889 5526 1999 5598 Qui
2020 5525 2217 5582 l'amem
2247 5537 2392 5584 tuam
2421 5529 2628 5598 expleri
2649 5531 2753 5584 hoc
2770 5529 2894 5586 cibo
2914 5527 3474 5598 voles,Tiraqucllurn

1891 5593 2534 5681 perlegeLvivammillar'n
2571 5615 2636 5656 ac
2659 5601 2956 5681 spirantem
2986 5593 3394 5681 bibliothecam,
3420 5593 3476 5652 in

1889 5666 2067 5806 ἓρῗιῖ
2101 5666 2179 5723 De
2225 5669 2522 5733 nobilitate,
2559 5666 2909 5742 maximeque
2924 5681 3058 5741 “cap.
3089 5669 3161 5723 Ὦ
3186 5709 3202 5734 ,
3247 5685 3403 5726 num.

1973 5752 2032 5792 .e
2075 5779 2089 5792 .
2185 5771 2188 5774 ~

3082 5837 3163 5896 32
