3826 6232
437 283 594 372 1003

1057 317 1327 374 EUSEBll
1361 313 1843 375 CAESAR'IENSIS
1881 314 2034 375 OPP.
2073 317 2252 376 PARS
2276 315 2354 375 Ἰι.
2397 351 2465 361 -
2503 315 3005 378 A'POLOGETICA.

3569 326 3703 380 {Olli

455 436 562 492 nisi
605 437 748 507 quod
803 432 898 492 abs
933 436 1176 506 tyrannis
1239 451 1302 490 ac
1370 435 1588 506 regibus
1645 434 1914 492 diﬂicilius
1958 453 2018 492 ac

2125 436 2514 506 καταφαίνεται
2577 431 2964 508 σμικρολογίας
3023 431 3156 508 (54).
3205 433 3329 488 Ὀτι
3379 436 3474 490 καὶ
3533 437 3563 490 ὁ
3609 439 3702 491 ἀπ’

455 529 631 599 magis
662 528 979 585 insidiosum
1027 527 1321 583 animantis
1355 541 1548 597 genus,
1581 541 1743 596 quam
1792 527 1860 582 ab
1901 527 2023 582 aliis

454 621 603 688 pasci
635 635 697 675 ac
720 621 947 691 mulgeri
977 619 1268 674 existimat.
1301 617 1594 673 Enimvero
1638 618 2021 688 phil050phum

451 722 638 779 Istum,
665 713 806 784 quod
833 729 1014 767 rerum
1044 730 1144 768 usu
1183 713 1331 766 nullo
1356 712 1448 778 sit,
1477 712 1831 766 nihilominus
1856 725 2022 782 quam

456 817 702 860 castores
728 806 874 875 ipsos
904 805 1170 861 rusticum
1197 821 1260 860 ac
1296 805 1487 860 rudem
1508 820 1629 860 esse
1661 820 1884 860 necesse
1915 814 2020 871 est,

452 895 549 964 qui
581 895 855 952 moenibus
879 895 931 950 in
960 897 1115 960 urbe,
1141 910 1248 950 non
1281 910 1439 950 secus
1468 910 1532 949 ac
1562 895 1736 950 caulis
1759 895 1813 949 in
1841 904 2024 949 monte

451 985 718 1055 cingatur.
741 984 906 1057 θοή.
946 985 1096 1040 idem
1143 985 1187 1040 si
1224 985 1363 1039 forte
1397 984 1584 1040 decem
1617 985 1869 1054 jugerum
1896 984 2023 1038 mil-

449 1077 544 1144 lia,
574 1078 658 1132 vel
689 1079 852 1132 etiam
879 1079 1030 1148 plura
1066 1077 1483 1133 commemorari
1513 1077 1767 1140 audierit,
1796 1077 2022 1147 perinde

444 1181 513 1222 ac
567 1167 613 1222 si
660 1181 851 1222 eorum
901 1181 1187 1236 possessor
1229 1166 1340 1219 vim
1396 1180 1653 1237 agrorum
1699 1168 2023 1220 immensam

445 1258 783 1329 possideret;
809 1260 1065 1329 exiguum
1097 1259 1198 1313 sibi
1227 1259 1484 1329 quiddam
1517 1258 1707 1312 audire
1729 1257 2020 1323 videbitur,

446 1352 593 1421 quod
625 1353 814 1408 orbem
851 1361 1123 1407 terrarum
1167 1353 1482 1408 universum
1519 1353 1702 1406 animo
1738 1351 2023 1421 complecti

446 1444 640 1499 soleat.
662 1442 781 1498 Jam
814 1445 908 1514 qui
939 1445 1006 1500 ad
1033 1444 1362 1500 etl‘erendam
1404 1444 1618 1513 generis
1659 1443 1890 1513 alicujus
1927 1458 2024 1497 an-

444 1535 751 1605 tiquitatem
777 1576 792 1601 ,
824 1551 956 1592 avos
995 1535 1065 1590 ab
1099 1537 1190 1591 illo
1230 1545 1459 1606 septem,
1487 1551 1692 1606 eosque
1731 1536 2023 1605 locupletes

446 1626 717 1680 nominari
761 1641 922 1696 posse
961 1625 1246 1691 dictitant,
1275 1641 1446 1697 genus
1477 1626 1582 1681 hoc
1624 1626 1819 1693 laudis,
1846 1627 2024 1681 homi-

445 1733 578 1772 num
614 1733 737 1774 esse
773 1719 952 1788 obtusi
983 1719 1274 1773 admodum
1320 1719 1647 1788 angustique
1685 1719 1835 1773 visus
1871 1718 2020 1772 arbi-

2135 528 2541 600 Ἀμφιτρύωνος
2587 531 2666 591 είς
2715 529 2774 581 τὸ
2805 527 2918 582 ἀνω
2941 529 3444 594 πεντεκαιεικοστὺς
3471 530 3704 596 τοιοῦτος

2123 616 2210 690 ἦν,
2234 621 2318 672 οἵα
2344 619 2655 672 συνέϐαινεν
2680 618 2828 690 αὐτῷ
2856 620 3014 691 τύχῃ,
3042 620 3135 673 καὶ
3163 622 3190 674 ὁ
3212 622 3577 692 πεντηκοστὸς
3611 623 3703 676 ἀπ’

2124 707 2309 770 αὐτοῦ,
2351 707 2507 778 γελᾷ,
2540 708 2600 760 ού
2630 707 2940 777 δυναμένων
2972 701 3279 776 λογίζεσθαί
3307 726 3366 761 τε
3399 711 3494 763 καὶ
3514 711 3703 780 χαυνό-

2123 817 2261 872 τητα
2289 801 2517 872 ἀνοήτου
2539 800 2715 870 ψυχῆς
2745 799 3126 853 ἀπαλλάττειν.
3171 802 3259 856 Ἐν
3286 801 3460 855 ἀπασι
3488 803 3545 855 δὲ
3583 803 3703 855 toti-

2122 909 2235 954 τοις
2269 893 2297 944 ὁ
2325 891 2566 954 τοιοῦτος
2592 892 2696 944 ὑπὸ
2716 891 2822 944 τῶν
2851 891 3058 945 πολλῶν
3091 890 3478 962 καταγελᾶται,
3501 892 3572 946 τά
3606 894 3704 964 μὲν

2112 984 2488 1055 ’ὑπερηφάνως
2519 983 2655 1053 ἔχων
2683 983 2760 1045 ὼς
2808 982 2990 1047 δοκεῖ,
3023 982 3092 1035 τὰ
3130 981 3174 1035 δ’
3205 985 3262 1036 ὲν
3295 983 3453 1037 ποσὶν
3499 982 3704 1051 ἀγνοῶν

2122 1094 2180 1129 τε
2203 1078 2297 1130 καὶ
2323 1078 2380 1129 ὲν
2418 1077 2669 1139 ἑκάστοις
2695 1074 2935 1145 ἀπορῶν.
2968 1103 3036 1112 -
3065 1071 3385 1128 Παντάπασι
3417 1073 3488 1127 τὰ
3529 1073 3706 1143 γιγνό-

2127 1185 2263 1240 μενα
2293 1167 2468 1236 λέγεις
2487 1208 2501 1232 ,
2533 1161 2578 1220 ὧ
2614 1166 2921 1238 Σώκρατες.
2950 1195 3022 1206 -
3052 1166 3223 1220 Ὅταν
3251 1166 3308 1219 δέ
3335 1166 3399 1234 γέ
3454 1183 3576 1218 τινα
3605 1166 3704 1218 αὖ·

2123 1262 2214 1324 τὸς
2236 1260 2366 1331 (55),
2395 1254 2438 1312 ὦ
2471 1260 2613 1328 φίλε,
2657 1259 2862 1330 ἐλκύσῃ
2906 1259 3037 1324 ἀνω,
3065 1259 3161 1314 καὶ
3215 1258 3446 1330 ἐθελήσῃ
3478 1275 3564 1321 τις
3607 1259 3704 1313 αὐ-

2123 1353 2230 1404 τῶν
2259 1351 2368 1422 (56)
2400 1351 2625 1421 ἐκϐῆναι
2649 1350 2714 1402 ὲκ
2741 1349 2857 1413 τοῦ,
2885 1351 2949 1403 Τί
2967 1347 3088 1419 ¹ἐγώ
3128 1366 3186 1404 σε
3211 1349 3380 1402 ἀδικῶ
3409 1349 3443 1420 ἢ
3492 1350 3556 1401 σὺ
3584 1348 3704 1420 ἐμὲ,

2124 1445 2204 1506 είς
2232 1443 2423 1512 σκέψιν
2448 1437 2512 1494 αὖ
2540 1440 2888 1510 δικαιοσύνης
2914 1458 2974 1493 τε
3000 1441 3093 1494 καὶ
3120 1439 3366 1503 ἀδικίας,
3397 1439 3452 1492 τί
3484 1456 3544 1492 τε
3576 1439 3705 1493 ἑκά-

2123 1551 2281 1606 τερον
2309 1534 2516 1597 αὑτοῖν,
2552 1533 2644 1585 καὶ
2680 1533 2733 1584 τί
2761 1531 2870 1584 τῶν
2901 1532 3118 1585 πάντων
3163 1530 3196 1602 ἢ
3242 1527 3489 1600 ἀλλήλων
3525 1531 3707 1600 διαφέ-

2127 1646 2279 1700 ρετον
2297 1645 2310 1658 ·
2337 1629 2368 1699 ἢ
2396 1629 2460 1680 ὲκ
2481 1626 2595 1688 τοῦ,
2614 1625 2676 1678 Εἰ
2709 1623 2963 1696 βασιλεὺς
2988 1624 3260 1694 εὐδαίμων
3286 1623 3618 1694 κεκτημένος
3646 1642 3702 1676 τε

2125 1717 2192 1772 αὖ
2225 1718 2356 1772 πολὺ
2387 1717 2628 1788 χρυσίον,
2657 1719 2736 1780 είς
2765 1716 3043 1786 βασιλείας
3076 1715 3204 1784 πέρι
3232 1715 3324 1768 καὶ
3361 1713 3705 1786 ἀνθρωπίνης

445 1815 642 1872 tratur,
681 1807 775 1878 qui
803 1783 1051 1863 Ustultitiaa
1086 1823 1199 1862 suae
1222 1806 1356 1861 vitio
1395 1783 1578 1861 rerum
1616 1807 2018 1861 universitatem

2124 1809 2260 1871 ὅλως
2292 1783 2638 1877 εὐδαιμονίας
2668 1783 2774 1858 xui.-
2789 1804 3106 1875 ἀθλιότητος
3129 1783 3439 1872 ἐπίσκεψιν,
3466 1783 3616 1856 νποίω
3647 1804 3704 1856 τέ

443 1907 708 1968 perpetuo
749 1898 1167 1968 circumspicere
1204 1914 1315 1952 non
1357 1897 1603 1966 possint,
1648 1913 1749 1952 nec
1796 1897 2020 1952 omnino

446 1989 708 2058 cogitare,
762 1988 1216 2043 innumerabilem
1261 1989 1459 2058 cuique
1493 2003 1718 2042 avorum
1759 2003 1879 2043 esse.
1905 2003 2022 2042 ma-

445 2076 738 2149 iorumque
784 2079 1208 2144 multitudinem,
1256 2079 1312 2133 in
1363 2094 1472 2150 qua
1508 2094 1649 2148 saepe
1696 2079 1923 2133 divitum
1969 2086 2022 2134 et

447 2168 693 2239 inopum,
718 2185 908 2241 regum
936 2180 990 2225 et
1016 2185 1320 2237 servorum,
1349 2171 1704 2226 barbarorum
1728 2177 1782 2224 et
1806 2169 2021 2224 Graeco-

447 2276 569 2314 rum
621 2262 789 2316 series
823 2261 1034 2316 inﬁnita
1066 2262 1318 2316 ducatur.
1352 2261 1454 2329 Qui
1488 2263 1534 2318 si
1577 2262 1817 2331 quinque
1845 2276 1908 2316 ac
1937 2261 2020 2314 vi-

446 2353 582 2424 ginti
622 2353 890 2424 majorum
918 2361 1200 2409 stemmate
1231 2355 1550 2424 glorientur,
1575 2363 1668 2408 aut
1690 2369 1849 2410 suum
1877 2368 2019 2423 quo-

446 2461 554 2517 que
583 2462 753 2516 genus
793 2447 859 2500 ad
904 2445 1186 2502 Herculem
1231 2446 1640 2518 Amphitryonis
1678 2445 1846 2500 ﬁlium
1881 2443 2019 2499 refe-

445 2547 590 2602 rant,
617 2537 722 2593 vile
754 2538 920 2593 nimis
967 2553 1032 2594 ac
1059 2539 1304 2608 putidum
1344 2539 1620 2608 jactantize
1662 2552 1832 2607 genus
1873 2537 2019 2591 arbi-

447 2640 641 2686 tratur.
674 2629 809 2684 Nam
839 2630 986 2701 quod
1017 2631 1159 2686 alius
1189 2643 1334 2686 retro
1376 2631 1600 2701 quintus
1631 2645 1695 2684 ac
1728 2629 2020 2690 vicesimus

420 2723 515 2777 -ab
545 2713 957 2794 Amphitryone,
994 2723 1134 2778 alius
1179 2723 1248 2776 ab
1290 2722 1478 2778 eodem
1512 2720 2019 2792 quinquagesimus,

447 2830 514 2870 eo
546 2824 704 2870 natus
734 2823 963 2885 uterque
996 2815 1116 2869 loco
1147 2815 1236 2882 sit,
1262 2829 1424 2884 quem
1457 2829 1556 2868 sua
1585 2816 1782 2884 cuique
1804 2811 2022 2867 fortuna

415 2895 719 2972 statuerit,
760 2906 934 2961 risum
975 2915 1157 2961 tenere
1197 2921 1305 2960 non
1352 2915 1548 2974 potest,
1578 2920 1703 2959 cum
1747 2905 1883 2960 istos
1921 2919 2022 2958 nec

415 3013 634 3052 'secum
665 2997 716 3052 id
755 2998 1014 3068 cogitare,
1049 3012 1149 3052 nec
1184 2996 1396 3052 stolida:
1441 2997 1637 3051 mentis
1667 2996 1896 3066 ineptias
1929 3011 2023 3049 ex-

444 3098 630 3144 cutere
659 3104 818 3159 posse
846 3089 1250 3144 animadvertit.
1288 3087 1431 3144 Idem
1465 3103 1595 3144 vero
1629 3087 1682 3142 in
1725 3089 1808 3144 his
1841 3089 2019 3143 omni-
2047 3129 2088 3189 ε

419 3181 549 3236 “bus
574 3181 644 3236 ab
674 3181 956 3235 hominum
985 3180 1145 3251 vulgo
1174 3180 1471 3246 deridetur,
1510 3180 1706 3249 partim
1741 3179 1883 3250 quod
1914 3194 2019 3234 caa-

444 3281 594 3327 teros
635 3281 955 3344 arroganter
996 3273 1274 3343 despicere
1315 3273 1597 3337 videatur,
1631 3271 1828 3341 partim
1873 3269 2019 3341 quod

443 3364 500 3417 in
532 3364 706 3419 obviis
739 3365 1047 3435 quibusque
1083 3365 1330 3420 caecutiat
1361 3379 1425 3418 ac
1451 3362 1663 3417 titubet.
1693 3390 1762 3401 —-
1787 3361 2020 3416 Prorsus

442 3454 522 3508 uti
559 3469 647 3510 res
678 3464 762 3510 est
792 3457 1052 3524 loqueris,
1081 3455 1154 3509 mi
1181 3453 1456 3510 Socrates.
1481 3483 1550 3493 —
1573 3453 1641 3508 At
1667 3467 1818 3518 vero,
1851 3449 2020 3505 Theo-

445 3546 596 3612 dore,
627 3545 672 3601 si
703 3561 864 3614 quem
898 3545 1138 3601 vicissim
1163 3559 1229 3600 ex
1259 3545 1378 3600 istis
1405 3559 1626 3600 sursum
1663 3542 2018 3614 philosophus

443 3639 698 3705 traxerit,
728 3653 961 3707 eumque
992 3637 1294 3709 angustiori
1336 3637 1438 3691 hac
1467 3637 1765 3707 quaestione
1807 3633 2016 3700 relicta,

430 3725 559 3796 "Qua
596 3729 649 3782 in
681 3746 740 3783 rc
771 3729 850 3783 vel
877 3742 978 3799 ego
1005 3737 1075 3793 te,
1107 3728 1190 3782 vel
1216 3737 1273 3782 tu
1305 3743 1390 3781 me
1420 3726 1534 3797 ipse
1558 3727 1781 3790 laeseris,
1813 3725 1880 3779 ad
1910 3725 2021 3794 ple-

443 3835 568 3872 nam
601 3820 747 3874 illam
779 3830 832 3875 et
861 3820 1125 3890 integram
1152 3819 1218 3873 de
1239 3817 1447 3889 justitia
1475 3825 1528 3871 et
1553 3817 1816 3887 injustitia
1839 3816 2020 3884 dispu-

437 3908 696 3962 tationem
743 3909 1017 3980 accedere,
1049 3907 1177 3978 quid
1218 3921 1310 3976 per
1344 3921 1463 3961 sese
1496 3917 1728 3976 utraque
1761 3906 1848 3969 sit,
1889 3903 2018 3974 quid

441 3999 528 4052 vel
567 3982 1035 4075 a'mba:"a'c;eteris
1080 3999 1353 4063 omnibus,
1383 3997 1467 4051 vel
1497 3999 1664 4051 altera
1708 3995 1918 4050 dill‘erat
1950 3996 2018 4050 ab

441 4089 627 4153 altera,
677 4069 959 4154 enucleare
995 4090 1265 4159 jusserit:
1301 4097 1394 4142 aut
1440 4087 1485 4142 si
1530 4087 1778 4141 eumdem
1809 4087 1877 4140 ab
1928 4086 2018 4142 illo

442 4177 672 4248 vulgari,
702 4175 895 4231 Utrum
926 4177 1232 4232 fortunatus
1261 4193 1358 4231 rex
1396 4177 1484 4231 ille
1511 4178 1600 4238 sit,
1640 4177 1730 4245 qui
1766 4190 2018 4245 magnam

439 4266 562 4319 auri
595 4266 1047 4342 vimpossidcat,
1091 4265 1160 4320 ad
1212 4266 1519 4320 universam
1556 4265 1710 4335 regni
1776 4265 2019 4334 adeoque

439 4357 610 4411 totius
637 4341 1218 4421 .humanaa-l'olicitatis
1263 4363 1358 4409 aut
1405 4356 1638 4408 miseriae
1682 4354 2017 4422 contempla-

2121 1901 2234 1953 τινέ
2266 1901 2451 1965 ἐστον,
2494 1899 2589 1952 καὶ
2616 1899 2739 1950 τίνα
2769 1897 2968 1968 τρόπον
3023 1894 3313 1966 ἀνθρώπου
3345 1893 3508 1964 φύσει
3537 1910 3706 1965 προσ-

2123 1995 2246 2065 ήκει
2275 1993 2334 2045 τὸ
2362 1992 2458 2063 μὲν
2489 1992 2794 2063 κτήσασθαι
2822 1990 3028 2053 αὑτοῖν,
3052 1988 3112 2041 τὸ
3135 1989 3189 2041 δὲ
3213 1989 3514 2057 ἀποφυγεῖν
3535 2004 3550 2018 ο
3579 1987 3706 2056 περὶ

2121 2085 2337 2138 πάντων
2360 2083 2564 2136 τούτων
2593 2083 2722 2136 ὅταν
2749 2075 2814 2136 αὖ
2835 2081 2944 2134 δέοι
2970 2081 3127 2148 λόγον
3149 2079 3341 2132 διδόναι
3361 2078 3451 2131 τὸν
3480 2077 3706 2148 σμικρὸν

2122 2181 2328 2232 ἐκεῖνον
2361 2176 2459 2248 τὴν
2487 2176 2687 2247 ψυχὴν,
2716 2176 2810 2228 καὶ
2839 2174 3060 2246 δριμὺν,
3088 2173 3182 2227 καὶ
3207 2171 3502 2235 δικανικὸν,
3547 2171 3706 2223 πάλιν

2121 2267 2189 2324 αὖ
2217 2269 2546 2342 ἀντίστροφα
2573 2267 2901 2323 ἀποδίδωσιν
2919 2281 2934 2296 ·
2975 2265 3220 2334 ἰλιγγιῶν
3249 2281 3308 2318 τε
3340 2264 3450 2336 γάρ
3480 2263 3579 2316 καὶ
3603 2263 3707 2314 ἀπὸ

2123 2359 2328 2432 ὑψηλοῦ
2380 2359 2732 2432 κρεμασθεὶς,
2786 2359 2879 2412 καὶ¹
2912 2356 3124 2427 βλέπων
3178 2356 3451 2428 μετέωρος
3501 2352 3706 2408 ἄνωθεν

2122 2454 2228 2506 ὑπὸ
2283 2451 2542 2524 ἀληθείας
2572 2450 2683 2522 (57)
2713 2449 2998 2522 ἀδημονῶν
3029 2466 3089 2502 τε
3108 2489 3122 2514 ,
3172 2449 3268 2502 καὶ
3315 2445 3540 2516 ἀπορῶν
3566 2486 3582 2508 ,
3616 2449 3707 2497 καὶ

2125 2542 2491 2616 βαρϐαρίζων,
2524 2542 2735 2611 γέλωτα
2757 2539 3030 2612 Θράτταις
3058 2539 3157 2609 μὲν
3179 2539 3240 2591 ού
3278 2537 3548 2608 παρέχει,
3597 2535 3706 2586 οὐδ’

2123 2634 2268 2704 ἄλλῳ
2300 2632 2612 2703 ἀπαιδεύτῳ
2635 2631 2830 2696 οὐδενὶ,
2862 2633 2923 2684 οὐ
2957 2630 3066 2700 γὰρ
3107 2629 3486 2697 αἰσθάνονταιο
3523 2630 3638 2689 τοίς
3662 2625 3705 2677 δ’

2123 2726 2464 2797 ὲναντίως,ῆ
2521 2724 2596 2788 ὡς
2624 2723 2977 2794 ἀνδραπόδοις
3010 2723 3262 2796 τραφεῖσι
3304 2721 3490 2772 πᾶσιν.
3540 2712 3705 2780 Οὗτος

2123 2817 2188 2889 δὴ
2222 2817 2482 2889 ἑκατέρου
2513 2815 2733 2887 τρόπος,
2765 2808 2810 2867 ὦ
2853 2812 3119 2881 Θεόδωρε.
3159 2811 3216 2864 '0
3243 2811 3362 2881 μὲν,
3399 2809 3480 2878 τῷ
3507 2809 3624 2860 δντι
3652 2812 3706 2860 ἐν

2128 2911 2415 2982 ἐλευθερίᾳ
2453 2925 2512 2962 τε
2537 2909 2633 2962 καὶ
2661 2907 2823 2978 σχολῇ
2845 2903 3316 2976 τεθραμμένου,ὂν
3339 2902 3402 2971 δὴ
3420 2899 3706 2969 φιλόσοφον

2124 3002 2331 3065 καλεῖς,
2358 2993 2403 3068 ᾧ
2431 3001 2765 3072 ἀνεμέσητον
2793 2997 2980 3070 esseet
3003 2997 3192 3083 δοκεῖν
3204 2995 3299 3068 καὶ
3329 2989 3702 3061 οὐδενὶιεῖναι,

2127 3095 2358 3159 bimuli;
2382 3089 3272 3164 .δουλικὰ.ὲμ-πὲσῃ”διακονήματα,
3313 3083 3425 3144 οἷον
3457 3105 3706 3161 στρωμα-

2121 3186 2378 3256 τόδεσμον
2419 3184 2492 3256 μὴ
2519 3184 2878 3254 ἐπιστάμενος
2905 3181 3368 3244 συσκευάσασθαι,
3406 3182 3546 3252 μηδὲ
3578 3182 3705 3251 ὄψον

2119 3275 2308 3348 ἡδῦναι
2338 3317 2352 3341 ,
2383 3275 2417 3347 ἢ
2474 3274 2662 3338 θῶπας
2691 3275 2882 3342 λόγους
2902 3291 2916 3305 ο
2950 3273 2979 3324 ὁ
3004 3272 3048 3326 δ’
3077 3269 3166 3338 αὖ,
3219 3272 3292 3324 τὰ
3335 3273 3432 3343 μὲν
3483 3272 3704 3326 τοιαῦτα

2123 3364 2298 3418 πάντα
2321 3363 2616 3434 δυναμένου
2654 3362 2828 3434 τορῶς
2867 3379 2925 3416 τε
2959 3363 3052 3416 καὶ
3077 3359 3243 3426 ὀξέως
3264 3361 3559 3424 διακονεῖν,
3586 3363 3704 3415 ἀνα-

2122 3455 2407 3510 ϐάλλεσθαι
2442 3456 2499 3508 δὲ
2527 3457 2628 3508 οὐκ
2656 3455 3023 3525 ἐπισταμένου
3053 3455 3147 3507 ἐπὶ
3185 3453 3333 3518 δεξιά
3381 3453 3700 3526 ἐλευθέροις.

2119 3548 2226 3601 οὐδ’
2258 3549 2521 3619 ἁρμονίαν
2553 3547 2665 3618 (58)
2695 3547 2868 3616 λόγων
2921 3547 3175 3610 λαϐόντος
3230 3546 3405 3618 ὀρθῶς
3463 3546 3702 3616 ὑμνῆσαι

2121 3640 2258 3694 θεῶν
2285 3658 2344 3694 τε
2383 3640 2477 3693 καὶ
2520 3639 2729 3713 ἀνδρῶν
2783 3638 3116 3710 εὐδαιμόνων
3147 3639 3260 3709 βίον
3304 3637 3504 3710 ἀληθῆ.
3536 3666 3611 3678 -
3641 3639 3700 3690 Ei

2121 3734 2347 3796 πάντας,
2376 3726 2420 3784 ὢ
2455 3730 2762 3802 Σώκρατες,
2801 3731 3008 3795 πείθοις
3047 3731 3081 3784 ἀ
3119 3730 3300 3799 λέγεις
3341 3730 3534 3801 ὥσπερ
3582 3728 3697 3800 ἐμὲ.

2122 3824 2321 3877 πλείων
2352 3823 2417 3877 ἀν
2466 3825 2653 3895 είρήνη
2683 3823 2776 3876 καὶ
2801 3823 2946 3876 κακά
2974 3822 3181 3876 ὲλάττω
3219 3822 3341 3875 κατ’
3381 3819 3698 3892 ἀνθρώπους

2119 3916 2227 3986 εἴη.
2259 3946 2326 3956 ——
2365 3915 2503 3968 Ἀλλ’
2557 3915 2669 3968 οὔτ’
2702 3913 2998 3968 ἀπολέσθαι
3053 3914 3122 3967 τά
3181 3913 3331 3966 κακά
3378 3913 3628 3975 δυνατὸν,
3657 3905 3699 3963 ὦ

2121 4007 2362 4077 Θεόδωρε
2406 4006 2763 4074 (ὑπεναντίον
2805 4005 2916 4077 γάρ
2971 4023 3022 4058 τι
3050 4003 3128 4075 τῷ
3172 4005 3363 4075 ἀγαθῷ
3413 4006 3526 4058 αίεὶ
3567 3999 3697 4058 εἶναι

2121 4097 2393 4168 ἀνάγκη),
2422 4096 2536 4150 οὒτ’
2564 4098 2620 4150 ὲν
2653 4096 2794 4160 θεοῖς
2817 4095 2957 4150 αύτά
2989 4093 3253 4166 ίδρύσθαι.
3285 4095 3395 4166 Τὴν
3413 4095 3473 4148 δὲ
3502 4094 3697 4166 θνητὴν

2121 4191 2281 4260 φύσιν
2309 4190 2403 4242 καὶ
2429 4188 2577 4241 τόνδε
2603 4189 2694 4240 τὸν
2725 4187 2887 4240 τόπον
2908 4185 3194 4256 περιπολεῖ
3216 4185 3277 4249 ἐξ
3307 4185 3580 4255 ἀνάγκης.
3610 4185 3695 4238 Διὸ

2119 4282 2211 4335 καὶ
2239 4279 2530 4352 πειρᾶσθαι
2551 4279 2654 4350 χρὴ
2683 4277 2892 4331 ἐνθένδε
2911 4279 3089 4329 ἐκεῖσε
3109 4275 3328 4344 φεύγειν
3349 4277 3429 4328 ὅτι
3449 4278 3689 4347 τάχιστα.

2117 4375 2265 4446 Φυγὴ
2287 4373 2344 4425 δὲ
2377 4372 2633 4443 ὁμοίωσις
2656 4369 2776 4439 Θεῷ
2808 4369 2949 4423 κατὰ
2973 4369 3035 4421 τὸ
3059 4368 3283 4420 δυνατόν
3303 4385 3317 4398 ο
3360 4369 3620 4438 ὁμοίωσις
3642 4368 3692 4420 δέ

438 4453 646 4505 tionem
680 4450 999 4526 traduxerit,
1036 4458 1097 4503 ut
1123 4456 1345 4512 statuat,
1376 4455 1487 4501 tum
1516 4462 1765 4516 quaenam
1791 4450 2009 4518 pr0pria

2122 4462 2231 4513 ἐστι
2280 4459 2486 4514 δίκαιον
2539 4459 2632 4511 καὶ
2663 4459 2807 4511 ὅσιον
2855 4457 2995 4527 μετά
3051 4459 3364 4528 φρονήσεως
3424 4457 3688 4526 γενέσθαι.

442 4544 512 4598 sit
556 4543 839 4612 utriusque
875 4541 1046 4607 ratio,
1078 4551 1191 4596 tum
1235 4539 1694 4610 quemadmodum
1731 4548 2014 4609 utramque

439 4635 524 4690 vel
561 4635 838 4704 suspicere
871 4634 953 4687 vel
998 4632 1269 4687 declinare
1303 4630 1540 4684 hominis
1575 4637 1784 4684 naturae
1813 4645 2012 4685 conve-

440 4727 574 4780 niat.
606 4725 680 4780 De
713 4725 798 4780 his
826 4724 1078 4779 omnibus
1103 4739 1225 4780 cum
1256 4730 1444 4777 nostro
1478 4721 1604 4774 huic
1629 4730 1738 4775 tam
1771 4731 2015 4791 angusta:

441 4819 669 4883 mentis,
701 4833 862 4888 quam
905 4816 1018 4872 acri
1065 4832 1130 4871 ac
1177 4816 1481 4870 vehementi
1521 4812 1726 4868 rabula:
1775 4829 2015 4882 pronun-

439 4911 687 4965 tiandum
725 4909 862 4972 erit,
914 4916 1029 4961 tum
1062 4907 1336 4962 enimvero
1376 4904 1668 4974 quamdam
1712 4905 1877 4958 veluti
1936 4914 2016 4958 ta-

442 5001 602 5056 lionis
646 5000 821 5071 legem
857 4999 1078 5054 subibit.
1114 4997 1250 5052 Nam
1293 5012 1323 5052 e
1351 4995 1629 5065 superiore
1660 4995 1778 5049 loco
1809 4995 2015 5064 pendu-

439 5091 547 5153 lus,
579 5098 632 5144 et
663 5088 920 5144 inferiora
952 5088 1256 5158 despiciens
1281 5125 1295 5150 ,
1342 5085 1630 5139 insolentia
1668 5085 1748 5138 rei
1799 5085 2012 5154 vertigi-

440 5194 562 5234 nem
611 5179 791 5234 subito
825 5179 1078 5249 patietur,
1125 5189 1179 5234 et
1226 5177 1420 5248 partim
1458 5176 1761 5238 mstuando,
1814 5177 2010 5245 partim

515 5314 627 5385 (54)
653 5317 1103 5386 Σμικρολογίας.
1126 5313 1271 5384 Lege
1301 5312 1400 5382 τῆς
1427 5309 1675 5380 σμικρολ.
1699 5326 1764 5365 ex
1789 5309 2011 5366 Platone

438 5395 495 5440 et
526 5388 915 5440 manuscrinto.

511 5455 622 5524 (55)
661 5449 872 5521 Αὐτός.
923 5457 1119 5518 Recte,
1166 5468 1272 5524 non
1313 5450 1519 5524 αὐτόν,
1555 5451 1711 5524 utin
1764 5449 2006 5524 Platone.

440 5521 701 5592 Deinceps
729 5526 872 5578 enim
900 5526 964 5579 de
995 5523 1316 5592 philosopho
1344 5524 1481 5592 ipso
1509 5521 1768 5592 loquitur,
1799 5522 1890 5591 qui
1925 5522 1975 5573 vi
1993 5550 2009 5559 -

439 5595 621 5646 cissim
643 5589 942 5647 'hominem
995 5589 1316 5662 ἀφιλόσοφον
1337 5630 1350 5653 ,
1366 5589 1378 5590 ί
1401 5589 1494 5642 καὶ
1545 5589 1798 5661 ἀγοραῖόν
1819 5589 1828 5591 ἡ
1850 5608 1970 5644 τινα
1992 5629 2007 5652 ,

439 5663 705 5723 traducat,
743 5665 1134 5731 ridendumque
1160 5671 1441 5730 proponet.

513 5731 623 5802 (56)
671 5731 762 5798 Τὶς
787 5732 1000 5785 αὐτῶν.
1032 5732 1241 5786 Mallem
1275 5734 1464 5785 abcs~e
1500 5734 1579 5796 τὶς
1600 5773 1612 5796 ,
1661 5742 1710 5785 ιιι
1742 5733 1918 5785 αὐτῶν
1953 5733 2004 5786 in

2130 4549 2288 4602 Ἀλλὰ
2315 4549 2444 4620 γὰρ,
2479 4545 2524 4602 ὦ
2547 4551 2756 4621 ἄριστε,
2801 4549 2862 4601 οὐ
2897 4549 3038 4601 πάνυ
3068 4565 3122 4600 τι
3155 4549 3334 4620 ῥᾴδιον
3383 4553 3594 4615 πεῖσαι,
3625 4549 3692 4610 ὡς

2114 4641 2221 4712 ἀρα
2247 4641 2344 4710 ούχ
2395 4637 2470 4694 ὧν
2520 4641 2679 4694 ἕνεκα
2701 4642 2750 4692 οἱ
2785 4639 2966 4692 πολλοί
2993 4656 3123 4708 φασι
3165 4639 3272 4692 δεῖν
3303 4641 3572 4711 πονηρίαν
3602 4640 3693 4711 μὲν

2115 4730 2358 4798 φεύγειν,
2421 4728 2619 4800 ἀρετὴν
2657 4729 2713 4782 δὲ
2745 4727 2982 4791 διώκειν,
3033 4727 3237 4780 τούτων
3292 4729 3455 4798 χάριν
3503 4730 3567 4781 τὸ
3602 4728 3694 4799 μὲν

2115 4818 2511 4887 ἐπιτηδευτέον,
2537 4817 2665 4869 τὸδ’
2693 4815 2774 4878 οὒ,
2804 4817 2892 4869 ἵνα
2916 4816 2972 4868 δὲ
3015 4815 3126 4885 (59)
3156 4815 3231 4886 μὴ
3265 4815 3458 4880 κακὸς,
3481 4818 3580 4870 καὶ
3613 4818 3694 4871 ἵνα

2115 4908 2314 4977 ἀγαθὸς
2349 4908 2477 4980 δοκῇ
2505 4903 2664 4961 εἶναι.
2699 4906 2887 4960 Ταῦτα
2914 4908 3012 4977 μὲν
3033 4907 3142 4976 γάρ
3167 4909 3314 4959 ἐστιν
3343 4908 3372 4958 ό
3406 4906 3695 4978 λεγόμενος

2113 4997 2298 5069 γραῶν
2347 4997 2522 5060 ὕθλος,
2566 4998 2641 5060 ὡς
2669 4997 2790 5066 ἐμοὶ
2825 4995 3108 5065 φαίνεται·
3140 4995 3202 5048 τὸ
3242 4995 3299 5048 δὲ
3353 4996 3556 5068 ἀληθὲς
3597 4991 3693 5050 ὧδε

2113 5082 2361 5160 λέγομεν.
2401 5088 2532 5151 Θεὸς
2569 5088 2780 5158 οὐδαμῆ
2800 5087 3051 5158 οὐδαμῶς
3071 5086 3274 5149 ἄδικος,
3314 5086 3431 5138 ἀλλ’
3479 5087 3558 5151 ὡς
3588 5082 3694 5139 οἷόν

2111 5196 2171 5231 τε
2195 5179 2530 5242 δικαιότατος
2549 5195 2562 5208 ·
2605 5179 2698 5232 καὶ
2725 5179 2822 5231 οὐκ
2851 5177 2997 5231 ἔστιν
3028 5175 3176 5246 αὐτῷ
3206 5178 3522 5247 ὁμοιότερον
3547 5176 3692 5230 οὐδὲν

2112 5316 2274 5368 αὐτόν
2320 5316 2558 5379 mutari,
2590 5331 2752 5371 sensu
2796 5314 3141 5380 clarissimo,
3173 5313 3268 5383 qui
3311 5312 3520 5382 alioqui
3568 5326 3687 5381 per-

2111 5386 2664 5526 Obz§¥)rll%..ln08laq.
2700 5453 3112 5526 chonendum,
3147 5467 3214 5507 ex
3238 5450 3463 5507 Platone
3483 5459 3542 5505 et
3573 5463 3684 5503 ma-

2111 5527 2444 5596 nuscriptis,
2461 5526 2704 5596 ἀηθείας.

2181 5588 2317 5665 (58)’
2338 5595 2473 5649 Οὐδ’
2509 5588 2818 5664 ἁρμονίαν.
2849 5593 3040 5650 Melius
3085 5609 3152 5648 ex
3198 5591 3445 5658 Platone,
3473 5588 3592 5644 οὐδέ
3620 5601 3686 5658 τι

2109 5665 2291 5806 ἀρείω
2335 5737 2457 5790 "Ira
2490 5735 2574 5790 δέ.
2599 5735 2747 5806 Lege
2777 5735 2862 5788 ἵνα
2890 5735 2976 5805 δή,
3009 5743 3068 5789 ut
3101 5733 3241 5803 apud
3268 5732 3577 5787 Platonem.
