3826 6232
203 263 228 315 1
240 261 348 316 0οὸ

1373 259 1696 317 ΡΒᾸΣΡΑΒ.
1739 258 1990 320 EVANC.
2035 264 2160 320 LIB.
2203 262 2320 324 XII.

3321 277 3456 331 1006

198 379 241 439 ἢ
261 377 320 440 ὃς
349 377 417 430 ἂν
440 375 598 447 ἡμῶν
622 369 688 430 αὖ
722 375 944 447 γένηται
970 375 1052 430 δτι
1086 375 1448 440 δικαιότατος.
1502 379 1636 450 Περὶ
1664 380 1769 432 τοῦ·

1881 382 2203 450 hwsitando,
2230 385 2428 454 partim
2473 385 2766 442 barbarum
2799 390 2980 445 nescio
3008 389 3140 461 quid
3184 405 3460 448 commur-

195 487 295 525 τον
511 468 606 520 καὶ⁵
637 470 670 538 ἡ
702 469 776 532 ὡς
812 468 1026 539 ἀληθῶς
1056 469 1295 538 δεινότης
1341 469 1533 541 ἀνδρὸς
1555 512 1570 536 ,
1607 471 1700 523 καὶ
1749 473 1782 542 ἡ

196 553 452 631 εὐγένειά
483 579 564 624 τε,
601 563 694 614 καὶ
730 564 762 631 ἡ
795 561 1036 629 ἀνδρεία.
1072 562 1135 614 Ἠ
1171 562 1269 631 μὲν
1293 561 1402 632 γὰρ
1429 561 1616 616 τούτου
1643 563 1783 632 γνῶ-

199 672 308 718 σις,
338 654 498 724 σοφία
525 654 620 708 καὶ
655 653 823 724 ἀρετὴ
874 651 1100 723 ἀληθινή
1123 669 1136 682 ·
1173 655 1206 723 ἡ
1235 653 1290 707 δὲ
1330 655 1540 722 ἄγνοια,
1570 656 1781 726 ἀμαθία

196 748 293 800 καὶ
322 746 488 799 κακία
512 747 767 816 ἐναργής.
795 746 860 797 Al
888 746 931 798 δ’
964 745 1120 798 ἄλλαι
1145 744 1452 817 δεινότητές
1488 764 1546 799 τε
1591 747 1780 800 δοκοῦ-

197 853 290 894 σαι
329 837 424 890 καὶ
449 836 656 904 σοφίαι,
683 837 740 888 ὲν
770 837 867 907 μὲν
897 836 1198 899 πολιτικαῖς
1223 837 1560 902 δυναστείαις
1596 839 1779 907 γιγνό-

197 943 383 996 μεναι,
445 927 720 999 φορτικαὶ,
774 930 830 981 ἐν
860 928 917 981 δὲ
969 928 1197 999 τέχναις,
1247 929 1520 998 βάναυσοι.
1564 930 1654 1001 Τῷ
1689 927 1780 984 οὖν

192 1019 470 1074 ἀδικοῦντι
538 1021 625 1078 καὶ
681 1020 873 1074 ἀνόσια
905 1019 1114 1090 λέγοντι
1159 1022 1192 1094 ἢ
1239 1023 1530 1091 πράττοντι
1584 1023 1780 1096 μακρῷ

191 1112 374 1182 ἄριστ’
407 1111 519 1182 ἔχει
552 1113 611 1165 τὸ
637 1112 712 1183 μὴ
747 1115 1049 1186 συγχωρεῖν
1080 1112 1192 1185 (61)
1221 1113 1379 1185 δεινῷ
1404 1115 1508 1168 ὑπὸ
1538 1134 1778 1188 πανουρ-

192 1202 322 1268 γίας
355 1198 515 1255 εἶναι.
555 1203 901 1271 Ἀγάλλονται
939 1203 1046 1276 γὰρ
1084 1203 1163 1275 τῷ
1194 1205 1414 1270 ὀνείδει,
1456 1207 1548 1260 καὶ
1580 1209 1778 1262 οἴονται

191 1293 437 1357 ἀκούειν,
467 1296 547 1347 ὅτι
573 1296 633 1348 οὐ
663 1295 815 1366 λῆροί
842 1297 968 1358 εἰσι,
1002 1295 1105 1364 γῆς
1138 1295 1312 1361 ἄλλως
1345 1297 1515 1368 ἄχθη,
1547 1299 1660 1351 ἀλλ’
1684 1299 1778 1353 ἀν-

191 1384 320 1455 δρες
347 1385 491 1448 οἴους
519 1385 598 1437 δεῖ
619 1387 679 1437 ὲν
703 1385 854 1439 πόλει
888 1389 1014 1450 τοὺς
1060 1387 1495 1459 σωθησομένους.
1546 1391 1778 1443 Λεκτέον

191 1471 287 1528 οὖν
323 1476 574 1547 τάληθὲς,
600 1478 681 1530 ὅτι
706 1479 944 1551 τοσούτῳ
975 1481 1175 1552 μᾶλλόν
1207 1481 1342 1534 εἰσιν
1375 1475 1475 1534 οἷοι
1501 1481 1601 1534 οὐκ
1641 1483 1779 1534 οἷον·

191 1586 305 1634 ται,
335 1569 416 1622 ὅτι
445 1570 564 1641 οὐχὶ
595 1573 815 1626 οἴονται.
854 1575 1134 1643 Ἀγνοοῦσι
1159 1574 1269 1647 γὰρ
1300 1575 1503 1647 ζημίαν
1539 1575 1774 1640 ἀδικίας,

193 1661 262 1730 ἢν
310 1662 392 1714 δεῖ
426 1661 622 1732 ἥκιστα
679 1667 912 1734 ἀγνοεῖν.
973 1667 1047 1721 Οὐ
1099 1667 1207 1738 γάρ
1235 1669 1403 1732 ἐστιν,
1447 1669 1514 1740 ἢν
1539 1668 1774 1730 δοκοῦσι,

192 1749 403 1820 πληγαί
426 1768 484 1804 τε
507 1753 600 1806 καὶ
622 1751 858 1821 θάνατοι,
883 1748 961 1809 ὧν
989 1755 1159 1809 ἐνίοτε
1191 1757 1493 1829 πάσχουσιν
1525 1757 1637 1826 (62)
1681 1760 1771 1811 οὺ-

190 1840 283 1894 δὲν
311 1841 643 1908 ἀδικοῦντες,
671 1844 805 1898 ἀλλὰ
831 1849 898 1917 ἢν
932 1846 1192 1901 ἀδύνατον
1225 1850 1503 1918 ἐκφυγεῖν.
1544 1880 1611 1888 —-
1641 1851 1775 1904 Τίνα

189 1930 259 2003 δὴ
288 1931 468 2000 λέγεις
489 1950 503 1998 ;
528 1967 598 1976 —-
624 1937 1115 2009 Παραδειγμάτων,
1162 1934 1208 1993 ὦ
1243 1941 1363 2010 φίλε
1383 1981 1398 2003 ,
1446 1943 1504 1993 ὲν
1561 1942 1638 2012 τῷ
1661 1943 1773 1995 ὄντι

189 2023 465 2090 ἑστώτων,
528 2027 621 2082 τοῦ
656 2029 754 2100 μὲν
789 2029 935 2085 θείου
994 2033 1502 2103 εὐδαιμονεστάτου,
1569 2033 1664 2087 τοῦ
1718 2034 1774 2087 δὲ

188 2115 356 2170 ἀθέου
395 2119 726 2174 ἀθλιωτάτου
750 2139 763 2151 ·
789 2123 890 2194 οὐχ
931 2125 1165 2196 ὁρῶντες
1193 2126 1275 2179 ὅτι
1304 2125 1476 2189 circa);
1507 2126 1638 2196 ἔχει,
1671 2127 1775 2180 ὑπὸ

187 2207 529 2280 ἠλιθιότητός
561 2229 618 2264 τε
649 2212 740 2265 καὶ
779 2215 875 2285 τῆς
917 2215 1151 2286 ἐσχάτης
1191 2216 1402 2279 ἀνοίας,
1456 2215 1772 2270 λανθάνουσι

185 2299 270 2370 τῷ
315 2301 414 2371 μὲν
453 2303 795 2372 ὁμοιούμενοι
844 2305 932 2360 διὰ
979 2305 1078 2370 τὰς
1104 2307 1321 2370 ἀδίκους
1350 2307 1596 2379 πράξεις,
1619 2308 1696 2379 τῷ
1718 2310 1774 2362 δὲ

185 2397 602 2468 ἀνομοιούμενοι
619 2417 632 2431 ·
651 2393 713 2453 οὗ
739 2400 802 2472 δὴ
827 2400 1033 2456 τίνουσι
1051 2401 1228 2473 δίκην,
1257 2401 1456 2467 ζῶντες
1471 2403 1560 2456 τὸν
1589 2403 1776 2456 εἰκότα

187 2487 309 2558 βίον
406 2490 730 2560 ὀμοιοῦνται.
753 2493 848 2545 Ἂν
870 2493 927 2547 δὲ
956 2493 1223 2564 εἴπωμεν,
1265 2494 1367 2557 ὅτι,
1407 2493 1473 2548 ἂν
1500 2495 1574 2566 μὴ
1599 2493 1773 2548 ἀπαλ-

183 2580 399 2649 λαγῶσι
450 2583 552 2652 τῆς
589 2583 911 2655 δεινότητος,
946 2585 1040 2638 καὶ
1103 2584 1536 2656 τελευτήσαντας
1578 2587 1774 2649 αὐτοὺς

185 2672 399 2734 ἐκεῖνος
435 2673 532 2743 μὲν
561 2675 592 2726 ὁ
614 2673 724 2728 τῶν
754 2673 940 2727 κακῶν
975 2674 1216 2746 καθαρὸς
1254 2675 1420 2740 τόπος
1445 2677 1506 2728 οὐ
1542 2675 1770 2741 δέξεται,

185 2764 379 2819 ἐνθάδε
407 2765 465 2818 δὲ
489 2765 587 2836 τὴν
617 2765 799 2830 αὐτοῖς
825 2767 1120 2838 ὁμοιότητα
1151 2767 1428 2838 διαγωγῆς
1455 2768 1544 2822 ἀεὶ
1571 2767 1770 2834 ἕξουσι,

185 2857 352 2911 κακοὶ
383 2859 572 2920 κακοῖς
597 2857 866 2922 συνόντες,
883 2857 1058 2912 ταῦτα
1089 2859 1153 2931 δὴ
1181 2859 1276 2914 καὶ
1313 2860 1658 2914 παντάπασιν
1697 2861 1773 2926 ὡς

182 2947 352 3001 δεινοὶ
375 2947 470 3001 καὶ
503 2946 798 3020 πανοῦργοι
835 2948 1077 3022 ἀνοήτων
1115 2949 1276 3002 τινῶν
1323 2949 1666 3005 ἀκούσονται.
1705 2981 1774 2992 -

184 3037 300 3091 Καὶ
331 3037 476 3108 μάλα
503 3038 586 3110 δὴ,
619 3031 664 3091 ὦ
694 3038 1001 3112 Σώκρατες.
1042 3071 1112 3082 -—
1141 3037 1272 3098 οἶδά
1308 3059 1425 3105 τοι,
1471 3036 1516 3094 ὧ
1567 3044 1769 3116 ἑταῖρε.
1801 3060 1842 3113 C

190 3129 290 3182 Ἔν
323 3129 510 3200 μέντοι
533 3147 585 3184 τι
635 3131 818 3196 αὐτοῖς
872 3133 1238 3205 συμϐέϐηκεν,
1272 3134 1399 3187 ὅταν
1462 3133 1566 3206 ἰδίᾳ
1611 3135 1770 3202 λόγον

181 3223 280 3294 δέῃ
302 3222 508 3286 δοῦναι,
544 3223 639 3278 καὶ
667 3223 941 3292 δέξασθαι,
985 3227 1112 3298 περὶ
1131 3219 1205 3280 ὧν
1235 3225 1462 3295 ψέγουσι
1485 3267 1500 3291 ,
1528 3228 1623 3281 καὶ
1679 3227 1770 3281 θε-

182 3314 427 3385 λήσωσιν
465 3316 737 3388 ἀνδρικῶς
771 3316 938 3372 πολὺν
962 3318 1153 3389 χρόνον
1190 3319 1512 3388 ὑπομεῖναι,
1561 3317 1658 3372 καὶ
1693 3319 1768 3389 μὴ

181 3408 467 3479 ἀνάνδρως
509 3413 698 3480 φυγεῖν
717 3427 730 3440 ’
784 3409 905 3465 τότε
933 3412 1172 3477 ἀτόπως,
1219 3405 1264 3464 ὦ
1293 3411 1558 3480 δαιμόνιε,
1588 3411 1770 3464 τελευ-

1886 475 2174 543 murando,
2211 478 2382 531 risum
2431 475 2709 543 vicissim,
2747 495 2852 534 non
2893 480 3006 550 jam
3055 480 3308 538 Thressis
3335 484 3461 554 qui-

1883 565 2136 629 busdam,
2162 575 2256 621 aut
2278 567 2446 623 hardo
2467 570 2702 640 cuipiam
2725 586 2788 625 ac
2811 572 3048 642 stupido,
3072 574 3164 643 qui
3190 574 3459 644 ejusmodi

1884 659 2018 712 nihil
2077 662 2278 715 sentire
2325 661 2542 730 possit;
2589 671 2643 715 at
2669 662 2736 717 iis
2778 663 2996 718 demum
3045 666 3136 736 qui
3191 667 3346 722 aliter
3397 685 3461 724 ac

1883 751 2153 821 mancipia
2199 752 2411 807 educati
2447 752 2670 820 fuerint,
2703 755 2958 812 omnibus
2990 757 3268 812 excitabit.
3313 758 3460 816 Talis

1882 850 1994 902 est,
2053 843 2125 896 mi
2185 841 2510 908 Theodore,
2561 846 2802 902 hominis
2863 848 3149 918 utriusque
3199 851 3457 905 conditio.

1880 931 2043 1002 605
2076 931 2256 987 Altera
2311 934 2530 1004 quidem
2563 935 2703 1005 ejus,
2739 935 2832 1004 qui
2880 935 3061 1005 reipsa
3116 936 3169 990 in
3215 936 3462 992 libertate

1881 1034 1935 1076 et
1958 1023 2070 1077 otio
2098 1023 2359 1079 educatus
2389 1024 2573 1092 fuerit,
2591 1043 2752 1096 quem
2780 1037 2834 1080 tu
2860 1027 3246 1097 philosophum
3272 1043 3459 1084 vocas.

1882 1113 2020 1170 Huic
2047 1115 2192 1170 enim
2244 1117 2465 1187 impune
2511 1134 2576 1174 ac
2626 1120 2745 1175 sine
2777 1120 2981 1190 probro
3031 1120 3211 1185 liccat,
3242 1135 3368 1175 cum
3404 1121 3458 1176 in

1881 1207 2077 1262 servile
2130 1209 2420 1264 ministerii
2472 1208 2655 1282 genus
2711 1211 3002 1277 inciderit,
3053 1211 3354 1282 simplicem
3406 1221 3463 1268 ct

1880 1297 2120 1366 ineptum
2150 1299 2340 1359 videri.
2377 1299 2620 1371 adeoque
2648 1302 2859 1356 nullum
2907 1317 3048 1367 esse,
3089 1303 3183 1371 qui
3225 1303 3460 1374 exempli

1879 1401 2044 1441 causa
2073 1403 2172 1442 nec
2203 1389 2442 1459 stragula
2481 1405 2830 1460 componere,
2875 1407 2973 1448 nec
3006 1391 3158 1446 cibos
3188 1392 3455 1456 obsoniis.

1878 1492 1980 1532 nec
2024 1478 2304 1535 blanditiis
2356 1483 2654 1537 orationem
2712 1484 2935 1538 condire
2989 1485 3222 1540 noverit.
3274 1485 3458 1540 Altera

1878 1583 2006 1622 vero
2059 1570 2178 1638 ejus
2223 1581 2328 1638 est,
2380 1574 2472 1642 qui
2519 1589 2644 1628 cum
2696 1584 2973 1629 strenuam
3028 1576 3148 1631 istis
3203 1577 3458 1632 omnibus

1879 1675 2100 1729 operam
2138 1660 2408 1730 eleganter
2441 1673 2494 1717 et
2518 1665 2766 1733 expedite
2795 1680 2996 1720 navare
3018 1666 3210 1735 possit,
3238 1667 3456 1737 ingenui

1808 1725 1851 1778 Β
1879 1759 2059 1805 tamen
2091 1767 2156 1806 ac
2193 1753 2436 1807 liberalis
2481 1754 2634 1808 chori
2685 1756 2767 1810 vel
2810 1757 3182 1825 prolusionem
3232 1759 3462 1814 solerter

1877 1841 2161 1898 instituere
2187 1859 2294 1898 non
2330 1856 2524 1915 potest,
2562 1847 2760 1900 nedum
2799 1855 2880 1912 ut,
2899 1849 3164 1904 orationis
3190 1859 3458 1906 concentu

1876 1931 2086 2002 integre
2135 1942 2497 2004 accurateque
2544 1940 2834 2004 percepto,
2879 1953 3060 1992 veram
3098 1949 3192 1994 aut
3228 1941 3456 1994 deorum

1876 2032 1970 2077 aut
2003 2024 2282 2079 beatorum
2314 2026 2598 2081 hominum
2620 2029 2784 2083 vitam
2805 2030 3079 2085 celebrare
3117 2032 3377 2102 queat.—
3397 2029 3459 2087 Si

1879 2114 2061 2180 fidem,
2088 2132 2120 2169 ο
2150 2115 2430 2182 Socrates,
2464 2119 2533 2174 ab
2565 2120 2688 2175 aliis
2719 2123 2977 2179 omnibus
3008 2124 3233 2194 perinde
3264 2133 3325 2180 ut
3357 2127 3458 2182 abs

1880 2223 1965 2262 me
2000 2208 2100 2262 hoc
2147 2209 2202 2262 in
2251 2226 2450 2281 genere
2493 2211 2836 2283 impetrares,
2872 2214 3048 2286 major
3096 2231 3230 2272 sane
3275 2219 3474 2290 quies”

1878 2301 2257 2372 malorumque
2298 2305 2482 2360 minus
2520 2305 2574 2358 in
2619 2307 2857 2361 humana
2883 2308 2994 2362 vita
3027 2319 3356 2367 versaretur.
3387 2343 3460 2355 —

1878 2393 2040 2463 Atqui
2089 2395 2225 2458 fieri,
2260 2396 2331 2449 mi
2370 2390 2675 2463 Theodore,
2700 2414 2806 2453 non
2847 2409 3053 2469 potest,
3079 2402 3156 2456 uti
3203 2403 3346 2458 mala
3374 2403 3458 2460 vel

1877 2485 2102 2539 omnino
2130 2487 2392 2542 tollantur
2417 2487 2562 2558 (cum
2595 2490 2797 2559 aliquid
2829 2506 3040 2560 semper
3070 2493 3214 2548 bono
3239 2504 3460 2552 contra-

1876 2574 2017 2627 rium
2069 2591 2357 2644 superesse
2400 2592 2623 2632 necesse
2661 2579 2772 2646 sit).
2807 2580 2890 2634 vel
2924 2581 3064 2650 apud
3113 2581 3244 2638 deos
3271 2583 3456 2641 locum

1877 2667 2130 2721 habeant.
2165 2669 2233 2722 At
2262 2669 2405 2722 circa
2437 2671 2719 2724 mortalem
2762 2680 3036 2736 naturam,
3067 2681 3121 2728 et
3144 2674 3456 2732 inferiorem

1877 2757 2019 2811 hanc
2079 2759 2353 2826 regionem
2395 2761 2633 2833 .assidue
2696 2762 3117 2833 necessarioque
3165 2777 3452 2837 vagantur.

1877 2847 2241 2915 Quamobrem
2271 2851 2585 2906 enitendum
2623 2852 2894 2924 praecipue
2928 2856 3109 2921 nobis,
3138 2870 3199 2912 ut
3233 2859 3359 2914 hinc
3392 2875 3454 2916 ea

1877 2941 2160 2997 celeritate
2211 2951 2416 3013 quanta
2470 2943 2586 2998 lieri
2640 2945 2840 3014 poterit
2876 2947 3113 3003 maxinia
3158 2946 3452 3020 fugiamus.

1878 3035 2010 3102 Quae
2043 3037 2260 3105 quidem
2296 3035 2421 3107 fuga
2450 3037 2586 3091 nihil
2617 3046 2702 3092 est
2744 3039 2914 3106 aliud,
2943 3056 3108 3110 quam
3154 3042 3458 3099 similitudo

1879 3143 2002 3181 cum
2056 3125 2197 3191 Deo,
2253 3136 2524 3196 quatenus
2566 3129 2633 3184 ad
2681 3145 2801 3184 eam
2853 3133 3096 3202 aspirare
3147 3133 3290 3190 licet.
3340 3134 3456 3191 Hoc

1877 3231 2044 3287 porro
2083 3217 2458 3272 similitudinis
2494 3233 2664 3289 genus
2699 3220 2752 3274 in
2788 3223 3064 3291 aequitate,
3094 3226 3452 3286 sanctimonia

1878 3310 2278 3380 prudentiaque
2311 3311 2583 3364 consistit.
2619 3309 2723 3365 Sed
2761 3313 2943 3377 enim,
2978 3316 3063 3370 vir
3093 3318 3326 3388 optime,
3355 3334 3454 3375 us-

1877 3417 1984 3472 que
2017 3402 2155 3455 adeo
2181 3401 2340 3456 facile
2374 3401 2688 3470 persuaderi
2723 3418 2829 3456 non
2861 3415 3057 3474 potest,
3093 3423 3200 3463 non
3234 3425 3300 3465 eo
3333 3426 3457 3465 con-

180 3499 387 3564 τῶντες
419 3502 520 3555 οὐκ
569 3502 896 3574 ἀρέσκουσιν
941 3503 1096 3557 αὑτοὶ
1146 3504 1360 3568 αὐτοῖς,
1418 3504 1547 3576 περὶ
1580 3496 1656 3556 ὧν
1685 3502 1769 3554 λέ-

1876 3494 1998 3548 silio
2025 3493 2172 3563 quod
2211 3493 2495 3547 hominum
2528 3494 2710 3566 vulgo,
2749 3510 2873 3550 cum
2921 3498 2975 3551 in
3007 3499 3138 3557 vitio
3172 3500 3452 3573 fugiendo,

180 3607 366 3660 γουσι,
392 3593 488 3646 καὶ
514 3594 548 3664 ἠ
574 3593 838 3666 ῥητορικὴ
869 3593 1092 3647 ἐκείνων
1139 3611 1256 3658 πως
1305 3593 1766 3664 ἀπομαραίνεται,

1876 3597 1986 3642 tum
2023 3589 2077 3641 in
2111 3585 2487 3657 persequenda
2520 3585 2721 3641 virtute
2761 3590 3101 3658 propositum
3135 3607 3258 3648 esse
3293 3593 3452 3658 solet,

180 3679 326 3736 ὥστε
358 3683 566 3737 παίδων
589 3684 755 3755 μηδὲν
775 3684 950 3738 δοκεῖν
971 3683 1269 3756 διαφέρειν.
1317 3703 1336 3736 ›

1876 3679 2295 3734 incumbendum
2327 3677 2381 3732 in
2415 3678 2645 3733 alterum
2679 3694 2833 3746 esse,
2863 3682 2932 3736 ab
2962 3681 3133 3739 altero
3166 3684 3419 3740 disceden

182 3777 342 3840 dum,
376 3777 481 3832 hoc
507 3787 609 3843 est,
655 3795 721 3834 ne
769 3779 970 3845 malus,
1003 3780 1098 3835 sed
1141 3780 1324 3849 potius
1354 3787 1418 3834 ut
1454 3779 1633 3836 bonus
1664 3793 1788 3836 esse
1818 3776 2074 3833 videaris.
2107 3773 2200 3829 Hae
2226 3775 2428 3846 quippe
2459 3783 2610 3842 sunt,
2652 3785 2711 3830 ut
2759 3773 2890 3831 mihi
2924 3777 3144 3848 quidem
3175 3779 3450 3848 videntur,

179 3869 361 3926 aniles
389 3884 528 3939 quas
557 3880 754 3925 vocant
798 3869 1012 3927 fabulae.
1046 3870 1342 3937 Caeterum,
1383 3874 1528 3942 quod
1567 3871 1794 3926 omnino
1837 3883 2026 3924 verum
2068 3874 2172 3927 est,
2208 3867 2284 3921 ita
2335 3866 2646 3921 statuimus.
2703 3867 2848 3924 Deus
2896 3869 3049 3924 nullo
3078 3869 3240 3940 plane
3287 3873 3453 3927 modo

182 3963 427 4032 injustus
453 3973 556 4026 est,
589 3964 680 4017 sed
713 3964 820 4018 vim
855 3979 1070 4018 omnem
1094 3964 1324 4032 justitiae
1357 3963 1856 4034 perfectionemque
1903 3959 2257 4030 complexus;
2294 3973 2395 4013 nec
2426 3956 2660 4012 simnilis
2702 3958 2750 4011 ei
2777 3959 3075 4030 quidquam
3103 3977 3224 4018 esse
3253 3964 3448 4032 possit.

180 4069 349 4123 quam
377 4053 470 4123 qui
514 4053 851 4122 justissimus
880 4056 1042 4110 etiam
1078 4057 1218 4111 inter
1265 4057 1514 4111 homines
1561 4055 1743 4110 fuerit.
1800 4054 1913 4109 Hac
1947 4069 2053 4107 una
2105 4068 2164 4106 re
2194 4053 2277 4105 vis
2318 4052 2500 4106 omnis
2543 4051 2919 4123 industriaque
2956 4054 3214 4119 hominis,
3255 4056 3450 4112 inertia

181 4148 351 4203 simul
380 4159 434 4203 et
463 4149 810 4204 imbecillitas
841 4151 1101 4206 astimari
1146 4152 1324 4207 debet.
1373 4149 1510 4206 Nam
1554 4160 1616 4206 ut
1657 4151 1779 4220 ejus
1808 4149 2048 4218 cognitio
2079 4162 2208 4201 vera
2240 4155 2323 4202 est
2372 4161 2496 4199 cum
2534 4146 2734 4200 virtute
2767 4145 3066 4214 sapientia;
3095 4147 3176 4202 sic
3204 4147 3449 4218 ejusdem

182 4245 479 4314 ignoratio,
513 4246 817 4302 certissima
848 4261 974 4301 cum
1004 4247 1243 4314 inscitia,
1284 4257 1396 4302 tum
1448 4247 1772 4318 improbitas
1801 4254 1908 4300 est.
1940 4244 2146 4299 Catera
2175 4257 2298 4312 quae
2325 4241 2487 4310 vulgo
2513 4241 2764 4294 videntur
2803 4239 3080 4295 facultatis
3112 4256 3177 4296 ac
3218 4243 3452 4297 solertiae

182 4356 406 4408 genera,
440 4349 493 4396 et
525 4342 576 4394 iu
607 4343 750 4396 civili
777 4342 1252 4400 administratione
1279 4343 1466 4414 gravia
1497 4351 1626 4398 sunt
1650 4357 1716 4397 ac
1746 4341 1998 4406 molesta,
2029 4348 2084 4394 et
2128 4340 2184 4392 in
2226 4339 2423 4392 artium
2451 4336 2626 4391 classe
2658 4333 2964 4389 illiberalia.
2995 4331 3256 4402 Quisquis
3285 4333 3452 4404 igitur

180 4437 306 4492 aliis
333 4437 632 4506 injuriosus
663 4447 767 4507 est,
793 4457 989 4511 resque
1015 4441 1265 4512 indignas
1307 4450 1404 4498 aut
1437 4441 1702 4510 loquitur,
1735 4447 1830 4493 aut
1863 4437 2106 4503 molitur,
2137 4435 2186 4490 ei
2215 4450 2348 4491 sane
2389 4448 2553 4504 quam
2579 4433 2843 4502 optimum
2880 4428 3060 4496 fuerit,
3092 4429 3137 4482 si
3170 4445 3450 4500 nunquam

180 4537 234 4590 id
267 4536 371 4604 ipsi
405 4537 786 4600 concedamus,
823 4545 882 4592 ut
907 4538 1105 4592 astutia
1136 4539 1316 4592 valere
1343 4537 1580 4594 dicatur.
1616 4535 1868 4592 Gaudent
1896 4533 2043 4589 enim
2079 4531 2184 4586 hoc
2217 4530 2398 4600 probri
2435 4543 2652 4599 genere,
2689 4526 2904 4596 sibique
2931 4527 3278 4595 persuadent,
3303 4525 3450 4580 aliud

179 4628 479 4699 signiﬁcari
517 4629 671 4691 nihil,
704 4644 866 4699 quam
901 4641 1022 4683 sese
1046 4643 1155 4682 non
1180 4626 1396 4696 stipites
1425 4625 1692 4696 quosdam
1727 4639 1870 4688 esse,
1908 4632 2002 4677 aut
2032 4621 2246 4676 inutilia
2277 4629 2433 4674 terra:
2458 4619 2720 4688 pondera,
2752 4616 2845 4670 sed
2879 4617 3128 4670 homines
3157 4616 3448 4685 ejusmodi,

178 4721 371 4790 quales
396 4735 491 4774 eos
518 4734 657 4778 esse.
686 4720 779 4790 qui
818 4721 871 4773 in
903 4719 1090 4788 repub.
1125 4719 1363 4772 maxime
1398 4717 1760 4780 retineantur,
1794 4723 2060 4784 oporteat.
2094 4711 2297 4766 Verum
2339 4725 2469 4781 ergo
2517 4710 2692 4779 palam
2725 4720 2780 4764 et
2811 4720 2996 4782 aperte
3023 4711 3310 4767 dicendum
3341 4721 3448 4770 est.

175 4814 346 4886 606
370 4828 465 4868 eos
494 4812 773 4877 nimirum,
805 4816 993 4883 quales
1035 4816 1260 4870 minime
1307 4815 1663 4875 arbitrantur,
1697 4815 1800 4869 hoc
1831 4821 1916 4868 est
1959 4811 2161 4882 magis,
2205 4823 2316 4880 quo
2350 4809 2534 4862 minus
2586 4807 2938 4864 arbitrantur.
2972 4807 3168 4864 Veram
3203 4810 3349 4864 enim
3385 4824 3450 4866 ac

176 4907 459 4976 pr0priam
497 4909 861 4979 improbitatis
908 4929 1124 4984 poenam
1176 4915 1450 4985 ignorant,
1496 4928 1662 4984 quam
1699 4912 1924 4966 minime
1974 4909 2218 4965 omnium
2267 4907 2519 4977 ignorare
2561 4904 2879 4958 debuerant.
2929 4899 3037 4956 Nec
3065 4901 3210 4954 enim
3246 4899 3357 4960 illa.
3391 4901 3445 4955 in

1862 5049 1995 5118 ipsa
2041 5045 2144 5108 sit,
2194 5042 2464 5114 agendum
2491 5055 2612 5095 esse
2647 5049 2850 5105 tamen,
2885 5052 2951 5091 ne
2977 5037 3136 5090 talem
3168 5050 3228 5090 se
3259 5035 3447 5092 haberi

1861 5117 2083 5172 sentiat.

1891 5135 2422 5259 θἳθὲῐητΩν-ἐνίοτε
2451 5176 2930 5259 πάσχουσιν-..-81
2971 5176 3123 5259 οὐδέν
3165 5192 3288 5234 cum
3343 5178 3448 5259 πάο

1864 5247 2052 5329 σχὸυσῖι
2097 5253 2482 5329 conj-ungatur,
2538 5247 2733 5329 sensus
2765 5249 2889 5314 erit,
2940 5264 3068 5329 cun}.
3101 5248 3290 5301 harum
3337 5247 3445 5299 ali-

1861 5316 2072 5398 (ιὶἱιιηιίο
2099 5316 2235 5379 nihil
2256 5316 2478 5376 su'beant
2502 5361 2516 5384 ,
2550 5321 2640 5390 qui
2673 5330 2978 5388 peccarunt.
3005 5316 3110 5398 _Sin
3137 5333 3288 5398 vero,
3302 5333 3443 5398 eum

1864 5387 2432 5466 ἀδικοῦντεςηδειιευξ
2458 5399 2542 5446 est
2562 5387 2744 5458 quem
2774 5389 3268 5466 expressimusuAt
3302 5387 3446 5466 Fi_ci-

1867 5484 1990 5531 nus,
2025 5464 2380 5538 posteriorem
2410 5463 2556 5538 hunc
2584 5457 2806 5538 secutus
2825 5457 2858 5538 ,_
2876 5469 2996 5538 post
3025 5457 3444 5538 d§txODVtec_lgf

1865 5528 2288 5609 gisse‘videtur,
2332 5531 2674 5609 ἐκφεύγουσι.
2707 5529 2892 5609 δὲγοίη
2907 5528 3255 5609 ἀδικοῦντες,
3295 5528 3446 5609 addit

1865 5595 2044 5666 Enim,
2096 5615 2144 5658 et
2179 5595 2366 5672 ὑψιδιὶ
2397 5595 2531 5672 έαιρέ
2559 5599 2814 5654 devitant.
2853 5595 2952 5654 Cui
2988 5598 3204 5654 lectioni
3253 5595 3446 5653 admo-

1870 5679 1994 5733 dum
2028 5677 2202 5730 faveo.

251 5041 364 5111 (60)
403 5043 544 5117 Περὶ
578 5045 824 5112 τοῦτον,
860 5058 964 5103 etc.
999 5050 1152 5117 Apud
1199 5049 1478 5103 Platonem
1529 5049 1646 5104 haec
1679 5050 1753 5104 ita

177 5115 456 5190 leguntur,
488 5116 620 5190 Περὶ
642 5117 836 5190 τούτου
865 5121 959 5172 καὶ
985 5122 1018 5190 ἡ
1050 5115 1124 5183 ὡς
1159 5120 1372 5190 ἀληθῶς
1400 5119 1639 5190 δεινότης
1665 5121 1756 5172 ἀν-

174 5183 326 5261 δρὸς,
354 5185 449 5235 καὶ
479 5183 692 5261 coaevi;
717 5205 797 5250 τε,
832 5189 928 5241 καί
956 5183 1392 5261 ἀνανδρίαᾞριιαε
1436 5183 1752 5261 Ιθοιὶοήιίῇῑ

174 5255 250 5307 ob
273 5257 575 5328 sequentia
594 5257 938 5328 vehementer
971 5255 1248 5328 probatur,
1281 5255 1334 5314 in
1369 5261 1567 5328 quibus
1595 5260 1755 5328 σοφία

175 5335 232 5378 et
261 5324 432 5393 ἀρετή
460 5327 767 5400 αὺᾼάμαμθίᾳ
793 5338 846 5381 et
882 5324 1051 5400 κακίᾳ
1082 5324 1510 5400 distinguuntur.
1543 5324 1752 5384 Mallem

176 5403 364 5473 tamen
423 5395 551 5466 περλ⁸
595 5395 752 5450 τοῦτο
799 5413 962 5467 quam
1023 5395 1152 5470 περὶ
1206 5395 1417 5461 τούτου,
1481 5409 1575 5454 aut
1628 5401 1754 5468 περὶ

173 5479 370 5516 τουτον
377 5505 389 5517 .

250 5534 367 5607 (Gl)
394 5533 470 5589 Τὸ
494 5537 581 5605 μὴ
603 5538 954 5607 συγχωρεῖν,
975 5548 1080 5594 etc.
1105 5539 1326 5594 Ficinus
1354 5539 1534 5602 vertit,
1556 5541 1601 5592 si
1625 5539 1755 5591 nihil

177 5605 397 5680 vafritie
426 5609 622 5680 possit,
667 5605 758 5680 nee
793 5605 997 5662 artibus
1032 5610 1187 5665 malis
1219 5619 1434 5663 utamur
1463 5608 1601 5680 [lege
1633 5618 1754 5661 uta-

180 5672 316 5745 tur].
363 5672 433 5729 At
462 5676 814 5747 philosophus
855 5688 1064 5734 tantum
1102 5682 1250 5746 vult,
1280 5672 1492 5735 etiamsi
1540 5672 1664 5735 talis
1702 5693 1759 5732 re
