3826 6232
378 307 525 362 ’1007
1025 306 1294 362 EUSEBII
1327 303 1802 362 CAESARIENSIS
1839 303 1952 358 0P!

2060 301 2213 358 'ARS
2251 304 2315 358 ll.
2356 332 2425 343 --
2464 300 2974 358 APOLOGETICA.‘
3506 305 3651 360 1008

385 421 582 491 plagis,
613 430 670 476 ut
697 420 1027 484 existimant,
1064 428 1157 474 aut
1184 430 1355 475 morte
1381 420 1648 484 consistit,
1686 435 1810 474 cum
1841 419 1944 474 ista
1975 432 2346 489 saepenumero
2375 416 2609 474 subeant
2634 417 2710 471 illi
2741 430 2980 486 quoque,
3015 418 3111 486 qui
3137 417 3275 472 nihil
3303 432 3645 488 peccarunt;

371 521 480 576 sed
507 521 598 574 illa
630 519 844 575 demum
868 527 969 583 est,
1001 533 1162 586 quam
1192 518 1425 590 etl‘ugere
1449 519 1728 588 improbus
1758 533 1918 572 nemo
1945 517 2134 588 possit.
2160 545 2230 554 —
2253 513 2430 581 Quam
2466 521 2520 568 tu
2552 528 2770 584 pinnam
2799 511 3093 581 intelligis?
3115 543 3185 553 —-
3207 511 3346 567 Cum
3369 514 3426 567 in
3460 529 3647 569 rerum

384 619 603 676 natura,
632 612 706 664 mi
742 610 1045 676 Theodore,
1076 608 1408 678 exemplaria
1448 608 1556 663 duo
1587 607 1715 674 sint,
1751 607 1994 662 divinum
2042 605 2300 669 alterum,
2346 604 2597 674 idemque
2639 602 3054 668 beatissimum,
3100 603 3331 657 alterum
3395 604 3649 674 impium,

384 707 635 776 idemque
661 707 1026 762 miserrimum
1056 724 1068 758 :
1095 705 1172 758 illi
1221 705 1350 760 dum
1400 705 1473 760 ita
1519 720 1633 759 rem
1683 705 1885 759 habere
1931 719 2040 758 non
2069 703 2274 770 vident,
2305 717 2414 772 quo
2457 709 2679 770 stupore
2719 707 2848 754 sunt
2882 704 3047 766 atque
3083 696 3380 759 dementia,
3407 697 3562 752 alteri
3592 710 3654 753 se

385 795 601 866 ﬂagitiis
630 811 694 851 ac
719 796 1015 852 sceleribus
1050 796 1375 864 persimiles,
1402 796 1558 850 alteri
1590 794 1987 850 dissimillimos
2016 793 2128 848 ﬁeri
2155 808 2266 847 non
2296 790 2562 847 sentiunt.
2596 787 2768 860 Cujus
2793 802 2926 842 sane
2946 785 3132 840 delicti
3163 785 3270 841 hoc
3299 786 3422 856 ipso
3451 799 3652 855 pinnas

382 883 557 948 luunt,
588 897 698 954 quo
729 882 897 936 vitam
930 887 1117 951 agunt,
1147 883 1197 936 ei
1227 883 1385 952 cujus
1412 882 1621 937 similes
1652 882 1980 946 etliciuntur,
2012 881 2251 934 maxime
2293 887 2738 934 consentaneam.
2771 875 2984 942 Quibus
3029 874 3076 929 si
3112 873 3355 929 futurum
3383 883 3650 945 praeterea

381 977 799 1041 comminemur,
831 976 937 1033 nisi
965 977 1034 1030 ab
1066 975 1167 1028 ista
1196 973 1452 1043 nequitiae
1479 974 1532 1028 vi
1563 972 1938 1036 discesserint,
1968 972 2046 1026 uti
2077 987 2186 1025 non
2214 971 2328 1040 jam
2360 985 2456 1025 eos
2485 976 2608 1039 post
2639 966 2849 1022 obitum
2885 965 3041 1021 locus
3071 965 3164 1020 ille
3191 965 3260 1020 ab
3288 965 3437 1020 omni
3474 966 3650 1021 scele-

381 1082 619 1128 ratorum
650 1073 974 1141 contagione
1001 1075 1241 1126 semotus
1273 1068 1526 1139 excipiat,
1561 1069 1655 1124 sed
1688 1067 1868 1136 potius
1909 1075 1971 1121 ut
2009 1065 2133 1121 istic
2160 1064 2264 1121 sibi
2297 1063 2653 1132 moribusque
2684 1059 2801 1116 suis
2845 1057 3178 1128 persimilem
3219 1057 3347 1112 vitae
3377 1058 3649 1114 rationem

380 1174 643 1235 perpetuo
668 1164 922 1227 habeant,
953 1163 1056 1217 hoc
1086 1173 1169 1220 est
1195 1172 1256 1219 ut
1279 1179 1404 1218 cum
1438 1164 1702 1234 improbis
1728 1163 1959 1234 improbi
1995 1161 2204 1217 versari
2233 1168 2529 1230 cogantur;
2567 1157 2621 1212 id
2655 1157 2936 1212 enimvero
2979 1168 3089 1208 non
3127 1167 3287 1208 secus
3317 1167 3382 1208 ac
3411 1153 3654 1208 deliran—

382 1256 516 1308 tium
543 1255 906 1325 quorumdam
933 1257 1230 1322 somnium,
1263 1256 1512 1311 homines
1548 1255 1693 1326 plani
1728 1271 1792 1311 ac
1829 1253 2142 1324 versipelles
2189 1253 2500 1308 exaudient.
2524 1280 2594 1293 -—
2616 1249 2694 1306 Ita
2728 1261 2978 1320 prorsus,
3013 1260 3047 1301 ο
3079 1242 3351 1300 Socrates.
3381 1273 3452 1284 —-
3478 1243 3652 1314 Equi-

378 1351 499 1405 dem
527 1350 582 1406 id
611 1351 781 1421 probe
812 1352 960 1420 novi,
988 1351 1289 1408 Theodore.
1323 1351 1428 1407 Sed
1473 1361 1654 1406 tamen
1692 1351 1796 1406 hoc
1823 1351 1890 1406 iis
1919 1351 2109 1406 saltem
2154 1365 2260 1404 usu
2298 1348 2465 1413 venit,
2496 1354 2558 1402 ut
2589 1347 2636 1403 si
2671 1345 2890 1416 quando
2927 1341 3205 1411 privatim,
3234 1355 3420 1395 rerum
3455 1353 3651 1394 earum

377 1455 517 1509 quas
545 1441 824 1512 despicere
850 1457 914 1497 ac
938 1441 1184 1497 deridere
1211 1442 1408 1506 solent,
1437 1441 1579 1495 ultro
1614 1441 1860 1509 citroque
1908 1438 2148 1492 rationes
2179 1437 2482 1506 expendere
2522 1433 2843 1504 oportuerit,
2875 1442 3038 1503 atque
3062 1432 3168 1487 hac
3195 1431 3252 1486 in
3282 1431 3654 1501 disputatione

378 1531 610 1602 gradum
635 1533 800 1603 paulo
827 1534 1035 1590 diutius
1062 1542 1116 1589 et
1148 1535 1490 1592 constantius
1524 1517 1708 1604 ﬁgere,
1743 1547 1854 1587 non
1885 1531 2114 1601 turpiter
2145 1529 2331 1599 fugere
2354 1527 2629 1582 voluerint
2664 1545 2679 1582 :
2709 1534 2990 1587 tumvero
3021 1540 3090 1580 ne
3131 1525 3235 1579 sibi
3267 1523 3489 1594 quidem
3514 1523 3653 1594 ipsis

379 1621 433 1676 in
464 1625 709 1680 oratione
737 1641 836 1680 sua
861 1625 1129 1696 placeant,
1167 1642 1375 1697 suaque
1403 1626 1506 1683 sibi
1545 1625 1817 1681 rhetorica
1847 1623 2033 1678 nescio
2058 1636 2168 1692 quo
2213 1626 2374 1691 pacto
2418 1617 2800 1686 contabescat;
2833 1632 3083 1689 prorsus,
3118 1615 3255 1669 nihil
3286 1621 3348 1669 ut
3399 1629 3430 1669 a
3459 1615 3653 1685 pueris

381 1713 598 1771 differre
623 1713 931 1770 videantur.
970 1734 989 1767 ι

942 1807 1172 1863 CAPUT
1211 1808 1380 1862 XXX.

380 1897 456 1952 De
489 1905 600 1950 toto
645 1896 740 1950 illo
774 1897 1078 1966 sophistica:
1123 1915 1307 1968 genere
1329 1937 1343 1962 ,
1375 1897 1511 1968 quod
1557 1898 1692 1952 inter
1723 1895 1955 1949 homines

967 1969 1189 2036 reperiri
1223 1969 1374 2022 solet.

449 2075 508 2128 ln
555 2077 756 2133 nostris
800 2092 1020 2148 quoque
1065 2079 1222 2135 libris
1263 2080 1330 2134 de
1372 2087 1487 2134 toto
1522 2077 1614 2132 illo
1644 2075 1960 2146 sophisticae

379 2181 596 2238 genere,
628 2169 774 2238 quod
821 2171 1106 2226 hominum
1157 2173 1371 2226 animos
1419 2169 1734 2240 occupavit,
1786 2168 1957 2222 multa

377 2259 676 2313 dicuntur:
712 2277 731 2310 ι
774 2259 1052 2330 Sapientia
1096 2263 1242 2317 enim
1287 2262 1452 2332 hujus
1487 2260 1675 2316 mundi
1730 2259 1957 2315 stultitia

380 2357 466 2402 cst
530 2347 675 2419 apud
728 2347 920 2405 Deum.
981 2351 1252 2422 Scriptum
1311 2363 1394 2406 est
1451 2351 1596 2405 enim
1659 2367 1672 2403 :
1726 2348 1957 2405 Perdam

377 2439 701 2509 sapientiam
743 2443 1094 2512 sapientium,
1127 2454 1181 2498 et
1223 2442 1565 2513 prudentiam
1607 2440 1956 2512 prudentium

375 2531 690 2602 rcprobabo.
727 2530 826 2586 Ubi
852 2534 1109 2603 sapiens?
1134 2534 1224 2588 ubi
1253 2533 1472 2589 scriba?
1501 2533 1593 2588 ubi
1618 2532 1957 2604 conquisitor

372 2623 537 2693 hujus
565 2625 749 2680 saeculi
777 2627 846 2658 ¹ο²
867 2627 890 2679 ?
913 2645 931 2678 ι
969 2625 1231 2682 Similiter
1250 2627 1319 2682 ab
1348 2626 1417 2681 iis
1444 2625 1536 2697 qui
1570 2626 1807 2680 divinam
1834 2625 1958 2696 phi-

372 2713 681 2784 l050phiam
714 2703 953 2786 profiteri
989 2717 1193 2784 velint,
1228 2717 1434 2770 humile
1461 2714 1842 2787 abjectumque
1872 2716 1958 2770 ni-

371 2805 452 2860 hil
482 2807 832 2876 cogitandum
871 2824 993 2864 esse
1044 2808 1132 2863 his
1171 2808 1355 2863 verbis
1395 2808 1725 2864 edocemur:
1762 2826 1782 2860 ‹
1813 2807 1957 2864 Con-

371 2893 741 2950 sidcrnntibus
776 2896 934 2952 nobis
980 2911 1091 2950 non
1118 2911 1239 2966 quae
1262 2895 1532 2961 videntur,
1564 2895 1657 2951 sed
1685 2909 1808 2965 quae
1843 2910 1953 2950 non

371 2985 624 3040 videntur
657 3002 670 3037 :
709 2985 842 3053 Quae
887 2988 1034 3040 enim
1071 2987 1344 3054 videntur,
1385 2994 1767 3041 momentanea
1795 2993 1950 3053 sunt;

371 3092 496 3148 qua:
535 3092 666 3132 vero
719 3093 826 3132 non
867 3079 1154 3143 videntur,
1181 3088 1402 3134 aeterna.
1435 3097 1454 3130 ι
1487 3077 1649 3150 607
1687 3076 1952 3132 Przeterea

1985 1812 2034 1868 A

2582 1798 2983 1853 ΚΕΦΑΛΑΙΟΝ
3025 1799 3109 1853 Λ’.

2166 1891 2307 1961 Περὶ
2333 1890 2538 1959 πάσης
2562 1889 2674 1959 τῆς
2692 1891 2764 1945 ἐν
2798 1887 3134 1959 ἀνθρώποις
3159 1887 3536 1958 σοφιστείας.

2129 2070 2239 2123 Καὶ⁸
2288 2070 2418 2141 παρ’
2461 2069 2594 2140 ἡμῖν
2623 2069 2752 2140 περὶ
2781 2069 2964 2140 πάσης
2995 2069 3094 2139 τῆς
3119 2071 3177 2121 ὲν
3208 2066 3519 2139 ἀνθρώποις
3559 2085 3648 2121 σο-

2059 2161 2304 2231 φιστείας
2329 2158 2546 2230 εἴρηται
2565 2175 2579 2189 ·
2615 2177 2634 2210 ι
2689 2157 2752 2212 Ἦ
2779 2159 2888 2230 γὰρ
2924 2158 3083 2228 σοφία
3105 2157 3195 2211 τοῦ
3223 2159 3430 2230 κόσμου
3455 2156 3651 2212 τούτου

2062 2253 2243 2324 μωρία
2292 2250 2445 2322 παρὰ
2469 2249 2547 2321 τῷ
2571 2249 2691 2322 Θεῷ
2730 2252 2865 2305 ἐστι.
2898 2251 3216 2323 Γέγραπται
3248 2251 3377 2323 γὰρ,
3428 2250 3645 2305 ’Δπολῶ

2057 2345 2158 2416 τὴν
2192 2343 2382 2414 σοφίαν
2415 2341 2524 2397 τῶν
2544 2342 2743 2413 σοφῶν,
2772 2343 2869 2396 καὶ
2898 2341 2996 2413 τὴν
3031 2341 3244 2396 σύνεσιν
3264 2342 3374 2394 τῶν
3406 2341 3649 2396 συνετῶν

2058 2437 2328 2508 ἀθετήσω.
2366 2433 2478 2488 Ποῦ
2508 2434 2710 2504 σοφός;
2746 2433 2849 2487 ποῦ
2888 2433 3288 2506 γραμματεύςε
3327 2433 3430 2487 ποῦ
3473 2433 3643 2505 συζη-

2056 2527 2223 2599 τητὴς
2257 2525 2352 2580 τοῦ
2387 2525 2581 2590 αἰῶνος
2602 2525 2827 2592 τούτους
2863 2543 2882 2577 ι
2926 2525 3085 2579 Ἀλλὰ
3121 2525 3215 2579 καὶ
3251 2525 3383 2596 περὶ
3410 2524 3503 2578 τοῦ
3531 2524 3646 2580 δεῖν

2062 2620 2226 2692 μηδὲν
2279 2621 2638 2693 σμικρολόγον
2668 2623 2886 2693 φρονεῖν
2919 2621 3046 2683 τοὺς
3073 2620 3217 2674 κατά
3248 2621 3381 2673 Θεὸν
3421 2619 3645 2690 φιλοσο-

2059 2712 2293 2783 φοῦντας
2334 2710 2699 2783 διδασκόμεθα
2725 2713 2784 2765 ὲν
2802 2705 2886 2774 οἷς
2916 2711 3129 2783 εἴρηται
3151 2728 3165 2739 ·
3216 2730 3236 2762 ι
3286 2710 3646 2765 Σκοπούντων

2057 2802 2214 2874 ήμῶν
2233 2803 2294 2856 οὐ
2328 2803 2397 2856 τὰ
2427 2802 2756 2874 βλεπόμενα,
2787 2801 2922 2856 ἀλλὰ
2967 2801 3036 2854 τὰ
3071 2801 3146 2872 μὴ
3183 2801 3491 2873 βλεπόμενα
3515 2819 3528 2832 ·
3560 2801 3648 2856 Τὰ

2057 2893 2166 2966 γὰρ
2197 2893 2502 2964 βλεπόμενα
2533 2894 2863 2965 πρόσκαιρα,
2890 2893 2958 2946 τὰ
2989 2892 3047 2945 δὲ
3077 2893 3148 2964 μὴ
3180 2892 3488 2964 βλεπόμενα
3514 2891 3646 2946 αίώ-

2057 3002 2165 3040 νια.
2207 3004 2226 3037 ι
2259 2987 2372 3038 Καὶ
2421 2985 2549 3056 περὶ
2582 2985 2677 3038 τοῦ
2703 2985 2802 3056 τὴν
2831 2984 3030 3039 κακίαν
3089 2986 3218 3058 περὶ
3264 2985 3368 3057 γῆν
3421 2985 3518 3039 καὶ
3550 2984 3647 3037 τὸν

2058 3075 2249 3148 θνητὸν
2273 3077 2386 3148 βίον
2408 3075 2653 3148 είλῆσθαί
2681 3077 2814 3148 φησί
2844 3095 2944 3131 που
2976 3079 3005 3131 6
3030 3077 3170 3142 θεῖος
3198 3077 3390 3148 Λόγος·
3427 3096 3446 3130 t
3489 3077 3647 3143 Ἐξα-

374 3169 778 3237 improbitatem
809 3169 954 3223 circa
995 3177 1196 3223 terram
1228 3170 1505 3239 vitamque
1540 3168 1826 3222 mortalem
1852 3181 1952 3221 vo-

2060 3168 2416 3240 γοραζόμενοι
2445 3168 2537 3222 τὸν
2563 3169 2775 3240 καιρὸν,
2793 3170 2875 3222 ὅτι
2897 3172 2951 3223 αἱ
2980 3171 3182 3241 ἡμέραι
3211 3170 3446 3242 πονηραί
3475 3171 3637 3222 ciam

369 3259 560 3326 lutari,
588 3260 798 3330 aliquot
833 3259 1128 3328 Scriptura:
1157 3261 1354 3316 divinae
1379 3261 1512 3315 locis
1545 3261 1903 3314 admonemur
1935 3276 1949 3312 :

372 3360 432 3405 ut
477 3340 604 3405 cum
645 3350 761 3404 ait:
800 3368 819 3400 ι
871 3349 1220 3406 Redimentes
1266 3342 1499 3420 tempus,
1533 3350 1794 3419 quoniam
1837 3348 1954 3404 dies

369 3439 498 3495 mali
545 3449 673 3496 sunt
719 3441 780 3506 ⁸;
813 3459 832 3490 ι
887 3441 1126 3510 itemque
1177 3457 1190 3491 :
1235 3458 1254 3490 α
1306 3439 1549 3494 Suﬂiciat
1595 3439 1702 3493 diei
1749 3438 1956 3493 malitia

372 3547 474 3588 sua
501 3531 546 3586 ⁵.
579 3551 598 3584 ι
626 3531 770 3598 Quin
798 3532 962 3587 etiam
1004 3532 1264 3602 propheta
1296 3551 1309 3586 :
1347 3551 1365 3584 ι
1393 3530 1728 3598 Exsecratio,
1758 3529 1954 3600 inquit,

369 3635 426 3679 ct
457 3623 659 3679 furtum
680 3665 694 3690 ,
729 3633 782 3678 et
821 3625 1146 3678 adulterium
1167 3665 1181 3691 _,
1209 3633 1263 3680 et
1291 3623 1464 3679 caedes
1489 3623 1661 3678 effusa
1705 3632 1833 3678 sunt
1863 3638 1958 3678 su-

369 3731 464 3787 per
495 3724 719 3780 terram,
753 3725 808 3770 et
853 3715 1147 3784 sanguines
1197 3715 1556 3784 sanguinibus
1591 3716 1823 3770 miscent
1846 3714 1890 3768 ⁵.
1931 3732 1949 3766 ι

368 3805 507 3862 Hinc
535 3808 699 3862 etiam
730 3808 796 3862 ad
821 3806 990 3862 Deum
1025 3808 1178 3862 nobis
1209 3805 1628 3877 confugiendum
1652 3821 1774 3861 esse
1806 3804 1955 3877 Moy-

369 3910 460 3952 ses
491 3896 712 3952 cdicens
741 3915 755 3950 :
787 3915 804 3948 ι
834 3895 964 3952 Post
1000 3896 1289 3951 Dominum
1326 3895 1494 3951 Deum
1520 3905 1673 3951 tuum
1701 3896 1952 3950 ambula»

374 3988 482 4055 bis,
517 3997 571 4043 et
602 3990 707 4059 ipsi
742 3989 1047 4044 adhaerebis
1087 3990 1126 4042 ⁸.
1166 4009 1184 4040 ι
1219 3989 1332 4042 lmo
1375 3988 1545 4043 Deum
1587 3989 1766 4057 ipsum
1797 3988 1954 4043 nobis

371 4078 694 4133 imitandum
731 4094 854 4134 esse
896 4080 1055 4133 docet
1102 4079 1190 4133 his
1233 4080 1458 4134 verbis:
1492 4101 1510 4131 ι
1551 4079 1736 4135 Sancti
1763 4079 1951 4146 eritis,

371 4169 630 4238 quoniam
680 4169 946 4225 Dominus
995 4168 1140 4224 Deus
1190 4178 1370 4226 vester
1419 4181 1646 4226 sanctus
1694 4179 1780 4226 est
1829 4170 1872 4223 ⁷.
1926 4189 1945 4222 ι

369 4258 614 4330 Itemque
648 4259 836 4326 David,
866 4275 990 4314 cum
1014 4260 1224 4329 justum
1247 4275 1368 4316 esse
1399 4260 1570 4316 Deum
1602 4261 1945 4332 intelligeret,

372 4366 584 4420 nosque
613 4351 681 4405 ad
713 4351 833 4420 ejus
869 4351 1225 4405 imitationem
1249 4352 1630 4407 cohortaretur
1659 4369 1672 4405 :
1709 4372 1728 4405 ι
1762 4352 1951 4410 Justus

371 4445 670 4511 Dominus,
702 4444 1013 4514 inquiebat,
1055 4452 1108 4498 et
1153 4444 1394 4514 justitias
1440 4445 1630 4501 dilexit
1670 4446 1714 4502 ⁸.
1755 4465 1773 4497 ι
1804 4445 1949 4502 Idem

370 4544 743 4606 contemptum
800 4535 1110 4590 divitiarum
1178 4536 1282 4591 hoc
1348 4535 1510 4591 modo
1544 4536 1948 4606 praecipiebat:

375 4645 395 4682 ι
437 4629 648 4684 Divitiae
697 4629 743 4684 si
792 4628 1034 4692 aﬂluant,
1089 4627 1252 4684 nolite
1300 4642 1396 4683 cor
1439 4643 1708 4698 apponere
1742 4629 1795 4692 ⁶;
1832 4647 1852 4681 ι
1895 4637 1950 4684 et

368 4739 564 4779 rursus
599 4743 612 4778 :
649 4741 668 4774 ι
707 4721 786 4777 Ne
816 4723 1010 4777 timeas
1033 4737 1157 4776 cum
1185 4720 1339 4776 dives
1368 4720 1543 4778 factus
1570 4718 1733 4776 fuerit
1759 4721 1945 4786 homo,

369 4823 466 4869 aut
512 4829 635 4870 cum
686 4814 1046 4884 multiplicata
1095 4811 1261 4867 fuerit
1308 4812 1481 4883 gloria
1531 4811 1729 4869 domus
1777 4813 1945 4884 ejus:

367 4907 649 4976 quoniam,
681 4923 805 4961 cum
842 4913 1088 4961 mortuus
1146 4902 1347 4970 fuerit,
1389 4919 1498 4959 non
1533 4913 1710 4960 sumet
1741 4905 1947 4971 omnia,

370 5015 547 5069 neque
587 4999 877 5055 descendet
902 5013 1028 5053 cum
1073 5011 1140 5054 eo
1187 4997 1358 5068 gloria
1391 4996 1509 5066 ejus
1539 4997 1608 5050 ³ο.
1648 5015 1666 5047 ›
1703 4994 1949 5050 Honores

2065 3261 2180 3314 καίο
2217 3279 2237 3313 σ
2289 3261 2541 3331 Ἀρκετὸν
2567 3264 2633 3332 τῇ
2671 3263 2904 3334 ήμέρᾳή
2931 3264 3100 3317 κακία
3117 3263 3308 3334 αὐτῆς.
3341 3282 3361 3315 ›
3398 3264 3562 3331 Λέγει
3583 3264 3646 3316 δὲ

2059 3350 2156 3404 καὶ
2185 3351 2213 3402 6
2241 3351 2526 3420 προφήτης
2545 3365 2557 3378 ·
2604 3368 2622 3400 ι
2667 3349 2819 3420 Ἀρὰ,
2847 3351 2942 3404 καὶ
2997 3351 3172 3422 κλοπή
3198 3392 3213 3415 ,
3249 3351 3346 3404 καὶ
3402 3352 3640 3421 μοιχεία,

2059 3441 2153 3494 καὶ
2185 3441 2343 3510 φόνος
2375 3440 2599 3511 κέχυται
2629 3442 2721 3494 ἐπὶ
2750 3441 2849 3512 τῆς
2876 3442 2999 3512 γῆς,
3045 3445 3138 3496 καὶ
3165 3443 3373 3512 αἵματα
3420 3444 3505 3511 ἐφ’
3558 3445 3646 3496 αἴ-

2063 3549 2192 3604 μασι
2220 3533 2497 3602 μίσγουσι.
2530 3551 2550 3584 ι
2581 3533 2716 3603 Περὶ
2742 3533 2800 3585 δὲ
2837 3533 2932 3585 τοῦ
2974 3532 3195 3602 φεύγειν
3228 3531 3440 3586 ἐνθένδε
3492 3535 3646 3605 παρὰ

2056 3624 2150 3678 τὸν
2176 3624 2306 3678 Θεόν
2340 3641 2502 3696 φησιν
2529 3626 2558 3676 6
2586 3625 2825 3695 Μωῦσῆς
2849 3641 2862 3654 ·
2888 3643 2907 3676 ι
2930 3625 3144 3678 Ὀπίσω
3163 3625 3369 3698 Κυρίου
3385 3619 3480 3679 τοῦ
3503 3625 3646 3679 Θεοῦ

2061 3733 2153 3769 σου
2191 3715 2586 3786 πορεύσῃ,·καὶ
2615 3715 2753 3787 πρὸς
2777 3715 2939 3769 αὑτὸν
2964 3717 3293 3789 κολληθήσῃ.
3314 3737 3333 3769 ι
3385 3719 3446 3772 'O
3475 3719 3519 3770 δ’
3546 3716 3648 3770 αὐ-

2055 3807 2146 3870 τὸς
2178 3806 2462 3878 μιμεῖσθαι
2488 3807 2581 3860 τὸν
2611 3807 2744 3860 Θεὸν
2780 3807 3017 3861 διδάσκει
3047 3809 3242 3877 λέγων’
3275 3810 3490 3879 ι”Δγιοι
3519 3810 3643 3863 ἐσε-

2059 3895 2174 3957 σθε,
2208 3896 2288 3948 ὅτι
2329 3894 2534 3966 Κύριος
2580 3897 2608 3948 6
2639 3895 2771 3959 Θεὸς
2806 3895 2961 3966 ὑμῶν
2989 3895 3145 3964 ἅγιός
3171 3898 3308 3950 ἐστι.
3361 3915 3380 3947 ι
3421 3897 3648 3950 Δίκαιον

2053 3987 2110 4039 δὲ
2135 3988 2230 4040 καὶ
2263 3989 2291 4040 6
2317 3987 2477 4041 Δαυῒδ
2495 3988 2586 4039 τὸν
2612 3987 2744 4040 Θεὸν
2772 3987 2944 4051 εἰδὼς,
2977 3988 3125 4058 ήμᾶς
3156 4004 3214 4040 τε
3242 3988 3443 4051 αὐτοὺς
3466 4006 3643 4059 μιμητ

2055 4078 2152 4140 τὰς
2171 4078 2423 4146 γενέσθαι
2455 4078 2754 4152 παρορμῶν
2777 4095 2941 4149 φησι·
2981 4097 2999 4129 ι
3022 4079 3240 4142 Δίκαιος
3263 4079 3470 4148 Κύριος
3493 4118 3508 4144 ,
3542 4081 3648 4135 καὶ

2053 4170 2400 4234 δικαιοσύνας
2442 4173 2747 4241 ἠγάπησεν.
2794 4189 2812 4222 ι
2866 4171 2923 4223 '0
2942 4169 2987 4222 δ’
3018 4171 3182 4235 αὐτὸς
3205 4171 3439 4225 πλούτου
3465 4189 3640 4226 κατα-

2055 4265 2271 4333 φρονεῖν
2309 4263 2620 4326 ὲπαίδευσε,
2669 4262 2878 4331 λέγων·
2922 4281 2940 4313 ι
2973 4262 3210 4327 Πλοῦτος
3257 4263 3356 4316 ἐὰν
3407 4265 3526 4336 ῥέῃ,
3563 4265 3642 4336 μὴ

2054 4354 2407 4426 προσ-τίθεσθε
2437 4355 2666 4426 καρδίαν
2687 4373 2698 4386 ·
2726 4376 2744 4407 ι
2783 4357 2899 4409 καί·
2919 4375 2938 4408 ‹
2972 4357 3062 4428 Μὴ
3093 4354 3280 4425 φοϐοῦ,
3309 4357 3442 4410 ὅταν
3469 4357 3640 4411 πλου-

2052 4448 2176 4519 τίσῃ
2207 4447 2490 4520 ἄνθρωπος
2511 4489 2526 4514 ,
2559 4449 2593 4520 ἢ
2625 4451 2754 4504 ὅταν
2785 4451 3061 4523 πληθυνθῇ
3102 4453 3135 4522 ή
3182 4450 3308 4515 δόξα
3349 4451 3448 4505 τοῦ
3484 4453 3639 4505 οἴκου

2055 4537 2254 4592 αὐτοῦ’
2288 4541 2369 4593 ὅτι
2402 4541 2503 4594 οὐκ
2531 4543 2589 4594 ὲν
2633 4540 2705 4612 τῷ
2755 4542 3117 4614 ἀποθνήσκειν
3163 4543 3326 4595 αὑτὸν
3408 4543 3638 4614 λήψεται

2053 4633 2122 4686 τὰ
2153 4632 2351 4696 πάντα,
2379 4633 2498 4687 οὐδὲ
2518 4637 2990 4707 συγκαταϐήσεται
3020 4635 3224 4706 αύτῷή
3251 4635 3379 4701 δόξα
3410 4637 3632 4689 αὐτοῦ.»

2067 4723 2226 4776 Ἀλλὰ
2256 4724 2390 4795 μηδὲ
2415 4724 2514 4788 τὰς
2539 4727 2598 4778 ὲν
2629 4726 2938 4797 ἀνθρώποις
2979 4726 3150 4798 ἀρχὰς
3198 4726 3499 4796 θαυμάζειν
3539 4728 3640 4780 ἐδί-

2049 4814 2246 4868 δασκεν
2277 4817 2335 4868 ὲν
2388 4815 2628 4881 τούτοις·
2675 4837 2692 4868 ι
2733 4818 2823 4886 Μὴ
2865 4817 3163 4871 πεποίθατε
3220 4818 3308 4870 ἐπ’
3342 4819 3633 4889 ἄρχοντας,

2052 4906 2137 4974 ἐφ’
2165 4905 2314 4968 υἱοὺς
2335 4905 2638 4976 ἀνθρώπων
2657 4947 2673 4974 ,
2703 4902 2785 4970 οἷς
2817 4909 2917 4960 οὐκ
2947 4907 3058 4960 ἐστι
3078 4907 3343 4979 σωτηρία.
3389 4908 3633 4972 Ἐξελεύ-

2051 5013 2201 5050 σεται
2231 4996 2293 5049 τὸ
2316 4996 2532 5068 πνεῦμα
2558 4998 2745 5063 αὐτοῦ,
2766 5000 2860 5053 καὶ
2888 4998 3248 5052 ἀπελεύσεται
3278 5001 3361 5062 εἰς
3387 4999 3487 5071 τὴν
3528 5001 3632 5069 γῆν

368 5091 533 5145 etiam
587 5101 642 5144 et
685 5089 1039 5160 magistratus
1100 5090 1372 5158 humanos
1431 5087 1588 5142 nihili
1648 5086 1940 5141 admodum

2060 5085 2235 5139 κὺτοῦ·
2279 5087 2366 5140 Ἐν
2392 5088 2578 5162 ἐκείνῃ
2621 5092 2688 5161 τῇ
2741 5089 2923 5161 ἡμέρᾳ
2981 5089 3303 5144 ἀπολοῦνται
3345 5090 3550 5153 πάντες
3583 5092 3632 5143 οἱ

370 5181 720 5236 ωειίῐηεηιίοε
742 5196 864 5237 esse
889 5182 1096 5248 docuit,
1132 5182 1252 5238 dum
1281 5181 1356 5234 ait
1382 5198 1395 5234 :
1426 5197 1445 5230 ‹
1475 5176 1652 5234 Nolite
1673 5177 1944 5232 conﬁdere

2050 5177 2391 5249 διαλογισμοὶ
2423 5180 2610 5234 αὐτοῦ.
2646 5200 2665 5232 ι

369 5277 425 5331 in
447 5277 802 5348 principibus,
857 5278 910 5335 in
956 5277 1080 5333 filiis
1149 5276 1462 5341 hominum,
1494 5274 1551 5328 in
1597 5273 1799 5344 quibus
1833 5288 1940 5326 non
1977 5282 2061 5327 est
2092 5273 2262 5328 salus.
2311 5272 2495 5330 Exibit
2537 5277 2760 5347 spiritus
2811 5276 2952 5347 ejus,
2983 5285 3038 5332 et
3072 5286 3374 5332 revertetur
3440 5276 3493 5329 in
3525 5285 3632 5330 ter-

375 5385 490 5423 ram
519 5386 674 5426 suam
706 5389 719 5424 :
753 5370 811 5426 In
865 5371 956 5426 illa
1005 5369 1091 5426 die
1126 5369 1380 5425 peribunt
1446 5382 1637 5423 omnes
1695 5366 2049 5436 cogitationes
2089 5365 2209 5434 ejus
2236 5368 2355 5419 “si

449 5652 511 5680 ¹·¹
538 5652 556 5703 ι
581 5652 706 5705 Cor.
737 5666 776 5712 ι,
811 5651 1017 5718 18-20;
1051 5650 1153 5706 lsa.
1199 5669 1351 5717 nux,
1388 5653 1473 5706 14.

1571 5653 1590 5684 ³
1633 5653 1831 5722 Ephes.
1893 5673 1945 5714 ν.
1989 5654 2074 5709 16.

2213 5655 2233 5685 ι
2263 5651 2450 5708 Matth.
2487 5671 2563 5722 γι,
2596 5657 2685 5709 54.
2781 5657 2799 5687 ⁵
2828 5655 2954 5710 Ose.
2985 5671 3057 5716 Iv,
3085 5655 3138 5708 2.
3219 5656 3240 5686 ⁶
3265 5654 3418 5712 Deut.
3456 5670 3511 5718 ι,
3539 5650 3633 5708 20.

373 5719 393 5751 ⁷
418 5720 586 5775 Levit.
617 5737 690 5786 xl,
715 5720 804 5776 45.
879 5721 899 5752 ⁸
925 5720 1068 5778 Psal.
1101 5738 1155 5790 Χ,
1179 5723 1232 5776 8.
1310 5725 1330 5753 ⁹
1361 5723 1506 5777 Psal.
1537 5739 1649 5792 th,
1681 5719 1775 5778 Ἠ.
1855 5727 1896 5758 ¹⁰
1932 5726 1952 5778 Ι

2062 5768 2074 5782 .
2109 5740 2294 5792 sum,
2326 5719 2558 5790 17,18.“
2601 5728 2641 5760 ¹¹
2672 5726 2815 5782 Psal.
2853 5742 3010 5794 catur,
3041 5725 3164 5779 2-4.
