3826 6232
187 348 303 408 I009

652 463 1048 519 ΚΕΦΔΛΑΙΟΝ
1085 464 1208 516 AA'.

188 577 293 640 Ὅτι
317 583 505 649 δεήσει
533 581 678 637 ποτὲ
697 579 778 646 τῷ
809 579 1018 650 ψεύδει
1049 579 1180 634 ἀντὶ
1218 577 1531 650 φαρμάκου
1576 577 1720 647 χρῆ-

241 658 361 710 σθαι
383 654 475 708 ἐπὶ
506 653 763 722 ὠφελείᾳ
805 649 916 705 τῶν
957 651 1254 721 δεομένων
1299 649 1406 704 τοῦ
1447 650 1719 704 τοιούτου

242 727 459 794 τρόπου.

245 855 261 888 ι
291 833 588 905 Νομοθέτης
612 832 723 905 (63)
763 833 819 886 δὲ
847 827 908 887 οὗ
934 849 987 885 τι
1012 831 1108 885 καὶ
1143 829 1374 902 σμικρὸν
1405 828 1595 899 δφελος
1614 869 1629 894 ,
1671 830 1719 882 εἰ

183 934 260 987 καὶ
288 933 352 1004 μὴ
373 931 527 986 τοῦτο
547 927 615 1002 ἦν
641 931 814 994 οὕτως
842 929 1000 999 ἔχων,
1033 928 1109 992 ὼς
1137 927 1232 981 καὶ
1257 927 1351 980 νῦν
1383 926 1518 979 αὐτὸ
1557 926 1719 997 ᾕρηχ’

181 1027 206 1076 ὁ
229 1023 361 1091 λόγος
394 1021 555 1092 ἔχειν,
591 1021 748 1092 εἴπερ
780 1037 832 1072 τι
872 1021 967 1072 καὶ
1017 1018 1144 1074 ἄλλο
1177 1017 1476 1088 ἐτόλμησεν
1531 1016 1597 1069 ἂν
1631 1017 1719 1068 ἐπ’

1369 341 1688 399 ΡΒΕΡΑΒ.
1729 341 1980 401 EVANG.
2003 344 2128 401 LIB.
2156 344 2271 400 XII.

1747 467 1794 524 Α

3250 347 3388 400 1010

2370 461 2598 519 CAPUT
2638 461 2830 516 XXXI.

1822 573 1989 630 Falso
2017 592 2411 646 nonnunquam,
2440 573 2600 628 ueluti
2624 575 2932 646 pharmaco,
2966 573 3036 626 ad
3062 588 3241 646 eorum
3274 575 3385 627 uti.

1890 647 2129 714 litatem,
2177 643 2265 715 qui
2299 647 2395 700 hoc
2441 645 2685 709 loquendi
2730 661 2908 704 qenere
2951 659 3077 698 onus
3127 643 3386 710 habeant,

1890 717 2142 770 utendum
2168 732 2298 771 esse.

1898 846 1917 878 ι
1939 825 2279 898 'Legislator,
2307 826 2481 897 inquit
2509 825 2694 890 Plato,
2723 824 2816 896 qui
2850 823 3098 878 nonnihil
3130 823 3392 894 prodesse

1821 915 2072 976 voluerit,
2104 915 2318 970 etiamsi
2362 930 2469 969 non
2497 930 2563 972 eo
2589 930 2648 970 se
2689 913 2854 969 modo
2881 929 2969 970 res
3008 914 3249 976 haberet,
3281 928 3394 983 quo

1822 1020 1942 1059 sese
1976 1004 2174 1058 habere
2203 1004 2317 1073 jam
2361 1001 2657 1066 evicLuus,
2691 1003 2740 1056 si
2783 1000 2914 1072 quid
2962 1015 3204 1070 unquam
3248 1000 3392 1070 apud

180 1115 339 1186 ἀγαθῷ
378 1114 660 1184 ψεύδεσθαι
705 1115 840 1186 πρὸς
883 1117 1011 1178 τοὺς
1045 1114 1218 1178 νέους,
1251 1114 1450 1170 ἐστινὸ
1495 1131 1549 1170 τι
1609 1113 1716 1186 (64)

1828 1095 2063 1164 iuniores
2100 1095 2351 1150 utilitatis
2397 1110 2564 1150 causa
2609 1093 2731 1150 falsi
2783 1093 2961 1148 dicere
3001 1092 3194 1163 potuit,
3238 1101 3394 1147 estne

181 1207 338 1260 τούτου
363 1207 550 1276 ψεῦδος
569 1206 1008 1278 λυσιτελέστερον
1039 1205 1106 1260 ἂν
1127 1206 1391 1276 ἐψεύσατό
1428 1223 1578 1269 ποτε,
1627 1205 1722 1258 καὶ

178 1303 436 1373 δυνάμενον
469 1302 666 1374 μᾶλλον
695 1305 867 1356 ποιεῖν
903 1301 978 1373 μὴ
1035 1302 1147 1373 βίᾳ,
1193 1301 1304 1356 ἀλλ’
1339 1301 1560 1363 ἑκόντας
1587 1300 1724 1353 πάν-

180 1411 262 1458 τας
287 1394 448 1448 πάντα
463 1395 532 1448 τὰ
560 1395 742 1448 δίκαια
769 1394 917 1465 (65);
954 1393 1134 1448 Καλὸν
1180 1393 1278 1464 μὲν
1318 1395 1352 1463 ἡ
1382 1392 1632 1463 ἀλήθεια,
1676 1385 1722 1445 ὧ

182 1484 297 1550 ξένε,
317 1488 402 1541 καὶ
425 1487 655 1558 μόνιμον
673 1504 688 1517 θ
716 1486 857 1540 ἔοικε
881 1487 987 1558 μὴν
1001 1504 1062 1540 ου
1091 1487 1270 1558 ῥᾴδιον
1293 1481 1432 1540 εἶναι
1456 1485 1684 1539 πείθειν.
1699 1503 1716 1536 ι

179 1577 338 1648 Μυρία
363 1578 403 1630 δ’
430 1578 497 1632 ἂν
521 1577 770 1650 εὑρήσεις
792 1576 1018 1630 τοιαῦτα
1053 1577 1148 1630 καὶ
1181 1579 1239 1630 ὲν
1293 1575 1558 1648 Ἑϐραίων
1587 1591 1723 1647 γρα-

180 1671 305 1736 φαῖς,
340 1668 409 1732 ὡς
448 1668 516 1722 ἂν
544 1669 672 1740 περὶ
714 1668 850 1721 Θεοῦ
885 1667 1195 1739 ζηλοῦντος,
1225 1667 1258 1738 ἢ
1317 1667 1631 1730 ὑπνοῦντος,
1688 1666 1721 1737 ἢ

177 1759 519 1830 ὀργιζομένου,
555 1760 754 1829 ἧτισιν
783 1759 964 1823 ἄλλοις
1005 1759 1492 1831 ἀνθρωποπαθέσιν
1541 1762 1722 1829 ἐνεχο-
1753 1800 1794 1859 Β

181 1850 317 1920 μένου
341 1853 421 1903 ἐπ’
447 1852 685 1924 ὠφελείᾳ
706 1852 814 1907 τῶν
840 1851 1108 1923 δεομένων
1137 1851 1230 1906 τοῦ
1251 1851 1465 1904 ’τοιοῦδε
1512 1852 1714 1923 τρόπου

174 1943 589 2016 παρειλημμένα.

652 2120 1048 2175 ΚΕΦΑΛΑΙΟΝ
1084 2120 1205 2172 AB’.

175 2212 378 2283 'Oﬂ‘p‘h
418 2214 614 2283 μόνον
651 2212 892 2283 ἄνδρας,
933 2210 1217 2283 ἀλλὰκαὶ
1259 2226 1567 2283 γυναικας,
1615 2227 1714 2283 και

227 2281 338 2338 πᾶν
361 2281 533 2354 γένος
561 2281 885 2354 ἀνθρώπων
916 2282 1272 2350 προσίεσθαι
1308 2281 1423 2350 χρὴ
1476 2283 1564 2347 εὶς
1601 2281 1716 2349 τὴν

229 2353 647 2423 προειρημένην
670 2353 965 2405 παιδείαν.

233 2461 251 2494 ι
281 2441 399 2516 Ἆρ’
430 2441 526 2498 οὖν
558 2446 688 2515 ἡμῖν
723 2443 833 2515 (66)
869 2443 937 2496 τά
966 2458 1024 2495 τε
1060 2441 1169 2512 (67)
1189 2440 1495 2512 ἔμπροσθεν
1529 2440 1715 2510 ὁμολο-

169 2535 348 2600 γεῖται;
380 2538 508 2608 περὶ
536 2536 628 2588 τοῦ
657 2536 765 2588 δεῖν
788 2534 898 2604 (68)
940 2534 1116 2586 πάντα
1146 2534 1345 2604 ἄνδρα,
1399 2533 1494 2586 καὶ¹
1525 2531 1711 2597 παῖδα,

169 2625 441 2699 ἐλεύθερον,
470 2628 568 2682 καὶ
589 2627 796 2688 δοῦλον,
821 2625 984 2698 θῆλύν
1013 2642 1073 2678 τε
1103 2626 1196 2678 καὶ
1229 2627 1454 2696 ἄρρενα,
1482 2626 1575 2678 καὶ
1617 2624 1714 2696 ὅλῃ

170 2719 224 2787 τῇ
248 2718 385 2772 πόλει
417 2720 547 2790 ὃλην
565 2720 663 2790 τὴν
694 2718 848 2772 πόλιν
876 2718 1044 2788 αὐτὴν
1087 2718 1254 2788 ἑαυτῇ
1297 2717 1598 2788 ἐπᾴδουσαν
1638 2718 1712 2788 μὴ

167 2806 411 2862 παύεσθαι
443 2827 578 2862 ποτε
627 2807 801 2861 ταῦτα
832 2808 869 2861 ἃ.
908 2807 1328 2878 διεληλύθαμεν,
1369 2807 1714 2876 ἀμωσγέπως

169 2895 243 2949 ἀεὶ
263 2899 716 2970 μεταϐαλλόμενα,
745 2899 839 2952 καὶ
863 2899 1060 2961 παντὸς
1086 2897 1196 2969 (69)
1222 2899 1569 2969 παρεχόμενα
1597 2917 1715 2952 ποι-

168 2985 492 3052 κιλίαν,ὧστ“
526 2989 826 3060 ἀπληστίαν
880 2985 1017 3043 εἷναί
1060 3006 1182 3042 τινα
1211 2987 1318 3041 τῶν
1370 2989 1551 3060 ὕμνων
1601 2991 1714 3053 τοῖς

168 3073 332 3142 ᾅδουσι
363 3079 456 3131 καὶ
506 3079 720 3160 ᾐδονην.
748 3109 816 3118 -
839 3078 963 3141 Πῶς
997 3077 1040 3130 δ’
1075 3079 1175 3131 οὐκ
1228 3077 1294 3132 ἂν
1321 3077 1619 3149 ὁμολογοῖτ’
1648 3078 1714 3132 ἂν

1821 1185 1968 1256 quod
1999 1185 2186 1240 utilius
2218 1200 2458 1256 unquam
2502 1184 2757 1254 potuerit,
2785 1191 2880 1238 aut
2901 1198 3010 1252 quo
3037 1181 3253 1238 facilius
3281 1181 3396 1236 eiii-

1822 1279 1952 1344 ciat,
1988 1287 2050 1333 ut
2079 1293 2268 1334 omnes
2301 1279 2366 1333 ad
2402 1277 2585 1333 omnia
2629 1275 2901 1347 aequitatis
2939 1273 3136 1340 ofﬁcia,
3172 1291 3278 1329 non
3314 1275 3389 1340 vi,

1822 1371 1917 1426 sed
1961 1371 2106 1425 ultro
2152 1385 2216 1426 ac
2253 1378 2448 1440 sponte
2493 1367 2864 1424 adducantur?
2893 1367 3105 1422 Veritas
3149 1365 3388 1436 quidem,

1822 1461 1898 1514 mi
1933 1464 2152 1530 hospes,
2197 1460 2474 1531 egregium
2523 1459 2652 1530 quid
2685 1474 2751 1514 ac
2794 1458 2986 1515 stabile
3029 1466 3133 1524 est,
3169 1465 3225 1512 at
3268 1472 3390 1512 eam

1823 1555 2167 1622 persuadere,
2219 1569 2330 1608 non
2383 1553 2456 1607 ita
2504 1561 2834 1622 promptum.
2889 1569 2909 1604 ι
2962 1549 3058 1606 His
3105 1560 3165 1605 tu
3210 1549 3392 1604 afﬁnia

1823 1646 2173 1702 Hebraeorum
2231 1647 2286 1701 in
2345 1647 2541 1701 litteris
2593 1655 2846 1701 sexcenta
2893 1645 3170 1715 reperies,
3219 1644 3391 1716 608

1823 1739 2022 1809 quibus
2069 1737 2238 1792 Deum
2286 1738 2450 1792 modo
2497 1736 2765 1802 aemulari,
2800 1737 2962 1792 modo
3003 1736 3088 1792 vel
3129 1736 3388 1806 sopitum,

1825 1829 1907 1882 vel
1936 1829 2158 1894 iratum,
2184 1837 2276 1882 aut
2301 1826 2422 1881 aliis
2458 1827 2784 1896 quibusdam
2817 1827 3073 1882 humanis
3110 1825 3394 1897 perturba-

1824 1918 2062 1972 tionibus
2093 1917 2391 1972 obnoxium
2434 1914 2661 1981 faciunt,
2705 1917 2835 1971 dum
2875 1931 3067 1972 eorum
3099 1916 3394 1971 consulunt

1823 2009 2146 2074 rationibus,
2169 2009 2262 2079 qui
2294 2009 2398 2063 hoc
2422 2009 2677 2078 loquendi
2705 2024 2900 2078 genere
2927 2024 3064 2079 opus
3098 2007 3316 2064 habent.

2367 2098 2593 2154 CAPUT
2631 2098 2846 2154 XXXII.

1824 2194 1946 2250 Non
1978 2195 2150 2249 solum
2175 2198 2334 2261 viros,
2363 2195 2454 2249 sed
2483 2197 2644 2251 etiam
2679 2195 2942 2265 mulieres,
2974 2193 3206 2265 adeoque
3229 2209 3389 2265 genus

1890 2267 2538 2332 hominum-universum,
2599 2264 2755 2334 hujus
2803 2266 2860 2318 in
2911 2264 3393 2334 disciplinaz’com-

1889 2341 2194 2390 muntonem
2220 2335 2514 2390 vocandum
2536 2351 2666 2389 esse.

1897 2444 1917 2477 ι
1953 2427 2036 2480 An
2070 2426 2212 2480 inter
2235 2441 2360 2490 nos,
2386 2426 2564 2496 inquit
2585 2424 2758 2490 Plato,
2782 2424 2848 2480 de
2879 2424 3256 2495 superioribus
3285 2424 3392 2480 illis

1821 2515 2106 2570 convenit?
2131 2543 2204 2556 —
2232 2513 2494 2581 Quaenam
2536 2515 2666 2569 illa?
2691 2543 2763 2554 —
2800 2512 3064 2583 Oportere
3107 2514 3353 2570 videlicet
3373 2552 3390 2580 ,

1821 2607 1900 2662 uti
1929 2622 2120 2662 omnes
2154 2615 2263 2662 tam
2296 2607 2400 2662 viri
2444 2622 2608 2676 quam
2646 2607 2835 2676 pueri,
2880 2615 2990 2661 tam
3030 2605 3188 2662 liberi
3225 2622 3389 2678 qua

1821 2698 1982 2765 servi,
2019 2707 2130 2752 tam
2170 2697 2386 2753 feminae
2412 2713 2575 2769 quam
2611 2713 2809 2764 mares,
2847 2706 3067 2768 totaque
3114 2698 3249 2754 adeo
3276 2714 3392 2754 res-

1819 2791 2036 2862 publica
2060 2791 2159 2846 toti
2195 2790 2525 2862 reipublicae,
2551 2805 2673 2861 quae
2706 2790 3059 2861 praecepimus
3083 2791 3392 2845 carminum

1820 2898 2019 2955 genera
2065 2898 2346 2953 nunquam
2391 2882 2638 2938 accinere
2675 2881 2908 2949 desinat,
2953 2895 3168 2951 semper
3209 2889 3392 2936 tamen

1820 2975 2107 3029 immutata
2153 2973 2425 3038 nonnihil,
2473 2982 2638 3044 atque
2669 2971 2819 3028 omni
2871 2972 3100 3029 subinde
3132 2971 3395 3027 varietate

1821 3075 2144 3138 temperata,
2174 3075 2239 3123 ut
2267 3067 2592 3139 hymnorum
2625 3067 2856 3122 istorum
2895 3066 3145 3136 voluptas
3183 3066 3390 3120 nullam

166 3167 263 3222 δεῖν
285 3171 449 3226 ταῦτα
472 3153 618 3226 οὕτω
641 3169 1006 3244 πράττεσθαι;
1049 3189 1068 3222 ι
1101 3171 1213 3225 Καὶ
1265 3171 1324 3224 tv
1366 3170 1446 3241 τῷ
1481 3171 1716 3243 πέμπτῳ

1828 3175 2060 3230 unquam
2099 3159 2217 3216 suis
2257 3159 2693 3215 modulatoribus
2742 3158 2928 3215 afferat
2961 3159 3287 3216 satietatem.
3319 3185 3393 3199 ——-

165 3257 215 3314 ἃ
237 3263 328 3334 τῆς
359 3264 672 3329 Πολιτείας
698 3264 859 3333 ὃμοια
884 3262 1094 3326 τούτοις
1115 3262 1336 3334 γράφει,
1370 3262 1495 3316 τάδε
1523 3262 1713 3332 λέγων·

171 3370 190 3403 ι
220 3351 376 3408 Οἷσθά
403 3373 456 3409 τι
489 3355 604 3427 (70)
635 3351 726 3408 οὖν
751 3355 842 3408 ὑπ’
877 3353 1177 3426 ἀνθρώπων
1221 3352 1622 3425 μελετώμενον,
1661 3357 1718 3409 ὲν

166 3436 278 3510 ᾦού
299 3447 472 3504 πάντα
498 3447 674 3501 ταῦτα
708 3449 821 3517 (71)
855 3447 917 3500 τὸ
940 3447 1047 3500 τῶν
1079 3446 1287 3516 ἀνδρῶν
1340 3447 1494 3516 γένος
1533 3448 1721 3518 διαφε-

169 3535 348 3602 ρόντως
369 3538 478 3610 ἔχει
513 3539 546 3610 ἢ
579 3540 640 3593 τὺ
675 3539 782 3592 τῶν
805 3538 1078 3608 γυναικῶν
1108 3557 1122 3605 ;
1159 3539 1231 3592 Ἦ
1270 3539 1717 3614 μακρολογῶμεν,

164 3625 250 3696 τήν
275 3645 330 3680 τε
359 3629 659 3701 ὑφαντικὴν
686 3631 955 3698 λέγοντες,
990 3631 1083 3684 καὶ
1115 3630 1214 3703 τὴν
1243 3631 1352 3684 τῶν
1377 3632 1630 3687 ποπάνων
1659 3649 1720 3686 τε

166 3717 248 3768 καὶ
266 3719 559 3791 ἑψημάτων
597 3721 924 3792 θεραπείαν;
957 3724 1016 3774 ὲν
1049 3716 1130 3785 οἷς
1160 3722 1222 3792 δή
1255 3739 1309 3774 τι
1341 3722 1490 3776 δοκεῖ
1531 3723 1592 3776 τὸ
1622 3741 1720 3793 γυ-

163 3813 376 3864 ναικεῖον
403 3813 565 3881 γένος
587 3809 745 3878 εἶναι,
777 3805 839 3866 οὗ
880 3814 974 3866 καὶ
1021 3813 1555 3883 καταγελαστότατόν
1599 3818 1721 3871 ὲστι

164 3896 401 3968 πάμπολυ
444 3900 774 3974 ἡττώμενον.
821 3902 1043 3974 Ἀληθῆ,
1091 3902 1224 3974 ἔφη,
1257 3903 1454 3973 λέγεις,
1501 3906 1581 3959 ὅτι
1625 3909 1720 3961 καὶ

163 3989 282 4041 πολὺ
307 3996 586 4064 κρατεῖται
618 3995 678 4046 ὲν
707 3995 930 4060 ἅπασιν,
955 3996 1032 4059 ὡς
1063 3994 1194 4058 έπος
1223 3996 1394 4048 εἰπεῖν
1415 4035 1430 4060 ,
1473 3997 1535 4050 τὸ
1564 3997 1719 4064 γένος

162 4079 245 4133 τοῦ
267 4082 471 4150 γένους.
504 4086 771 4149 Γυναῖκες
817 4086 998 4156 μέντοι
1035 4087 1226 4140 πολλαὶ
1267 4087 1475 4142 πολλῶν
1513 4089 1721 4160 ἀνδρῶν

165 4164 382 4237 βελτίους
413 4179 496 4240 εἰς
531 4175 735 4230 πολλά·
766 4176 827 4229 τὸ
865 4176 923 4230 δὲ
958 4177 1078 4230 ὅλον
1127 4175 1239 4247 ἔχει
1283 4178 1360 4241 ὡς
1408 4180 1472 4232 σὺ
1519 4179 1717 4248 λέγεις.

162 4260 312 4317 Οὐδὲν
335 4265 442 4338 ἄρα
468 4269 641 4333 ἐστὶν,
675 4263 720 4323 ὧ
751 4268 891 4339 φίλε,
920 4269 1254 4340 ἐπιτήδευμα
1275 4270 1384 4324 τῶν
1411 4271 1565 4324 πόλιν
1595 4271 1723 4324 διοι-

161 4351 401 4424 κούντων,
462 4359 740 4427 γυναικὸς,
775 4359 908 4414 διότι
937 4361 1097 4430 γυνὴ,
1148 4361 1255 4414 οὐδ’
1306 4362 1532 4432 ἀνδρὸς,
1589 4362 1720 4416 διότι

159 4441 314 4545 ἀνηρς
345 4449 678 4522 ἀλλ’δμοίως
705 4451 1175 4523 διεσπαρμέναιαὶ
1202 4453 1392 4522 φύσεις
1433 4456 1491 4507 tv
1515 4455 1716 4532 άμςροῖν
1745 4486 1794 4545 Β

159 4537 260 4589 τοῖν
287 4536 440 4603 ζώοιν
459 4558 473 4572 °
511 4545 606 4597 καὶ
643 4544 858 4598 πάντων
893 4545 991 4615 μὲν
1018 4546 1231 4615 μετέχει
1264 4547 1400 4617 γυνὴ
1430 4547 1714 4618 ἐπιτηδευ-

162 4627 329 4696 μάτων
353 4635 496 4688 κατὰ
528 4635 710 4705 φύσιν,
766 4636 982 4690 πάντων
1033 4635 1089 4689 δὲ
1118 4637 1291 4707 ἀνήρ’
1327 4639 1421 4691 ἐπὶ
1468 4639 1600 4690 πᾶσι
1657 4638 1715 4691 δὲ

159 4718 528 4798 ἀσθενέστερον
578 4726 714 4798 γυνὴ
765 4726 973 4798 ἀνδρός.
1002 4755 1072 4766 -
1102 4727 1251 4781 Πάνυ
1303 4745 1387 4797 γε.
1421 4761 1490 4769 -
1520 4725 1598 4783 Ἦ
1621 4725 1714 4783 οὖν

157 4812 366 4887 ἀνδράσι
415 4819 598 4873 πάντα
638 4817 1034 4890 προστάξομεν,
1080 4821 1303 4888 γυναικὶ
1345 4820 1402 4874 δὲ
1430 4820 1617 4887 οὐδέν;
1647 4851 1715 4860 --

158 4901 259 4956 Καὶ
287 4907 430 4974 πῶς;
457 4941 532 4951 -
564 4910 702 4963 Ἀλλ’
736 4910 851 4963 ἔστι
875 4911 1004 4983 γὰρ,
1032 4908 1204 4982 οἶμαι,
1231 4911 1306 4976 ὼς
1340 4913 1603 4984 φήσομεν,
1622 4913 1713 4967 καὶ

220 5035 324 5176 (63)
362 5042 723 5110 Νομοθέτης.
758 5042 931 5111 Plato,
967 5061 1004 5098 tt
1046 5043 1192 5114 Leg.,
1228 5059 1348 5114 pag.
1381 5043 1504 5107 580,
1541 5044 1602 5100 (Σ.

242 5106 324 5176 64)
366 5111 584 5166 Ἔστιν
614 5112 645 5164 ὅ
676 5131 749 5175 τι,
793 5125 898 5169 etc.
949 5115 1023 5168 Ita
1066 5113 1248 5176 Plato,
1297 5123 1351 5168 et
1395 5125 1576 5176 recte;

206 5106 324 5188 ,(64)
366 5106 584 5188 ’βο-ειν
614 5106 749 5188 ὄξει,
793 5106 1023 5169 οιο.’1ιο
1066 5106 1351 5188 ΡΙόιόζηὲι
1395 5106 1576 5181 recte;
1619 5117 1711 5185 qui

157 5183 317 5253 etiam
337 5183 621 5253 periodum
655 5184 1073 5253 interrogatione
1105 5185 1323 5237 claudit.

223 5246 450 5326 (65)*Τὰ
478 5251 697 5326 obtutu.
752 5246 910 5309 Deest
930 5255 1190 5326 verbum,
1243 5262 1371 5326 puta
1417 5255 1712 5326 πράττειν,

159 5322 434 5402 προτιμᾷν,
471 5322 713 5404 ἑλέσθαι,
746 5325 1084 5404 προελέσθαι,
1117 5322 1552 5404 ειιιεμδίηὶὶἰειτ
1586 5341 1709 5379 nam

159 5391 336 5472 ποιεῖν,
371 5393 529 5472 ⁸(μιοά
577 5391 871 5462 praecedit,
918 5411 1042 5449 cum
1085 5394 1370 5463 participio
1415 5394 1712 5465 δυνάμενον

157 5468 498 5516 οοηειτυὶιυν.
785 5480 791 5486 ’

223 5527 331 5604 (66)
367 5526 489 5600 Ἆρ’
515 5529 630 5586 οὖν
654 5531 814 5602 ἠλᾶτ’.
843 5531 997 5588 Plato
1018 5573 1032 5597 ,
1077 5551 1112 5588 ιι
1143 5534 1267 5604 Leg.
1289 5573 1302 5597 ,
1331 5549 1464 5604 pag.
1485 5534 1608 5600 580,
1643 5534 1708 5590 Il.

158 5591 512 5673 Quibusqn'on
577 5591 883 5673 absi'milia‘
921 5591 1300 5673 disputantur,
1331 5591 1364 5658 Ξι
1402 5591 1712 5659 “Clemente

159 5664 539 5747 ﬁlexandrino,
570 5664 894 5747 Stronydlib‘.
924 5664 1150 5747 1v,'pa_g.
1176 5674 1302 5737 363,
1330 5673 1420 5747 ubi
1447 5674 1609 5747 etiam
1643 5691 1709 5728 ex

161 5731 363 5805 Epicuri
408 5731 625 5810 mente,
663 5743 794 5799 nulli
830 5753 924 5800 aut
951 5731 1222 5801 tetativaut
1256 5731 1555 5801 conditioni
1587 5759 1712 5812 pro-

1817 3252 1923 3318 Qui
1949 3251 2167 3307 tandem
2194 3252 2378 3322 negari
2411 3259 2596 3322 posset
2644 3251 2776 3321 quin
2805 3251 2878 3305 ita
2906 3250 3023 3306 ﬁeri
3046 3249 3328 3321 oporteat?
3366 3269 3385 3301 ι

1819 3342 1916 3400 His
1983 3343 2198 3414 gemina
2264 3351 2420 3412 sunt,
2466 3357 2589 3414 qua:
2641 3342 2784 3397 idem
2828 3341 2986 3396 Plato
3064 3340 3388 3412 Reipublicae

1819 3435 2012 3504 quinto
2039 3433 2198 3490 docet
2230 3433 2317 3489 his
2342 3433 2522 3489 verbis
2549 3451 2562 3488 :
2593 3451 2613 3485 ι
2645 3430 2787 3486 Num
2824 3440 2881 3488 tu
2913 3433 3119 3504 aliquid
3145 3433 3260 3502 ipse
3291 3449 3391 3487 no-

1819 3527 1910 3594 sti,
1942 3526 2088 3598 quod
2119 3526 2190 3582 ab
2219 3526 2534 3582 hominibus
2561 3525 2782 3582 tractari
2817 3526 3008 3591 soleat,
3049 3526 3107 3580 in
3135 3541 3244 3594 quo
3279 3541 3390 3580 non

1816 3619 2062 3674 virorum
2097 3633 2268 3690 genus
2314 3618 2562 3674 muliebri
2595 3617 2850 3674 omnibus
2881 3617 3030 3672 hisce
3058 3626 3268 3671 naturae
3294 3617 3392 3672 do-

1819 3709 1967 3764 tibus
2015 3709 2343 3764 antecellat?
2392 3709 2477 3762 An
2529 3707 2779 3778 pluribus
2824 3706 2986 3762 nobis
3030 3705 3086 3760 in
3139 3707 3388 3773 texendij,

1817 3801 2095 3872 placentas
2134 3809 2189 3855 et
2233 3799 2462 3856 obsonia
2500 3799 2821 3856 conﬁciendi
2869 3798 3122 3866 artiﬁcio,
3163 3813 3228 3854 ac
3284 3813 3392 3852 cae-

1820 3892 1951 3947 teris
1984 3891 2038 3946 id
2067 3907 2238 3963 genus
2273 3891 2620 3947 recensendis
2649 3890 3076 3956 immorandum,
3109 3889 3168 3944 in
3193 3889 3392 3960 quibus

1820 3999 1952 4039 sane
1985 3982 2313 4038 feminarum
2349 3998 2520 4054 genus
2559 3998 2681 4039 esse
2723 3983 2929 4054 aliquid
2970 3981 3202 4048 videtur,
3231 3989 3286 4036 et
3311 3989 3392 4034 ta-

1820 4091 1944 4131 men
1971 4075 2118 4131 vinci
2161 4074 2548 4130 :erridiculum
2575 4075 2787 4130 est?—
2817 4075 2958 4130 Vera
3000 4074 3262 4146 loqueris,
3308 4072 3393 4126 in-

1820 4169 1955 4239 quit.
1986 4199 2056 4209 —
2081 4166 2216 4222 Nam
2249 4177 2303 4223 et
2330 4168 2385 4222 in
2409 4168 2684 4236 omnibus,
2717 4176 2779 4223 ut
2823 4169 2896 4223 ita
2925 4168 3132 4234 dicam,
3160 4183 3332 4238 genus
3359 4182 3393 4221 a

1821 4273 2014 4330 genere
2043 4259 2339 4328 plurimum
2371 4267 2680 4328 superatur,
2711 4268 2766 4314 et
2806 4266 2990 4313 tamen
3031 4258 3167 4314 viris
3198 4259 3392 4329 pleris-

1820 4364 1928 4419 que
1953 4349 2136 4402 multae
2179 4362 2321 4417 saepe
2361 4348 2618 4404 mulieres
2645 4349 2895 4418 pluribus
2936 4349 2991 4403 in
3037 4348 3205 4404 rebus
3236 4361 3392 4404 ante-

1821 4439 2042 4494 cellunt.
2073 4437 2340 4493 Ceterum
2380 4439 2634 4494 universe
2677 4439 2752 4494 ita
2795 4455 2883 4496 res
2916 4440 3078 4514 habet
3118 4441 3198 4495 uti
3229 4443 3389 4496 dicis.

1817 4529 2013 4594 Munus
2052 4529 2239 4599 igitur,
2273 4543 2308 4584 ο
2331 4529 2525 4596 amice,
2557 4529 2697 4585 inter
2737 4546 2832 4586 eos
2865 4532 2959 4601 qui
2998 4533 3389 4603 rempublicam

1815 4627 2030 4690 gerunt,
2065 4619 2278 4674 nullum
2321 4629 2438 4685 est,
2473 4620 2621 4690 quod
2667 4631 2762 4676 aut
2811 4604 3086 4688 mulieris,
3119 4631 3390 4692 quatenus

1814 4713 2044 4778 mulier,
2074 4722 2170 4768 aut
2199 4713 2334 4779 viri,
2360 4721 2633 4782 quatenus
2673 4713 2756 4767 vir
2793 4722 2909 4787 est,
2945 4715 3225 4785 pr0prium
3271 4716 3386 4770 sit:

1815 4806 1908 4862 sed
1939 4806 1994 4859 in
2030 4813 2262 4874 utroque
2305 4819 2438 4858 sexu
2479 4803 2644 4858 simili
2688 4804 3093 4872 quodammodo
3124 4807 3390 4876 prosemi-

1814 4905 1958 4950 natae
1988 4903 2117 4952 sunt
2147 4903 2355 4948 naturae
2386 4893 2560 4957 dotes,
2591 4894 2665 4947 ita
2711 4902 2771 4948 ut
2807 4895 2909 4948 viri
2957 4894 3119 4949 simul
3157 4909 3222 4949 ac
3267 4910 3389 4950 mu.

1814 5044 2083 5099 hihendus
2110 5052 2198 5112 est
2226 5043 2290 5112 ad
2308 5041 2723 5112 philosophiam
2757 5041 2957 5112 aditus.

1909 5113 1997 5186 67)
2043 5111 2121 5167 Τά
2146 5129 2228 5186 τε.
2266 5111 2458 5186 Melius
2489 5113 2558 5165 τά
2578 5127 2640 5179 γε
2655 5121 2756 5186 ,_u_t
2784 5111 2961 5186 Plato.

1909 5116 1997 5186 67)
2043 5116 2121 5167 Τά
2146 5129 2228 5166 τε.
2266 5116 2458 5166 Melius
2489 5116 2558 5165 τά
2578 5127 2671 5179 γε,
2698 5121 2756 5164 ut
2784 5116 2961 5166 Plato.

1886 5116 1996 5256 (68)
2036 5184 2173 5250 Περὶ
2203 5181 2310 5256 τοῇ
2337 5183 2484 5256 δεῖν,
2514 5191 2617 5236 etc.
2668 5181 2895 5256 Etiamsi
2929 5183 3043 5237 haec
3064 5183 3242 5256 oratio
3266 5183 3382 5256 vitii

1813 5252 1949 5309 nihil
1978 5252 2222 5319 'habeat,
2268 5252 2476 5309 Platoni
2521 5261 2697 5305 tamen
2733 5253 2938 5306 haerere
2985 5253 3188 5318 malui,
3240 5253 3384 5322 apud

1813 5339 1973 5394 quem
2001 5323 2091 5376 τοῦ
2129 5323 2289 5394 πέρι;
2325 5339 2449 5378 cum
2485 5323 2908 5394 interrogatione
2938 5322 3160 5394 legitur,
3195 5334 3248 5394 et
3274 5323 3386 5394 Cli-

1814 5393 1916 5450 nia:
1969 5393 2246 5448 tribuitur.
2287 5393 2582 5462 Sequentia
2621 5393 2694 5444 ita
2739 5393 3145 5461 concipiuntur,
3174 5393 3234 5445 τὸ
3273 5393 3384 5447 δεῖν

1814 5466 2010 5528 πάντα,
2038 5471 2167 5528 etc.,
2199 5465 2415 5532 quaeab
2443 5462 2760 5532 Atheniensi
2789 5463 3210 5530 respondentur.

1908 5535 1997 5598 69)
2038 5531 2290 5598 Παντός.
2329 5531 2500 5596 Plato,
2531 5531 2765 5593 πάντως.

1911 5599 1997 5674 70)
2041 5599 2228 5674 οἶσθά
2250 5620 2323 5674 τι.
2361 5602 2534 5674 Plato,
2565 5618 2607 5674 v_
2630 5601 2704 5674 De
2739 5601 2961 5671 republ.,
3001 5614 3123 5674 pag.
3161 5603 3292 5674 458,
3317 5601 3390 5661 [α’.

1884 5672 1994 5746 (71)
2041 5673 2248 5730 Ταῦτα.
2277 5673 2484 5729 Mallem
2518 5672 2710 5727 ταύτά.
