3822 6238
427 348 560 410 ΐοιί

1084 341 1356 400 EUSEBII
1389 335 1866 398 CESARIENSIS
1898 336 2048 392 OPP.
2091 337 2268 392 PARS
2308 336 2367 390 ll.
2408 367 2476 376 —-
2514 335 3008 394 APOLOGETICA.

3521 331 3672 387 {0’2

422 475 585 530 lieres
625 470 678 524 in
713 463 1024 524 earumdem
1063 463 1369 519 studiorum
1415 461 1855 516 communionem
1897 473 1993 512 vo-

2095 456 2230 528 γυνὴ
2267 455 2503 527 ἰατρικὴ,
2550 459 2583 527 ἡ
2642 458 2685 510 δ’
2730 455 2790 510 οὔ
2812 476 2823 487 ·
2853 457 2947 510 καὶ
2978 455 3232 528 μουσικὴ,
3289 453 3392 526 ἡδ’
3426 451 3674 523 ἄμουσος

421 575 634 628 centur,
667 562 790 615 licet
815 559 870 613 in
893 556 1147 611 omnibus
1188 555 1383 608 mulier
1408 554 1526 607 viro
1551 553 1710 621 longe
1740 551 1812 606 sit
1841 550 1992 604 infir-

420 653 733 712 mior.—lta
759 648 1216 722 prorsus.-—Quid
1233 648 1432 718 igitur?
1457 648 1720 701 Omniane
1734 645 1865 700 viris
1887 644 1992 698 im-

423 746 752 817 perabimus,
787 739 1154 795 mulierinihil
1174 737 1384 792 ?-—Cur
1415 735 1746 792 enim?—-Ex
1774 734 1992 790 feminis

420 839 637 906 utique,
674 834 846 896 alias,
894 841 951 886 ut
995 841 1180 901 postea
1225 831 1503 894 dicemus,
1552 827 1619 882 ad
1666 826 1990 881 medicinam

418 936 572 999 aptas
618 924 900 995 reperies,
949 924 1086 977 alias
1140 921 1363 975 minime
1409 936 1423 972 :
1468 920 1705 987 itemque
1737 917 1871 972 alias
1921 916 1990 970 ad

419 1019 687 1073 musicam
723 1033 751 1071 a
785 1024 978 1070 natura
1021 1020 1384 1080 comparatas,
1417 1010 1553 1064 alias
1579 1010 1647 1062 ab
1678 1007 1864 1062 eadem
1896 1021 1991 1075 per

417 1126 541 1168 sese
585 1110 962 1165 abhorrentes.
990 1136 1058 1146 ——
1098 1103 1409 1158 Enimvero.
1442 1132 1505 1141 —
1544 1099 1693 1154 Alias
1734 1107 1992 1168 praeterea

418 1218 543 1258 cum
572 1198 1057 1256 exercitationibus
1087 1195 1342 1266 publicis,
1379 1206 1491 1248 tum
1523 1192 1686 1248 etiam
1721 1191 1860 1245 bello
1903 1205 1994 1259 ge-

415 1293 586 1348 rendo
611 1292 836 1346 idoneas
857 1332 872 1356 ,
900 1290 1112 1359 ineptas
1147 1287 1216 1342 ad
1246 1296 1541 1355 utrumque
1571 1284 1725 1339 alias.
1761 1319 1785 1324 υ
1845 1281 1988 1336 ldem

413 1387 581 1458 609
615 1386 748 1440 mihi
797 1386 1029 1440 videtur.
1055 1412 1127 1425 —
1165 1381 1307 1448 Quid
1341 1397 1505 1451 porro
1546 1380 1831 1450 sapientia,
1881 1393 1991 1432 non

415 1493 536 1532 eam
566 1476 815 1532 similiter
844 1476 963 1529 alia:
992 1473 1194 1537 studio,
1242 1473 1360 1526 alia:
1397 1471 1521 1526 odio
1549 1468 1995 1539 prosequuntur?

415 1584 530 1624 non
555 1569 674 1622 alia:
701 1581 897 1622 rursus
919 1565 1212 1620 ferociores
1237 1563 1437 1618 habent
1467 1561 1710 1631 spiritus,
1737 1559 1858 1612 alia).
1891 1558 1994 1612 hu-

415 1657 696 1712 miliores?
745 1685 808 1697 —
846 1655 914 1709 Et
967 1656 1068 1710 hoc
1115 1653 1210 1707 tibi
1265 1650 1554 1707 assentior.
1595 1679 1664 1690 —
1710 1646 1996 1704 Nonnullae

417 1757 547 1804 sunt
594 1749 755 1804 etiam
782 1748 849 1802 ad
878 1745 1292 1801 custodiendum
1333 1751 1490 1812 aptae,
1530 1741 1648 1795 aliae
1689 1754 1799 1792 non
1840 1739 1991 1792 item.

2093 550 2252 620 φύσει
2272 567 2287 581 ο
2313 549 2379 602 Τί
2403 551 2537 620 μήν;
2565 550 2676 603 Καὶ
2709 547 3051 620 γυμναστικὴ
3075 547 3133 600 δὲ
3157 547 3268 619 ἄρα
3295 545 3413 598 οὐδὲ
3438 545 3670 613 πολεμι-

2094 643 2162 712 κή
2192 641 2300 711 (7‘2)
2327 657 2340 670 '
2378 642 2411 711 ἠ
2464 640 2520 692 δὲ
2567 641 2871 710 ἀπόλεμος,
2909 642 3003 695 καὶ
3054 641 3114 694 οὐ
3175 636 3666 708 φιλογυμναστική.

2091 764 2161 774 —-
2192 728 2356 802 Οἶμαι
2386 731 2580 800 ἔγωγε.
2613 763 2680 771 --
2708 731 2772 783 Τί
2801 732 2879 795 δὲ,
2912 731 3196 800 φιλόσοφός
3227 746 3286 781 τε
3320 728 3414 780 καὶ
3446 725 3672 796 μισόσο-

2093 842 2225 895 φος;
2259 824 2354 878 καὶ
2384 822 2690 893 θυμοειδὴς,
2737 824 2770 893 ἡ
2801 822 2856 874 δὲ
2896 820 3101 892 ἄθυμός
3130 821 3245 871 ἐστι
3279 818 3390 888 (75)
3417 834 3432 882 ;
3455 845 3523 854 -
3554 817 3673 868 Καὶ

2092 917 2282 970 ταῦτα.
2317 944 2383 954 -
2415 915 2603 966 Ἔστιν
2623 913 2731 984 ἄρα
2761 914 2853 965 καὶ
2893 910 3164 981 φυλακικὴ
3189 910 3324 978 γυνὴ
3344 949 3358 971 ,
3406 910 3438 977 ὴ
3469 906 3514 958 δ’
3561 904 3629 958 οὗ
3657 921 3672 969 ;

2095 1008 2165 1060 Ἦ
2187 1006 2247 1058 ού
2274 1003 2534 1074 τοιαύτην
2558 1003 2653 1056 καὶ
2679 1003 2786 1055 τῶν
2805 1001 3010 1072 ἀνδρῶν
3037 1001 3144 1055 τῶν
3169 997 3480 1068 φυλακικῶν
3506 995 3675 1065 φύσιν

2093 1095 2483 1166 ὲξελεξάμεθα;
2512 1124 2582 1132 -
2608 1093 2872 1164 Τοιαύτην
2911 1092 3005 1162 μὲν
3037 1088 3149 1147 οὖν.
3181 1121 3250 1130 ——
3276 1089 3387 1142 Καὶ
3410 1086 3676 1156 γυναικὸς

2095 1191 2202 1262 ἀρα
2224 1190 2318 1242 καὶ
2356 1187 2548 1258 ἀνδρὸς
2570 1188 2603 1257 ἡ
2628 1185 2766 1256 αὑτὴ
2817 1183 2978 1254 φύσις
3006 1185 3087 1246 εἰς
3136 1180 3381 1250 φυλακὴν
3437 1179 3673 1240 πόλεως,

2093 1279 2232 1350 πλὴν
2276 1279 2388 1348 ὅσῳ
2433 1275 2820 1345 ἀσθενεστέρα,
2860 1276 2893 1345 ή
2944 1274 3001 1326 δὲ
3052 1271 3372 1343 ἰσχυροτέρα
3432 1269 3570 1321 ἐστί.
3603 1296 3676 1307 ——

2092 1367 2364 1422 Φαίνεται.
2399 1397 2468 1406 -
2495 1366 2606 1418 Καὶ¹
2629 1367 2881 1432 γυναῖκες
2910 1363 3017 1433 ἄρα
3047 1364 3105 1416 αί
3137 1361 3382 1414 τοιαῦται
3417 1363 3531 1422 τοῖς
3558 1375 3676 1410 τοι-

2093 1461 2268 1523 ούτοις
2303 1459 2560 1530 ἀνδράσιν
2594 1456 2873 1509 ἐκλεκτέαι
2906 1456 3170 1507 συνοικεῖν
3201 1470 3259 1507 τε
3312 1453 3407 1506 καὶ
3460 1451 3676 1521 ξυμφυ-

2094 1553 2328 1614 λάττειν,
2356 1550 2587 1620 ἐπείπερ
2625 1549 2761 1602 εἰσὶν
2797 1546 2978 1600 ἱκαναὶ
3028 1546 3121 1598 καὶ
3154 1545 3431 1612 ξυγγενεῖς
3485 1543 3674 1604 αὐτοῖς

2093 1647 2191 1717 τὴν
2214 1644 2396 1714 φύσιν.
2429 1663 2446 1694 ι
2485 1642 2724 1704 Εἰκότως
2751 1639 2860 1711 ἄρα
2883 1638 2978 1691 καὶ
2998 1639 3026 1689 ὁ
3048 1636 3176 1706 παρ’
3206 1638 3336 1706 ἡμῖν
3359 1634 3513 1702 λόγος
3539 1634 3676 1686 ὑπο-

2093 1739 2305 1808 δέχεται
2342 1738 2446 1788 πᾶν
2474 1734 2628 1802 γένος
2681 1733 2741 1785 οὐ
2776 1731 2935 1801 μόνον
2965 1728 3208 1800 ἀνδρῶν,
3248 1725 3382 1780 ἀλλά
3418 1726 3514 1778 καὶ
3569 1741 3673 1792 γυ-

415 1838 674 1909 Nunquid
706 1839 850 1894 enim
892 1836 1160 1908 ejusmodi
1186 1835 1424 1904 aliquam
1467 1833 1709 1888 virorum
1740 1830 1990 1885 idoneam

2095 1805 2318 1890 ναικῶν,
2363 1827 2469 1879 οὐδ’
2509 1824 2809 1896 ἐλευθέρων
2839 1821 2938 1876 καὶ
2970 1820 3168 1873 δούλων
3198 1818 3375 1889 μόνον,
3409 1815 3545 1870 ἀλλά
3576 1814 3674 1867 καὶ

417 1932 678 1989 custodiae
703 1941 953 1986 naturam
981 1929 1313 1984 secrevimus
1334 1928 1357 1981 ?
1380 1957 1451 1967 —
1467 1925 1610 1981 Sane
1641 1923 1993 1980 secrevimus.

416 2054 488 2065 —
516 2023 716 2078 Eadem
748 2036 878 2092 ergo
927 2029 1037 2075 tam
1075 2019 1175 2074 viri
1204 2033 1367 2088 quam
1411 2017 1655 2072 mulieris
1707 2015 1775 2069 ad
1816 2015 1995 2084 reipu-

2097 1923 2385 1995 βαρὸἀρων
2417 1922 2510 1975 καὶ
2549 1920 2835 1992 Ἑλλήνων,
2873 1919 2951 1981 είς
2973 1917 3069 1988 τὴν
3102 1916 3244 1969 κατά
3261 1915 3394 1968 Θεὸν
3424 1910 3674 1966 παιδείαν

2096 2029 2157 2066 τε
2191 2012 2283 2064 καὶ
2311 2009 2644 2081 φιλοσοφίαν.

416 2118 574 2173 blicae
615 2115 919 2171 custodiam
962 2122 1158 2168 natura
1191 2121 1294 2179 est,
1343 2113 1447 2167 nisi
1479 2111 1624 2182 quod
1673 2109 1940 2164 inﬁrmior
1987 2107 2150 2177 hujus
2184 2115 2269 2161 est
2290 2147 2304 2170 ,
2355 2104 2500 2158 illius
2531 2100 2826 2157 robustior.
2852 2127 2923 2138 ——
2951 2095 3170 2151 Eadem.
3197 2126 3269 2136 —
3302 2093 3475 2147 Erunt
3509 2092 3674 2162 igitur

420 2220 546 2261 cum
579 2201 848 2274 ejusmodi
881 2202 1038 2265 viris,
1085 2200 1292 2269 aliquot
1324 2201 1488 2255 etiam
1539 2201 1592 2256 id
1637 2213 1808 2270 genus
1851 2197 2108 2252 mulieres
2158 2193 2472 2264 seligendze,
2510 2201 2569 2246 ut
2599 2206 2724 2246 cum
2772 2189 2839 2243 iis
2871 2188 3141 2243 civitatem
3181 2186 3425 2241 incolant
3449 2183 3672 2254 pariter,

419 2271 732 2366 pariterque
796 2292 1128 2357 custodiant,
1155 2306 1282 2346 cum
1311 2299 1364 2345 et
1394 2290 1498 2344 hoc
1523 2290 1588 2344 ad
1621 2288 1866 2344 muneris
1895 2300 2066 2357 genus
2096 2284 2304 2338 idonea:
2348 2282 2478 2345 sint,
2513 2288 2567 2334 et
2597 2292 2724 2332 cum
2754 2275 2886 2330 viris
2921 2284 3127 2330 natura:
3158 2273 3534 2344 cognationem
3568 2271 3672 2324 ha-

421 2363 605 2444 beant.
644 2363 666 2438 ί
701 2386 776 2440 lta
807 2383 984 2439 Plato.
1009 2381 1140 2438 Jure
1173 2382 1337 2452 igitur
1365 2397 1429 2437 ac
1461 2381 1655 2436 merito
1683 2380 1827 2449 leges
1865 2391 2080 2447 quoque
2111 2382 2330 2435 nostrae,
2364 2385 2534 2442 genus
2558 2383 2720 2422 omne
2751 2375 2858 2420 tam
2889 2366 3175 2420 mulierum
3209 2379 3371 2434 quam
3403 2363 3668 2424 virorum,

420 2495 530 2538 tam
565 2496 843 2538 servorum
891 2494 1054 2550 quam
1100 2477 1416 2541 liberorum,
1461 2483 1571 2529 tam
1609 2472 1966 2528 barbarorum
2022 2481 2184 2537 quam
2220 2464 2556 2524 Graecorum,
2593 2461 2649 2514 in
2694 2458 2888 2514 divinae
2916 2458 3177 2512 doctrinae
3212 2471 3275 2511 ac
3315 2453 3671 2526 philosophiae

414 2573 856 2634 communionem
891 2574 1144 2628 admittit.

941 2663 1169 2721 CAPUT
1224 2659 1464 2717 XXXIII.

421 2779 621 2834 Eorum
670 2796 829 2833 causa
849 2821 864 2843 ,
895 2779 985 2849 qui
1013 2777 1186 2830 minus
1215 2775 1352 2849 apud
1379 2791 1471 2828 nos
1506 2789 1590 2849 ea:_
1609 2772 1832 2849 rationis
1858 2785 1995 2839 prae-

489 2853 684 2919 scripto
712 2845 916 2913 vivunt,
943 2864 1099 2918 genus
1134 2847 1432 2900 uniuersum
1470 2844 1854 2898 traducendum
1891 2858 1992 2896 non

487 2936 621 2976 0888.

2604 2639 3001 2695 ΚΕΦΔΛΑῙΟΝ
3048 2639 3168 2691 AI".

2098 2780 2216 2833 Ὅτι
2253 2776 2340 2849 μὴ
2375 2774 2490 2849 χρὴ
2521 2775 2590 2827 ἐκ
2643 2771 2762 2849 τῶν
2778 2773 2900 2849 ἡούκ
2916 2769 3070 2849 κατά
3101 2768 3308 2849 ,λόγοις
3327 2841 3342 2849 Δ
3361 2767 3497 2835 παρ’

2299 2837 2601 2913 ﬂectetur
2625 2842 2690 2898 τὸ
2719 2839 2842 2898 πᾶν
2869 2842 3047 2907 ἔθνος
3091 2837 3439 2893 διαϐάλλειν

501 3051 521 3085 ι
549 3034 726 3102 Atque
755 3033 861 3088 hoc
893 3031 946 3085 in
980 3046 1176 3102 genere
1227 3031 1298 3084 ita
1325 3028 1795 3099 philosopbemur,
1821 3024 1994 3094 inquit

2172 3065 2190 3099 ι
2222 3043 2558 3116 Σκεψώμεθα
2588 3043 2645 3097 δέ
2675 3061 2749 3114 πη
2769 3041 2917 3113 τῇδε.
2946 3041 3104 3113 Φέρε,
3138 3039 3192 3092 εἴ
3221 3057 3306 3124 τις
3347 3037 3520 3106 αἰγῶν
3545 3055 3675 3110 cpn-

420 3124 596 3179 Plato.
632 3127 762 3194 Age,
807 3125 864 3179 Si
903 3125 1032 3194 quis
1070 3139 1262 3192 capras
1300 3124 1464 3188 alere,
1509 3121 1753 3188 adeoque
1781 3121 1994 3188 pecoris

422 3221 528 3274 hoc
571 3227 626 3272 et
670 3217 1036 3292 possessionis
1085 3231 1288 3286 genus,
1339 3224 1600 3283 tanquam
1653 3212 1993 3266 fructuosum

423 3313 668 3366 laudares
702 3330 716 3364 :
753 3310 894 3364 alius
937 3318 1122 3364 contra
1143 3346 1158 3373 ,
1190 3307 1337 3378 quod
1372 3305 1511 3361 forte
1546 3317 1741 3373 capras
1774 3300 1993 3362 alicubi,

421 3403 552 3457 dum
578 3403 696 3456 sine
717 3400 967 3470 caprario
987 3407 1294 3470 pascerent,
1314 3398 1477 3453 cultis
1504 3395 1829 3467 quibusdam
1851 3395 1996 3463 agris

423 3494 685 3546 damnum
738 3489 940 3545 inferre
985 3488 1242 3553 vidisset,
1287 3487 1620 3557 improbaret
1661 3501 1674 3536 :
1723 3483 1998 3552 semelque

423 3600 640 3656 gregem
669 3585 982 3638 universum
1012 3591 1106 3636 aut
1132 3581 1250 3637 sine
1283 3589 1522 3651 pastore,
1549 3586 1644 3633 aut
1680 3594 1804 3632 cum
1839 3577 1997 3630 malis

424 3677 737 3748 pastoribus
768 3675 1022 3740 intuitus,
1045 3673 1307 3728 continuo
1337 3687 1451 3726 rem
1484 3679 1652 3726 totam
1683 3670 1994 3736 vellicaret;

423 3785 622 3824 eumne
655 3777 938 3838 propterea
962 3782 1097 3821 sano
1124 3775 1450 3834 matnroque
1477 3765 1685 3836 judicio
1718 3763 2000 3834 quodlibet

424 3860 572 3915 aliud
611 3859 824 3930 pecoris
879 3873 1052 3927 genus
1096 3857 1508 3926 repudiaturum
1537 3856 1906 3911 arbitramur?
1929 3885 1998 3894 —

423 3948 535 4004 Cur
566 3949 783 4004 autem?
817 3967 837 4000 ι
870 3947 937 4002 Ει
982 3947 1173 4018 paucis
1213 3947 1511 4018 iuterjectis
1542 3965 1556 4001 :
1599 3966 1618 3999 ι
1647 3946 1786 4013 Quid
1830 3961 1997 4017 porro

427 4039 706 4094 societatis
728 4037 1106 4107 cujuscunque
1128 4053 1224 4094 seu
1248 4038 1584 4092 laudatorem
1607 4078 1622 4101 ,
1657 4053 1753 4093 seu
1783 4037 1997 4106 vitupe-

425 4139 699 4196 ratorem,
741 4144 862 4200 quae
891 4144 1016 4184 cum
1065 4145 1159 4199 per
1197 4145 1256 4184 se
1290 4130 1616 4185 moderatori
1663 4145 1853 4199 parere
1899 4131 1996 4182 de-

430 4221 573 4285 beat,
602 4229 716 4275 tum
745 4221 910 4274 etiam
940 4237 1063 4275 cum
1103 4236 1171 4276 eo
1202 4222 1490 4292 conjuncta
1521 4223 1816 4292 plurimum
1844 4221 1999 4276 aﬂ‘ert

2096 3137 2222 3208 φὴν,
2253 3137 2430 3190 καὶτὸ
2457 3135 2616 3199 ζῶον,
2636 3134 2735 3188 καὶ
2777 3129 2843 3187 αὖ
2873 3133 2933 3186 τὸ
2962 3132 3168 3202 κτῆμα,
3222 3131 3298 3193 ὡς
3327 3130 3442 3183 ἔστι
3487 3129 3672 3192 καλὸν.

2095 3229 2321 3290 ἐπαινοῖ,
2357 3225 2512 3289 ἄλλος
2537 3224 2595 3277 δέ
2620 3241 2722 3289 τις,
2753 3221 3012 3293 ἑωρακὼς
3049 3218 3208 3290 αἶγας
3248 3221 3416 3291 χωρὶς
3447 3219 3679 3290 νεμομέν-

2095 3335 2190 3380 νας
2209 3315 2452 3381 αἰπόλου,
2479 3317 2534 3368 ἐν
2551 3313 2868 3385 ἐργασίμοις
2889 3314 3110 3385 χωρίοις
3134 3313 3248 3383 (74)
3263 3311 3480 3382 δρώσας
3503 3311 3673 3375 κακὰ,

2094 3408 2367 3478 διαψέγοι·
2394 3407 2488 3460 καὶ
2527 3407 2635 3460 πᾶν
2673 3405 2898 3477 θρέμμα
2926 3405 3179 3476 ἄναρχον,
3215 3405 3248 3474 ἢ
3313 3403 3453 3474 μετὰ
3486 3403 3672 3456 κακῶν

2096 3502 2370 3572 ἀρχόντων
2407 3499 2551 3562 ἰδὼν,
2586 3497 2730 3551 οὕτω
2763 3498 3060 3568 μέμφοιτο·
3120 3495 3262 3550 κατά
3290 3497 3381 3549 τὸν
3432 3495 3678 3549 τοιοῦτον

2097 3591 2252 3659 λόγον
2279 3587 2562 3660 ἡγούμεθα
2593 3588 2742 3656 ὑγιὲς
2769 3588 2833 3641 ἄν
2865 3603 2994 3640 ποτε
3030 3585 3189 3655 ψέξαι
3223 3586 3315 3639 καὶ¹
3363 3585 3578 3650 ὁτιούνς
3605 3611 3679 3625 --

2098 3682 2208 3735 Καὶ
2236 3680 2388 3746 πῶς;
2429 3699 2448 3732 ι
2479 3679 2588 3733 Καὶ
2619 3679 2734 3749 μετ’
2761 3677 2935 3745 ὀλίγαο
2961 3695 2979 3729 ι
3015 3678 3080 3730 Τί
3103 3677 3160 3730 δὲ
3184 3677 3477 3748 ἐπαινέτην
3509 3677 3541 3747 ἢ
3580 3677 3684 3746 ψό-

2098 3789 2232 3843 κτην
2262 3771 2544 3834 κοινωνίας
2570 3768 2904 3842 ἡστινοσοῦν,
2931 3764 2999 3840 ἦς
3032 3768 3244 3839 πέφυκέ
3288 3785 3349 3820 τε
3391 3764 3531 3821 εἶναι
3574 3769 3677 3839 ἄρ-

2098 3880 2228 3933 χων,
2266 3863 2382 3932 μετ’
2411 3861 2618 3914 ἐκείνου
2657 3878 2716 3914 τε
2753 3859 3027 3931 ὠφέλιμός
3049 3861 3196 3912 ἐστιν
3221 3900 3236 3922 ,
3263 3858 3376 3912 ὁδὲ
3408 3860 3544 3929 μήτε
3577 3861 3681 3912 ἐω-

2103 3951 2282 4022 ρακὼς
2315 3952 2400 4022 εἴη
2425 3952 2554 4004 ποτὲ
2585 3950 2759 4022 ὀρθῶς
2774 3949 2943 4022 αὐτὴν
2971 3950 3140 4021 ἑαυτῇ
3161 3948 3523 4004 κοινωνοῦσαν
3556 3952 3678 4020 μετ’

2098 4044 2373 4113 ἄρχοντος,
2405 4042 2493 4094 ἀεὶ
2523 4041 2578 4094 δὲ
2603 4042 2837 4112 ἄναρχον
2860 4080 2875 4104 ,
2905 4040 2938 4111 ἢ
2993 4040 3129 4110 μετὰ
3167 4040 3354 4093 κακῶν
3398 4039 3666 4110 ἀρχόντωε

2101 4134 2396 4198 ξυνοῦσαν;
2435 4132 2660 4204 οἰόμεθα
2691 4132 2753 4204 δή
2785 4149 2914 4185 ποτε
2960 4133 3085 4195 τοὺς
3125 4129 3401 4194 τοιούτους
3439 4130 3679 4200 θεωροὺς

2097 4225 2205 4277 τῶν
2233 4225 2490 4278 τοιούτων
2526 4223 2836 4288 κοινωνιῶν,
2858 4222 3107 4294 χρηστῶς
3138 4241 3189 4276 τι
3226 4222 3413 4291 ψέγειν
3453 4222 3485 4292 ἢ
3519 4223 3677 4272 ἐπαι-

427 4313 718 4368 utilitatis?
749 4313 807 4368 Si
839 4328 1115 4382 nunquam
1146 4313 1292 4367 illam
1335 4314 1562 4377 viderit,
1605 4329 1788 4368 secum
1823 4314 1994 4384 ipsam

2098 4315 2301 4368 νεῖσθαι
2325 4313 2563 4380 ;-Πῶς
2588 4313 2632 4367 δ’
2667 4315 2732 4369 ἄν
2758 4331 2774 4380 ;
2808 4333 2826 4366 ι
2853 4313 2929 4368 Οὐ
2962 4313 3026 4384 δὴ
3057 4311 3161 4383 χρὴ
3193 4314 3287 4366 καὶ
3308 4313 3440 4383 παρ’
3467 4312 3594 4381 ἡμῖν
3625 4308 3681 4361 εἰ

427 4412 482 4456 et
509 4417 634 4458 cum
662 4418 762 4458 suo
786 4403 1130 4477 mpderatore
1156 4403 1364 4458 versari
1409 4403 1504 4459 sed
1534 4403 1716 4472 potius
1739 4412 1832 4456 aut
1858 4418 1994 4457 sem-

2097 4423 2243 4470 τινες
2268 4406 2538 4476 φαίνοιντο
2563 4405 2687 4478 δίχα
2710 4405 3010 4478 προστάτου
3032 4404 3126 4458 καὶ
3151 4405 3428 4474 ἄρχοντος,
3458 4402 3490 4470 ἦ
3534 4401 3673 4471 μετά

424 4509 522 4564 per
578 4497 727 4551 omni
783 4495 1105 4566 magistratu
1157 4510 1375 4562 carere,
1418 4503 1513 4548 aut
1559 4510 1681 4549 cum
1731 4495 1990 4564 improbis

2097 4496 2278 4549 κακῶν
2296 4494 2569 4567 ἀρχόντων
2595 4495 2825 4567 δρῶντες
2845 4493 2989 4549 κακά
3010 4493 3193 4563 ψέγειν
3216 4493 3278 4545 τὸ
3304 4495 3412 4546 πᾶν
3426 4491 3578 4563 ἡμῶν
3603 4491 3676 4544 διο

424 4591 636 4638 tantum
660 4584 1070 4655 magistratibus
1095 4599 1483 4650 consuescere;
1509 4599 1578 4636 an
1598 4584 1752 4649 istos,
1775 4585 1990 4650 amabo,

2098 4587 2413 4640 δασκαλεῖον
2437 4604 2450 4616 '
2485 4586 2685 4658 μᾶλλον
2717 4586 2775 4640 δὲ
2800 4585 2906 4639 ἀπὸ
2945 4585 3053 4639 τῶν
3072 4583 3245 4658 ὀρθῶς
3294 4584 3587 4654 μετιόντων
3613 4583 3672 4634 τὲ

423 4677 746 4731 societatum
779 4676 1048 4746 ejusmodi
1093 4687 1463 4742 spectatores,
1514 4686 1661 4731 recte
1694 4677 1991 4745 quidquam

2101 4677 2349 4740 θεοσεϐὲς
2379 4676 2682 4748 πολίτευμα
2721 4676 3040 4747 θαυμάζειν.

420 4778 517 4825 aut
541 4769 851 4838 vituperare
878 4783 1037 4837 posse
1063 4777 1158 4823 aut
1186 4768 1407 4824 laudare
1437 4767 1750 4837 putabimus
1764 4766 1991 4821 ?—Nam
2029 4768 2159 4838 qui?
2190 4789 2208 4820 ι
2245 4767 2370 4823 Haec
2423 4769 2534 4824 ille.
2563 4767 2762 4823 Verum
2793 4782 2922 4836 ergo
2989 4765 3239 4821 similiter
3269 4781 3380 4820 non
3414 4764 3597 4828 fuerit,
3620 4767 3671 4819 si

420 4877 562 4934 quos
607 4862 842 4918 fortasse
889 4863 1033 4932 apud
1085 4879 1218 4928 nos,
1260 4871 1356 4918 aut
1400 4864 1520 4917 sine
1563 4863 1907 4917 moderatore
1938 4879 2002 4919 ac
2039 4864 2304 4934 principe,
2339 4873 2434 4918 aut
2472 4879 2596 4919 cum
2634 4863 2816 4933 pravis
2842 4862 3270 4932 magistratibus,
3290 4875 3350 4915 se
3391 4874 3670 4930 perperam

422 4972 610 5026 gerere
636 4958 982 5026 constiterit,
1028 4957 1172 5014 illico
1197 4965 1374 5013 totum
1416 4958 1522 5013 hoc
1588 4958 1902 5014 scholarum
1952 4967 2264 5014 nostrarum
2307 4974 2478 5030 genus
2537 4957 2971 5028 reprehendere:
3004 4954 3098 5010 sed
3133 4954 3315 5024 potius
3364 4968 3432 5007 ex
3485 4968 3669 5008 eorum

421 5045 514 5115 qui
541 5053 686 5100 recte
716 5046 772 5100 in
803 5046 869 5101 iis
894 5047 1171 5116 probeque
1205 5057 1508 5110 versentur,
1553 5048 1797 5104 moribus
1819 5088 1835 5114 ,
1868 5049 2179 5122 religiosum
2216 5065 2280 5104 ac
2309 5050 2456 5119 pium
2495 5050 2808 5119 reipublica:
2841 5049 3148 5104 institutum
3181 5045 3463 5100 admirari.

500 5248 612 5329 (:22)
655 5249 806 5304 Οὐδὲ
847 5247 1160 5329 αξοέρμική.
1205 5247 1517 5329 Legendum
1566 5251 1659 5304 καὶ
1697 5249 1994 5329 πολεμική..

2098 5252 2299 5329 passim
2327 5292 2340 5317 ,
2371 5260 2431 5306 ut
2457 5253 2510 5329 in
2540 5255 2853 5329 Κυνῃτετ..
2886 5247 2966 5329 Τὰ
3005 5247 3102 5328 μὲν
3131 5245 3232 5329 ὅρη
3254 5241 3384 5329 ..οἷό-ν
3426 5249 3543 5300 ἐστι
3579 5248 3671 5329 καὶ

426 5315 564 5405 diale
589 5315 716 5405 item
747 5320 889 5402 apud
917 5315 1216 5405 Pilato‘nem,
1257 5315 1350 5372 καὶ
1379 5321 1760 5400 γυμναστικὴ,
1786 5315 1867 5390 ἧδ’
1889 5315 1994 5405 ἀρᾶ

2100 5315 2364 5405 ipsum:
2388 5315 2775 5405 ‘xat‘paraOEEv
2811 5315 3102 5405 καθαρῶς·
3133 5315 3304 5405 τάδέ
3338 5317 3513 5398 ἔργα,
3555 5317 3669 5394 οὐδ-

423 5386 484 5464 οῦ
507 5388 674 5473 ,μούδὲ
689 5386 996 5473 ..πολεμικῄ
1047 5387 1320 5473 Quorsum
1353 5386 1500 5473 enim
1544 5386 1778 5458 sequens
1810 5386 1994 5443 ταύτο-

2099 5386 2261 5473 έῖεερα
2280 5431 2294 5455 ,
2325 5392 2414 5473 διά
2442 5386 2567 5454 τοῦς
2587 5389 2878 5473 τριμμούςί
2916 5386 2983 5469 Id.
3003 5395 3119 5453 est,
3143 5396 3345 5440 montes
3372 5386 3434 5439 ἐι
3464 5389 3660 5440 inuesti-

425 5457 603 5542 λογίαι,
626 5457 941 5542 quererere
950 5457 1048 5542 μσς
1065 5500 1078 5523 ,
1094 5459 1205 5542 ,καὶ
1236 5460 1296 5514 οὺ
1305 5457 1792 5542 ιεριξεογυμναστικῄ
1814 5476 1877 5542 ;m

2097 5457 2211 5532 gari
2239 5473 2289 5517 et
2321 5457 2764 5542 transcrtrri'lsi'n'e
2797 5459 3083 5542 vfens-ioue
3110 5467 3377 5542 possunt”
3395 5471 3667 5542 arculum-

494 5525 715 5626 S‘ISL
738 5525 1272 5626 ἑαῖς.
1303 5525 1483 5610 Malim
1503 5525 1539 5593 ,⁷
1555 5539 1612 5585 ut
1640 5525 1792 5602 apud'
1819 5529 1994 5585 Plato.

2097 5525 2241 5626 Vtrunjt
2265 5533 2563 5626 paLtiuntu‘r,
2591 5533 2654 5584 ob
2681 5533 2922 5626 tramite:
2949 5525 3244 5606 limitesque
3270 5527 3503 5583 crebros.
3531 5525 3665 5626 Cpit.

2100 5611 2179 5626 .-Α
2256 5619 2316 5626 λ-.
2362 5619 2383 5626 Α
2474 5603 2499 5626 Δ
2535 5619 2590 5626 ,Α
2673 5602 2685 5626 ζ
2773 5611 2847 5626 ,ιιι
2923 5615 3073 5626 ..ι-Α-
3112 5613 3180 5626 ιι..
3259 5609 3399 5626 ΙΑν-ιι
3440 5599 3555 5626 ἶιιριι
3583 5603 3635 5626 In

425 5599 634 5685 τιθεῖσι,ηὴ
654 5597 976 5685 δξηᾰθυμοςξ
1003 5599 1156 5651 Ἐστι
1191 5599 1284 5685 καὶ
1308 5599 1496 5653 ταῦτα.
1674 5597 1694 5602 “

2100 5611 2184 5654 tra
2213 5597 2383 5685 έργάς
2407 5642 2422 5666 ,
2467 5601 2624 5685 ἀδος,
2673 5602 2726 5656 id
2770 5611 2853 5655 est
2887 5600 3073 5661 ἄνετος
3112 5597 3218 5667 γῆ,
3257 5609 3399 5650 terra
3440 5597 3670 5658 inculta,

499 5665 610 5732 (⁸74)
666 5665 1042 5748 Ἐργασίμοις
1082 5669 1337 5748 χωρίοις.
1363 5671 1518 5748 Culta
1547 5671 1666 5724 loca
1709 5669 1991 5748 intelligit,

2101 5665 2276 5746 quali's
2294 5665 2386 5730 ἐει
2412 5665 2610 5728 saltus.

427 5741 548 5794 una:
582 5739 876 5804 saepissime
913 5753 1019 5792 uno
1047 5742 1210 5794 verbo
1249 5739 1385 5809 ἔργα
1434 5740 1708 5796 dicuntur.
1743 5739 1993 5810 Xenopb.
