3822 6238
479 285 617 345 1619

1115 284 1386 342 EUSEBII
1425 283 1908 342 CIESARIENSIS
1940 284 2088 341 OPP.
2132 284 2312 341 PARS
2347 286 2408 342 ll.
2449 319 2520 330 —
2556 285 3058 344 APOLOGETICA.

3598 287 3752 342 1020

471 403 816 457 admoveant.
843 401 980 456 Tum
1014 401 1159 456 enim
1192 404 1382 472 utique
1411 401 1806 471 rempublicam
1832 402 2056 456 interire
2095 404 2388 471 oportebit,
2444 421 2569 460 cum
2601 405 2722 474 ejus
2768 400 3304 458 administrationem
3343 399 3550 457 ferreus
3579 406 3750 473 quis-

468 496 615 565 piam
645 497 886 549 mreusve
919 502 1109 549 custos
1139 492 1460 562 susceperit.
1485 491 1652 564 614
1679 491 1815 548 Num
1847 502 1906 549 tu
1961 508 2090 549 vero
2128 503 2300 550 artem
2363 495 2602 566 aliquam
2645 504 2808 565 atque
2855 493 3123 548 rationem
3172 491 3227 545 in
3259 500 3519 562 promptu
3565 492 3750 548 babes

467 605 576 661 qua
609 591 725 646 ha‘c
760 589 828 645 iis
859 587 1046 644 fabula
1081 588 1398 657 persuaderi
1428 588 1641 657 possit?
1676 607 1696 642 ι

1015 679 1245 734 CAPUT
1288 678 1472 733 XLIV.

938 770 1016 824 De
1051 771 1239 826 iisdem
1276 770 1556 826 similibus.

533 861 652 916 Alia
700 862 949 931 quadam
986 863 1128 932 apud
1169 861 1426 917 Hebraeos
1466 865 1750 934 prophetia
1791 873 1905 932 est,
1935 880 2044 935 qua

455 953 640 1023 populi
690 954 964 1022 principes
1008 953 1083 1030 ita
1133 955 1534 1023 compellantur
1586 973 1656 1010 ει
1699 953 1743 1010 Ο
1791 967 2042 1025 pastores

456 1043 645 1106 Israel,
675 1045 923 1114 nunquid
948 1053 1194 1114 pastores
1218 1045 1543 1112 semetipsos
1570 1046 1835 1114 pascunt?
1860 1062 2042 1100 nonne

453 1142 707 1204 pastores
740 1151 870 1190 oves
905 1151 1034 1190 suas
1066 1137 1332 1206 pascunt?
1368 1135 1504 1190 Ecce
1534 1137 1620 1191 lac
1652 1137 1957 1199 comeditis,
1986 1146 2041 1193 et

453 1226 600 1293 quod
635 1241 880 1280 crassum
907 1235 989 1280 est
1019 1225 1304 1295 jugulatis,
1332 1234 1384 1279 et
1406 1223 1545 1279 lanis
1572 1226 1884 1294 Operimini,
1910 1241 2040 1281 oves

453 1323 636 1368 autem
669 1329 819 1368 meas
849 1331 956 1369 non
987 1316 1210 1383 pascitis
1241 1332 1252 1366 :
1291 1315 1435 1384 quod
1473 1315 1709 1384 perierat
1736 1331 1843 1368 non
1882 1332 2036 1386 quae-

453 1403 647 1466 siistis,
679 1415 733 1458 et
763 1405 908 1472 quod
939 1403 1282 1460 confractum
1319 1412 1436 1457 erat
1483 1419 1589 1456 non
1640 1403 1938 1472 alligastis,
1983 1409 2039 1457 et

453 1496 600 1564 quod
649 1503 927 1548 erraverat
960 1511 1066 1548 non
1097 1493 1452 1549 reduxistis’.
1491 1511 1509 1544 ι
1545 1491 1666 1557 Quo
1695 1493 1860 1546 etiam
1903 1491 2036 1545 illud

451 1585 710 1640 salutaris
737 1585 1010 1654 Evangelii
1038 1585 1290 1653 pertinet,
1324 1601 1343 1634 ι
1374 1582 1558 1637 Bonus
1583 1590 1770 1651 pastor
1795 1580 2034 1635 animam

450 1693 608 1734 suam
638 1679 790 1748 ponit
836 1694 932 1748 pro
965 1679 1160 1733 ovibus
1210 1677 1327 1731 suis
1361 1692 1375 1727 :
1411 1675 1784 1730 mercenarius
1815 1682 1994 1727 autem
2017 1715 2031 1740 ,

449 1780 506 1827 et
533 1771 627 1841 qui
657 1786 764 1824 non
797 1779 880 1824 est
910 1779 1117 1840 pastor,
1149 1768 1308 1837 cujus
1332 1783 1440 1821 non
1469 1775 1596 1821 sunt
1619 1781 1749 1821 oves
1777 1766 2031 1836 propriae,

449 1861 678 1917 dimittit
737 1863 885 1917 eas'.
919 1881 936 1913 ι
970 1861 1090 1916 Jam
1118 1875 1247 1916 vero
1271 1859 1552 1914 Platonem
1588 1859 1736 1925 audi,
1769 1859 2033 1928 quemad-

452 1955 678 2009 modum
724 1954 814 2008 illa
846 1955 963 2023 ipsa
994 1955 1170 2023 primo
1213 1952 1290 2006 De
1315 1951 1578 2021 republica
1621 1951 2028 2021 interpretetur.

456 2066 476 2098 ι
507 2045 665 2102 Nunc
697 2055 878 2101 autem
899 2085 914 2109 ,
961 2046 1161 2115 inquit,
1191 2044 1366 2109 vides,
1395 2043 1468 2096 mi
1500 2042 1908 2114 Thrasymache
1945 2042 2029 2113 (ut

2077 768 2124 823 Δ

2655 672 3057 728 ΚΕΦΑΛΑΙΟΝ
3090 674 3221 727 MA'.

2336 768 2466 820 Ἔτι
2505 765 2637 834 περὶ
2680 764 2797 820 τῶν
2841 765 3060 836 ὁμοίων
3089 763 3555 834 ὑποδειγμάτων.

2219 856 2332 926 Τῆς
2364 857 2495 928 παρ’
2537 856 2807 927 Ἑϐραίοις
2853 857 3188 927 προφητείας
3227 856 3544 926 φασκούσης
3602 857 3746 927 πρὸς

2144 950 2270 1010 τοὺς
2292 946 2639 1020 προεστῶτας
2665 946 2755 999 τοῦ
2777 946 3033 1018 πλήθους
3067 943 3165 999 (Ὦ
3205 948 3459 1018 ποιμένες
3493 948 3725 1020 Ἰσραὴλ

2147 1040 2222 1110 μὴ
2278 1038 2532 1108 βόσκουσι
2588 1037 2846 1108 ποιμένες
2900 1037 3174 1102 ἐαυτούς;
3227 1038 3289 1090 οὐ
3347 1037 3416 1090 τὰ
3484 1037 3733 1107 πρόϐατε

2145 1129 2432 1200 βόσκουσιν
2461 1131 2510 1182 οἱ
2534 1129 2832 1199 ποιμένες;
2885 1129 2992 1182 ίδοὺ
3026 1128 3087 1182 τὺ
3109 1128 3248 1197 γάλα
3281 1127 3619 1192 κατεσθίετε,
3639 1128 3745 1180 καὶ

2139 1221 2201 1273 τὸ
2231 1223 2376 1291 παχὺ
2413 1219 2672 1290 σφάζετε,
2708 1220 2802 1273 καὶ
2845 1220 2912 1273 τὰ
2944 1219 3066 1290 ἐρια
3095 1218 3508 1291 περιϐάλλεσθε,
3535 1221 3632 1273 καὶ
3665 1220 3743 1273 τὰ

2140 1312 2390 1386 πρόϐατά
2416 1331 2516 1383 μου
2547 1313 2606 1366 οὐ
2637 1311 2878 1382 βόσκετε·
2913 1313 3005 1366 καὶ
3027 1311 3088 1365 τὸ
3111 1311 3386 1374 ἀπολωλὸς
3411 1312 3511 1364 οὐκ
3532 1313 3742 1383 ἐζητή-

2141 1421 2288 1467 σατε,
2325 1404 2418 1457 καὶ
2450 1404 2512 1456 τὸ
2547 1404 3009 1475 συντετριμμένον
3036 1404 3097 1456 οὐ
3127 1402 3481 1473 κατεδήσατε,
3532 1404 3630 1456 καὶ
3667 1404 3738 1456 τὸ

2137 1498 2488 1570 πλανώμενον
2516 1499 2614 1552 οὐκ
2641 1498 3042 1570 ἐπεστρέψατε·
3092 1517 3111 1549 ι
3138 1497 3275 1551 ἀλλὰ
3300 1498 3393 1551 καὶ
3415 1496 3507 1550 τοῦ
3546 1514 3734 1567 σωτη-

2137 1593 2256 1664 ρίου
2291 1591 2451 1660 λόγου
2485 1591 2804 1660 φάσκοντος,
2835 1609 2853 1642 ‹
2904 1591 2960 1644 ’0
2987 1591 3191 1660 ποιμὴν
3229 1593 3257 1643 ὁ
3289 1589 3452 1652 καλὸς
3471 1589 3571 1659 τὴν
3621 1589 3734 1658 ψυ-

2135 1680 2235 1752 χὴν
2266 1679 2460 1734 ἑαυτοῦ
2487 1679 2701 1750 τίθησιν
2730 1679 2870 1750 ὑπὲρ
2902 1678 3010 1731 τῶν
3039 1677 3345 1748 προϐάτων·
3367 1678 3396 1728 δ
3423 1675 3481 1728 δὲ
3515 1674 3733 1745 μισθω-

2132 1772 2245 1837 τὸς,
2280 1772 2374 1825 καὶ
2397 1772 2496 1824 οὐκ
2519 1769 2594 1824 ὢν
2633 1769 2858 1842 ποιμὴν,
2893 1763 2954 1823 οὗ
3004 1769 3104 1821 οὐκ
3143 1767 3290 1821 ἐστιν
3331 1767 3440 1820 ῐδια
3473 1766 3546 1818 τὰ
3592 1766 3734 1838 πρό-

2135 1862 2295 1923 ϐατα.
2327 1862 2646 1917 καταλείπει
2676 1861 2870 1915 αὑτάοι
2900 1860 3205 1913 ἐπάκουσον
3234 1859 3330 1913 καὶ
3369 1857 3464 1911 τοῦ
3495 1857 3729 1910 nmo.

2134 1970 2247 2018 νος,
2282 1956 2340 2007 ἐν
2365 1952 2442 2023 τῷ
2473 1951 2676 2024 πρώτῳ
2706 1951 2806 2022 τῆς
2849 1951 3161 2016 Πολιτείας
3190 1951 3339 2012 ὅπως
3389 1949 3521 2002 ποτέ
3547 1947 3728 2002 ταῦτα

2129 2041 2495 2113 διερμηνεύει.
2524 2060 2542 2093 ι
2584 2041 2700 2094 Νῦν
2728 2040 2787 2094 δέ
2815 2041 2949 2111 ὁρᾷς
2974 2038 3108 2111 (86),
3148 2035 3193 2092 ῶ
3239 2039 3576 2111 Θρασύμαχε
3623 2039 3729 2109 (En

446 2137 728 2206 superiora
760 2137 850 2190 illa
881 2135 1060 2190 denuo
1097 2135 1450 2205 repetamus),
1475 2142 1548 2198 te,
1581 2134 1674 2202 qui
1700 2150 1889 2188 verum
1915 2149 2019 2188 me-

2160 2134 2238 2206 ’ὰρ
2267 2133 2336 2187 τὰ
2366 2133 2673 2205 ἔμπροσθεν
2727 2131 3196 2202 ἐπισκεψώμεθα),
3222 2133 3304 2185 ὅτι
3335 2131 3425 2184 τὸν
3481 2131 3557 2194 ὼς
3588 2129 3728 2202 ἁλη-

443 2229 628 2282 dicum
678 2227 946 2296 principio
1003 2226 1320 2294 deﬁnieris,
1373 2227 1628 2294 deinceps
1683 2235 1864 2282 tamen
1911 2227 2026 2282 veri

443 2319 684 2389 pastoris
711 2333 832 2374 esse
861 2319 1120 2382 noluisse,
1141 2318 1425 2388 diligenter
1449 2333 1512 2372 ac
1542 2317 1785 2372 studiose
1805 2333 2024 2389 gregem

443 2409 762 2474 custodire,
819 2411 912 2464 sed
948 2409 1130 2478 potius
1161 2423 1320 2472 eum,
1363 2417 1633 2477 quatenus
1681 2416 1867 2477 pastor
1909 2417 2022 2472 est,

445 2501 527 2556 sic
551 2515 683 2555 oves
714 2515 844 2554 suas
874 2515 1133 2569 pascere,
1167 2508 1225 2553 ut
1258 2515 1363 2554 non
1391 2501 1504 2569 jam
1535 2499 1629 2568 qui
1659 2514 1788 2554 oves
1821 2499 2026 2569 optime

444 2591 701 2653 habeant.
718 2591 812 2645 sed
835 2589 1085 2660 epulonis
1108 2590 1391 2659 cujusdam
1410 2589 1722 2645 convivium
1747 2589 2023 2644 instruen-

441 2683 514 2738 tis
557 2698 710 2738 more
729 2723 742 2746 ,
771 2682 865 2752 qui
900 2683 1047 2737 laute
1076 2684 1335 2738 convivas
1365 2697 1496 2738 suos
1525 2672 1782 2752 excipiat,
1821 2689 2025 2736 attente

437 2775 748 2831 consideret
779 2792 794 2841 ;
836 2775 917 2829 vel
955 2790 1086 2830 sane
1115 2775 1572 2845 quemadmodum
1611 2791 1726 2839 eas,
1762 2784 2022 2844 tanquam

437 2873 740 2919 :eruscator
769 2864 991 2933 aliquis,
1026 2880 1132 2918 non
1165 2859 1424 2934 tanquam
1459 2874 1669 2932 pastor,
1727 2879 1828 2918 suo
1865 2879 2022 2918 com-

437 2955 638 3024 pendio
669 2955 890 3010 vendat.
925 2955 1040 3008 Arti
1077 2970 1208 3009 sane
1239 2957 1497 3024 pastorali
1528 2971 1676 3011 cum
1711 2956 1857 3011 aliud
1886 2957 2023 3010 nihil

436 3057 552 3108 est.
585 3063 750 3118 quam
788 3056 850 3102 ut
881 3047 1101 3102 creditis
1147 3047 1250 3102 sibi
1300 3048 1719 3118 commissisque
1765 3049 2022 3119 gregibus

435 3139 640 3209 optima
669 3154 898 3209 quaeque
932 3154 996 3194 ac
1025 3139 1382 3194 saluberrima
1419 3138 1717 3208 provideat.
1749 3137 1888 3193 Nam
1927 3155 2020 3192 ar-

439 3234 550 3283 tem
597 3227 770 3296 ipsam
819 3229 966 3297 quod
997 3231 1215 3294 attinet,
1251 3229 1488 3294 abunde,
1522 3229 1578 3283 ni
1628 3229 1807 3296 lallor,
1856 3231 2020 3285 rebus

436 3331 536 3387 per
561 3331 681 3372 sese
713 3319 994 3382 omnibus,
1029 3327 1087 3373 ut
1115 3319 1317 3388 optima
1352 3319 1444 3373 illa
1467 3335 1702 3390 vereque
1729 3322 2019 3390 pastoralis

437 3408 669 3462 omnino
697 3408 793 3474 sit,
826 3411 1156 3465 necessariis
1186 3411 1451 3464 instructa
1488 3420 1590 3465 est.
1622 3409 1700 3464 ita
1730 3426 1876 3464 nunc
1899 3412 2020 3480 qui-

433 3499 557 3554 dem
621 3499 778 3555 fateri
823 3517 1048 3558 necesse
1097 3517 1217 3558 esse
1268 3501 1596 3566 arbitrabar,
1647 3502 2014 3572 principatum

431 3606 650 3648 omnem
674 3633 689 3657 ,
722 3602 994 3664 quatenus
1031 3594 1367 3664 principatus
1399 3604 1481 3648 est
1505 3634 1519 3658 ,
1551 3594 1820 3664 ejusmodi
1856 3609 2011 3659 esse,

430 3683 529 3753 qui
588 3683 743 3738 alteri
809 3685 1055 3749 nemini,
1103 3701 1264 3754 quam
1311 3685 1568 3754 potestati
1622 3700 1736 3740 suae
1781 3685 2015 3755 ﬁdeique

2129 2225 2238 2289 θῶς
2279 2226 2461 2298 ίατρὸν
2496 2224 2607 2297 (87)
2631 2225 2691 2278 τὸ
2715 2224 2928 2297 πρῶτον
2956 2222 3292 2295 ὁριζόμενος,
3337 2224 3432 2277 τὸν
3471 2225 3549 2287 ὼς
3592 2225 3730 2296 ἀλη-

2129 2316 2237 2380 θῶς
2259 2317 2494 2388 ποιμένα
2523 2316 2707 2369 οὐκέτι
2735 2314 2844 2386 ῷου
2882 2315 2994 2368 δεῖν
3019 2314 3246 2387 ὕστερον
3271 2315 3516 2387 ἀκριϐῶς
3544 2315 3725 2381 φυλά-

2129 2407 2238 2472 ξαι⁶
2265 2407 2402 2462 ἀλλὰ
2461 2407 2772 2478 ποιμαίνειν
2816 2407 2931 2480 (88)
2970 2408 3070 2461 οἴει
3109 2407 3271 2461 αὑτὸν
3323 2406 3394 2460 τὰ
3443 2407 3726 2478 πρόϐατα,

2126 2500 2358 2554 καθόσον
2412 2501 2618 2572 ποιμήν
2671 2501 2840 2562 ἐστιν,
2903 2499 2963 2553 οὐ
2994 2498 3131 2570 πρὸς
3160 2498 3220 2552 τὸ
3262 2499 3370 2552 τῶν
3427 2498 3732 2569 προϐάτων

2128 2593 2400 2664 βέλτιστον
2442 2593 2729 2664 βλέποντα,
2766 2591 2878 2645 ἀλλ’
2905 2591 3095 2662 ὥσπερ
3121 2590 3418 2661 δαιτυμόνα
3448 2589 3595 2652 τινὰ,
3628 2592 3730 2645 καὶ

2129 2683 2392 2754 μέλλοντα
2433 2682 2812 2747 ἐστιάσασθαι,
2845 2683 2984 2754 πρὸς
3009 2682 3108 2752 τὴν
3131 2681 3387 2751 εὐωχίανο
3418 2681 3450 2752 ἢ
3480 2678 3547 2735 αὖ
3582 2681 3728 2753 πρὸς

2125 2772 2184 2826 τὸ
2207 2774 2523 2838 ἀποδόσθαι,
2553 2773 2742 2845 ὥσπερ
2787 2772 3186 2845 χρηματιστὴν,
3220 2771 3335 2826 ἀλλ’
3364 2773 3427 2825 οὐ
3457 2773 3721 2844 ποιμένι.

2124 2865 2204 2937 Τῇ
2235 2869 2522 2938 ποιμενικῇ
2557 2867 2600 2919 δ’
2625 2866 2685 2918 οὐ
2721 2865 2894 2935 δήπου
2949 2865 3108 2918 ἄλλου
3138 2882 3232 2918 του
3290 2864 3463 2936 μέλει,
3499 2864 3532 2935 ἢ
3565 2867 3653 2932 ἐφ’
3675 2857 3724 2931 ᾧ

2121 2957 2402 3023 τέτακται,
2454 2959 2604 3020 ὅπως
2644 2956 2819 3028 τούτῳ
2845 2958 2908 3011 τὸ
2971 2957 3248 3028 βέλτιστον
3290 2957 3562 3028 ἐκποριεῖ
3599 2958 3728 3010 ἐπεὶ

2121 3049 2192 3104 τά
2248 3067 2311 3119 γε
2339 3050 2529 3121 αὐτῆς,
2567 3049 2695 3103 ὥστ’
2751 3046 2890 3104 εἶναι
2943 3048 3228 3120 βελτίστη,
3285 3047 3486 3110 ίκανῶς
3544 3047 3722 3118 δήπου

2123 3141 2538 3212 ἐκπεπόρισται,
2572 3142 2678 3206 ἓως
2713 3157 2777 3210 γε
2807 3141 2873 3194 ἂν
2911 3141 3074 3212 μηδὲν
3119 3139 3274 3212 ἐνδέῃ
3294 3138 3387 3192 τοῦ
3421 3140 3720 3209 ποιμενικὴ

2123 3227 2280 3284 εἶναι.
2321 3231 2476 3285 Οὖτω
2508 3231 2571 3303 δὴ
2601 3230 2760 3302 ᾤμην
2789 3231 2964 3300 ἔγωγε
3009 3230 3104 3284 νῦν
3144 3230 3209 3302 δὴ
3248 3232 3550 3298 ἀναγκαῖον
3577 3226 3723 3283 εἶναι

2124 3325 2256 3394 ἡμῖν
2278 3323 2581 3394 ὁμολογεῖν,
2617 3324 2793 3376 πᾶσαν
2831 3322 3026 3393 ἀρχὴν,
3059 3321 3289 3375 καθόσον
3317 3319 3484 3392 ἀρχὴ,
3521 3319 3723 3390 μηδενὶ

2124 3414 2268 3484 ἄλλῳ
2294 3414 2354 3467 τὸ
2384 3414 2658 3485 βέλτιστον
2688 3414 3010 3467 σκοπεῖσθαι
3042 3414 3075 3484 ἢ
3099 3413 3292 3483 ἐκείνῳ
3318 3412 3396 3483 τῷ
3422 3411 3730 3484 ἀρχομένῳ

2121 3524 2180 3559 τε
2206 3507 2300 3560 καὶ
2334 3504 2776 3576 θεραπευομένῳ,
2794 3509 2852 3558 ἐν
2875 3506 3123 3577 πολιτικῇ
3153 3508 3249 3560 καὶ
3273 3507 3516 3576 ίδιωτικῇ
3543 3507 3723 3577 ἀρχῇ.

2121 3596 2194 3648 Σὺ
2231 3595 2288 3647 δὲ
2322 3597 2446 3658 τοὺς
2480 3596 2749 3666 ἄρχοντας
2775 3596 2832 3649 ἐν
2859 3599 2978 3659 ταῖς
3009 3596 3217 3662 πόλεσι,
3247 3599 3374 3662 τοὺς
3390 3597 3467 3662 ώς
3493 3596 3724 3667 ἀληθῶς

2121 3687 2406 3758 ἄρχοντας,
2449 3688 2673 3750 ἐκὸντας
2696 3690 2794 3742 οἴει
2825 3689 3049 3760 ἄρχεινς
3082 3709 3100 3742 ι
3582 3679 3588 3683 ’

429 3778 764 3840 commissis,
783 3779 989 3848 optima
1021 3793 1252 3848 quaeque
1281 3779 1602 3848 prOSpiciat,
1635 3793 1726 3833 seu
1790 3779 2042 3849 publicus
2077 3778 2167 3833 ille
2219 3781 2336 3845 sit,
2384 3795 2478 3834 seu
2531 3781 2776 3849 privatus
2838 3783 3004 3836 etiam
3058 3781 3420 3852 principatus.
3448 3779 3532 3835 Tu
3579 3795 3730 3837 vero

430 3869 968 3940 rerumpublicarum
999 3869 1293 3939 principes,
1329 3870 1376 3924 si
1403 3886 1530 3926 vere
1559 3869 1720 3924 modo
1744 3869 2018 3940 principes
2060 3868 2280 3932 fuerint,
2311 3870 2672 3939 principatum
2705 3870 2848 3925 ultro
2878 3885 3065 3941 gerere
3090 3872 3413 3928 arbitraris?
3445 3891 3466 3924 ι

822 3985 986 4058 615
1036 3986 1265 4042 CAPUT
1317 3986 1483 4043 XLV.

1066 4078 1142 4132 De
1165 4079 1372 4132 iisdem.

501 4165 742 4221 Alterius
774 4167 919 4236 apud
962 4165 1219 4224 Hebraeos
1251 4169 1526 4238 propheta:
1559 4185 1665 4224 vox
1697 4181 1781 4228 est
1821 4193 1834 4227 :
1876 4191 1895 4224 ι
1930 4171 2011 4228 Ex

2635 3980 3033 4039 ΚΕΦΑΛΑῘΟΝ
3056 3988 3188 4040 ME’.

2599 4079 2725 4131 Ἔτι
2752 4078 2883 4148 περὶ
2909 4077 3014 4133 τοῦ
3041 4079 3247 4133 αὐτοῦ.

2193 4185 2211 4217 ι
2253 4166 2366 4236 Τῆς
2398 4170 2529 4239 παρ’
2572 4169 2841 4240 Ἑϐραίοις
2873 4171 3209 4242 προφητείας
3233 4171 3517 4244 λεγούσης
3556 4192 3576 4224 ι
3610 4174 3719 4228 Ἐκ

431 4256 628 4310 timore
653 4265 768 4322 tuo,
804 4256 1055 4324 Domine,
1093 4260 1147 4313 in
1193 4269 1349 4315 utero
1390 4263 1762 4332 concepimus,
1792 4274 1847 4319 et
1881 4281 2009 4334 par-

2160 4256 2207 4310 >ὖ
2241 4259 2404 4327 φόϐου
2442 4277 2558 4326 σου,
2600 4260 2792 4333 Κύριε,
2817 4263 2874 4315 ἐν
2897 4265 3095 4334 γαστρὶ
3123 4263 3423 4334 ἐλάϐομεν,
3455 4266 3549 4318 καὶ
3579 4266 3720 4318 ὼδιο

429 4348 744 4411 turivimus,
773 4358 826 4403 et
856 4351 1167 4418 peperimus
1212 4353 1463 4420 spiritum
1513 4354 1767 4412 salutis’.
1801 4375 1820 4407 ι
1854 4355 2009 4410 Plato

2160 4351 2376 4420 ίλσαμεν,
2404 4352 2498 4404 καὶ
2531 4352 2790 4422 ὲτέκομεν
2817 4353 3033 4422 πνεῦμα
3060 4356 3386 4425 σωτηρίαςί
3421 4356 3450 4406 ὁ
3479 4356 3718 4411 Πλάτων

431 4453 612 4496 autem
649 4441 702 4494 in
729 4440 990 4496 Theaeteto
1023 4441 1300 4497 Socratem
1330 4445 1405 4498 ita
1427 4446 1740 4515 loquentem
1765 4448 2006 4506 inducit:

2113 4441 2171 4494 ἐν
2193 4440 2486 4508 Θεαιτήτῳ
2512 4442 2636 4496 τάδε
2654 4442 2881 4510 λέγοντα
2893 4444 3188 4515 Σωκράτην
3208 4449 3370 4498 ποιεῖ’
3394 4465 3412 4496 ι
3427 4447 3716 4517 Πάσχουσι

435 4551 456 4586 ι
489 4530 593 4600 Qui
625 4534 1023 4589 consuetudine
1073 4552 1192 4591 mea
1224 4548 1474 4604 utuntur,
1499 4539 1698 4609 inquit,
1729 4541 1766 4594 ii
1794 4540 2010 4599 feminis

2160 4535 2253 4605 ποί
2319 4535 2443 4605 ἐμοὶ
2500 4535 2878 4605 συγγινόμενοι
2933 4536 3128 4590 ταύτὸν
3188 4540 3308 4600 ταῖς
3368 4537 3709 4600 τικτούσαις.

429 4627 768 4696 parientibus
811 4628 1121 4695 persimiles
1170 4639 1320 4685 sunt.
1361 4631 1681 4688 Parturiunt
1727 4634 1806 4688 illi
1833 4636 2008 4705 siqui-

427 4719 572 4780 dem,
601 4727 655 4772 et
688 4727 873 4773 noctes
897 4730 1061 4790 atque
1086 4721 1202 4776 dies
1228 4724 1364 4793 ipsis
1408 4727 1570 4782 etiam
1602 4728 1882 4797 puerperis
1912 4743 2006 4782 ve-

430 4807 738 4864 hementius
788 4811 913 4881 angi
959 4811 1154 4868 solent.
1186 4813 1344 4872 Hunc
1373 4833 1503 4874 vero
1543 4827 1731 4889 partus
1764 4820 2008 4876 dolorem

428 4899 562 4953 artis
589 4916 723 4956 mea:
760 4903 812 4957 vi
839 4918 965 4958 cum
996 4905 1238 4962 excitare
1285 4909 1420 4979 ipse,
1451 4919 1569 4966 tum
1623 4911 1790 4966 etiam
1827 4913 2009 4968 levare

428 5005 674 5056 possum.
709 5012 728 5044 ›

503 5144 518 5174 ¹
539 5143 736 5201 Ezech.
770 5165 954 5216 xxxiv,
985 5151 1039 5206 2.
1117 5152 1310 5210 'Joan.
1342 5173 1398 5226 ι,
1432 5159 1518 5213 H.
1579 5159 1720 5218 ’lsa.
1741 5163 2001 5228 xxv1,18.

904 5289 1081 5378 ὁρᾷς.-
1105 5292 1290 5378 P_rimo
1322 5297 1400 5353 De
1439 5299 1666 5378 νεριιίξιη
1696 5318 1748 5372 p.
1781 5303 1909 5378 41],
1940 5303 2004 5378 (3.

500 5355 900 5444 (SijAflagpdr.
931 5355 1088 5444 'i’o'st
1134 5365 1276 5444 hanc
1321 5355 1508 5444 vocem
1563 5355 1753 5428 deesse
1791 5355 2005 5444 aliquid

432 5432 704 5508 suspicor,
741 5432 793 5484 id
846 5433 1104 5509 nimirum
1127 5437 1279 5509 quod
1309 5441 1580 5496 medicum
1615 5458 1737 5497 esse
1785 5432 2004 5509 deﬁirit,

435 5512 495 5588 νζ
508 5511 611 5588 _c.,
629 5503 744 5588 37w
775 5503 1480 5588 ypvévzmvnefpotmurﬁv.
1507 5512 1599 5588 _lta
1629 5514 1773 5588 enim
1809 5503 2005 5582 supra,

434 5581 554 5636 pag.
585 5566 690 5622 415
710 5608 724 5632 ,
775 5569 831 5623 '0
852 5566 930 5642 τῷ
952 5574 1170 5646 ἀκριϐεῖ
1188 5566 1345 5651 ’λόγῳ
1382 5566 1596 5650 ίάτρὸς,
1620 5566 2008 5656 πότερονᾴχρηλ

2129 4624 2387 4679 Ὠδίνουσι
2420 4625 2548 4697 γὰρ,
2605 4626 2700 4679 καὶ
2752 4627 2984 4698 ἀπορίας
3013 4627 3382 4697 ἐμπίπλανται
3412 4629 3610 4690 νύκτας
3641 4647 3708 4682 τε

2117 4719 2210 4773 καὶ
2238 4719 2467 4792 ἡμέρας,
2501 4719 2634 4774 πολὺ
2677 4721 2876 4792 μᾶλλον
2907 4722 2940 4794 ἦ
2975 4725 3198 4776 ἐκεῖναι.
3255 4722 3473 4794 Ταύτην
3507 4723 3574 4795 δὴ
3601 4725 3720 4792 τὴν

2116 4809 2280 4865 ώδῖνα
2327 4811 2563 4884 ἐγείρειν
2604 4829 2666 4865 τε
2698 4813 2794 4867 καὶ
2851 4813 3154 4868 ἁποπαύειν
3196 4815 3230 4884 ἡ
3262 4813 3371 4884 ἐμὴ
3404 4813 3570 4885 τέχνη
3611 4814 3710 4866 δύο

2117 4916 2296 4956 ναται.
2336 4922 2357 4955 ι

2165 5317 2385 5391 ατιστ-ής
2421 5319 2587 5391 ἐστιν,
2693 5318 2800 5391 τῶν
2828 5318 3143 5391 καμνόνξων
3170 5317 3519 5391 θεραπευτής
3541 5319 3706 5391 ;ᾉΚαὶ

2149 5385 2240 5456 έγε
2279 5385 2369 5439 τὸν
2391 5387 2469 5460 τῷ
2497 5386 2608 5440 ὄντι
2641 5385 2820 5460 ἰατρὸν
2853 5385 2999 5443 ὄντα.
3039 5387 3159 5441 Τῶν
3193 5385 3534 5459 καμνόντων,
3566 5388 3698 5457 ἐφη,

2117 5455 2476 5528 θεραπευτής.
2731 5455 2741 5460 ’
3271 5455 3282 5459 ⁷
3606 5455 3613 5456 ί
3659 5455 3670 5457 “

2189 5527 2300 5601 (88)
2335 5527 2695 5597 Ποιμαίνειν.
2727 5526 2852 5597 Ms.,
2879 5528 3132 5597 πιαίνειν,
3151 5527 3295 5601 quod
3323 5529 3479 5585 valde
3498 5529 3708 5600 prohoa
