  <div class='ocr_page' id='page_1' title='image "/cluster/home/n/w/nwhite01/storage/ocr_20150623/21/nnc1.0046978437/678.png"; bbox 0 0 3822 6238; ppageno 0'>
   <div class='ocr_carea' id='block_1_1' title="bbox 210 272 346 327">
    <p class='ocr_par' dir='ltr' id='par_1_1' title="bbox 210 272 346 327">
     <span class='ocr_line' id='line_1_1' title="bbox 210 272 346 327; baseline 0.007 -1"><span class='ocrx_word' id='word_1_1' title='bbox 210 272 346 327; x_wconf 63' lang='lat' dir='ltr'><strong>{Gil</strong></span> 
     </span>
    </p>
   </div>
   <div class='ocr_carea' id='block_1_2' title="bbox 708 385 1298 454">
    <p class='ocr_par' dir='ltr' id='par_1_2' title="bbox 708 385 1298 454">
     <span class='ocr_line' id='line_1_2' title="bbox 708 385 1298 454; baseline 0.002 -13"><span class='ocrx_word' id='word_1_2' title='bbox 708 385 1109 441; x_wconf 67' lang='lat' dir='ltr'><strong>KEMMION</strong></span> <span class='ocrx_word' id='word_1_3' title='bbox 1147 387 1298 454; x_wconf 69' lang='grc' dir='ltr'><strong>Μςῖν.</strong></span> 
     </span>
    </p>
   </div>
   <div class='ocr_carea' id='block_1_3' title="bbox 641 477 1396 548">
    <p class='ocr_par' dir='ltr' id='par_1_3' title="bbox 641 477 1396 548">
     <span class='ocr_line' id='line_1_3' title="bbox 641 477 1396 548; baseline 0 -16"><span class='ocrx_word' id='word_1_4' title='bbox 641 477 772 532; x_wconf 85' lang='grc' dir='ltr'><strong>Ἐτι</strong></span> <span class='ocrx_word' id='word_1_5' title='bbox 834 479 966 548; x_wconf 80' lang='grc' dir='ltr'><strong>περί</strong></span> <span class='ocrx_word' id='word_1_6' title='bbox 1016 477 1124 532; x_wconf 82' lang='grc' dir='ltr'><strong>τοῦ</strong></span> <span class='ocrx_word' id='word_1_7' title='bbox 1187 478 1396 533; x_wconf 78' lang='grc' dir='ltr'>αὑτοῦ.</span> 
     </span>
    </p>
   </div>
   <div class='ocr_carea' id='block_1_4' title="bbox 275 569 1800 642">
    <p class='ocr_par' dir='ltr' id='par_1_4' title="bbox 275 569 1800 642">
     <span class='ocr_line' id='line_1_4' title="bbox 275 569 1800 642; baseline 0.002 -17"><span class='ocrx_word' id='word_1_8' title='bbox 275 569 385 625; x_wconf 88' lang='grc' dir='ltr'><strong>Τοῦ</strong></span> <span class='ocrx_word' id='word_1_9' title='bbox 411 570 687 642; x_wconf 83' lang='grc' dir='ltr'><strong>προφήτου</strong></span> <span class='ocrx_word' id='word_1_10' title='bbox 741 570 999 640; x_wconf 75' lang='grc' dir='ltr'>Ἰεζεκιὴλ</span> <span class='ocrx_word' id='word_1_11' title='bbox 1033 572 1304 641; x_wconf 77' lang='grc' dir='ltr'>φήσαντος</span> <span class='ocrx_word' id='word_1_12' title='bbox 1328 588 1341 601; x_wconf 88' lang='grc'><strong>·</strong></span> <span class='ocrx_word' id='word_1_13' title='bbox 1385 591 1403 623; x_wconf 82' lang='grc' dir='ltr'><strong>ι</strong></span> <span class='ocrx_word' id='word_1_14' title='bbox 1443 571 1554 626; x_wconf 79' lang='grc' dir='ltr'>Καὶ</span> <span class='ocrx_word' id='word_1_15' title='bbox 1583 573 1800 641; x_wconf 73' lang='grc' dir='ltr'>ἐγένετο</span> 
     </span>
    </p>
   </div>
   <div class='ocr_carea' id='block_1_5' title="bbox 202 659 1799 735">
    <p class='ocr_par' dir='ltr' id='par_1_5' title="bbox 202 659 1799 735">
     <span class='ocr_line' id='line_1_5' title="bbox 202 659 1799 735; baseline 0.001 -18"><span class='ocrx_word' id='word_1_16' title='bbox 202 665 291 718; x_wconf 68' lang='grc' dir='ltr'><strong>ἐπ’</strong></span> <span class='ocrx_word' id='word_1_17' title='bbox 324 663 426 734; x_wconf 75' lang='grc' dir='ltr'><strong>ἐμὲ</strong></span> <span class='ocrx_word' id='word_1_18' title='bbox 479 664 601 734; x_wconf 77' lang='grc' dir='ltr'>χεὶρ</span> <span class='ocrx_word' id='word_1_19' title='bbox 639 663 872 734; x_wconf 86' lang='grc' dir='ltr'><strong>Κυρίου,</strong></span> <span class='ocrx_word' id='word_1_20' title='bbox 924 664 1019 716; x_wconf 77' lang='grc' dir='ltr'><strong>καὶ</strong></span> <span class='ocrx_word' id='word_1_21' title='bbox 1064 659 1223 728; x_wconf 81' lang='grc' dir='ltr'>εἶδον,</span> <span class='ocrx_word' id='word_1_22' title='bbox 1281 665 1377 717; x_wconf 76' lang='grc' dir='ltr'><strong>καὶ</strong></span> <span class='ocrx_word' id='word_1_23' title='bbox 1421 663 1530 718; x_wconf 76' lang='grc' dir='ltr'>ἰδοὺ</span> <span class='ocrx_word' id='word_1_24' title='bbox 1579 665 1799 735; x_wconf 86' lang='grc' dir='ltr'>πνεῦμα</span> 
     </span>
    </p>
   </div>
   <div class='ocr_carea' id='block_1_6' title="bbox 200 754 1798 828">
    <p class='ocr_par' dir='ltr' id='par_1_6' title="bbox 200 754 1798 828">
     <span class='ocr_line' id='line_1_6' title="bbox 200 754 1798 828; baseline 0.003 -20"><span class='ocrx_word' id='word_1_25' title='bbox 200 754 422 826; x_wconf 81' lang='grc' dir='ltr'>ὲξαῖρον</span> <span class='ocrx_word' id='word_1_26' title='bbox 451 756 650 826; x_wconf 70' lang='grc' dir='ltr'>ἤρχετο</span> <span class='ocrx_word' id='word_1_27' title='bbox 678 755 787 808; x_wconf 78' lang='grc' dir='ltr'><strong>ἀπὸ</strong></span> <span class='ocrx_word' id='word_1_28' title='bbox 821 755 1021 828; x_wconf 76' lang='grc' dir='ltr'>Βορρᾶ·</span> <span class='ocrx_word' id='word_1_29' title='bbox 1039 775 1057 806; x_wconf 83' lang='grc'><strong>›</strong></span> <span class='ocrx_word' id='word_1_30' title='bbox 1091 755 1185 808; x_wconf 73' lang='grc' dir='ltr'><strong>καὶ</strong></span> <span class='ocrx_word' id='word_1_31' title='bbox 1213 755 1341 825; x_wconf 76' lang='grc' dir='ltr'><strong>ἑξῆς</strong></span> <span class='ocrx_word' id='word_1_32' title='bbox 1365 757 1631 821; x_wconf 79' lang='grc' dir='ltr'>εἰπόντος,</span> <span class='ocrx_word' id='word_1_33' title='bbox 1657 760 1798 813; x_wconf 78' lang='grc' dir='ltr'><strong>«Καὶ</strong></span> 
     </span>
    </p>
   </div>
   <div class='ocr_carea' id='block_1_7' title="bbox 198 845 1793 921">
    <p class='ocr_par' dir='ltr' id='par_1_7' title="bbox 198 845 1793 921">
     <span class='ocr_line' id='line_1_7' title="bbox 198 845 1793 921; baseline 0.001 -21"><span class='ocrx_word' id='word_1_34' title='bbox 198 849 260 900; x_wconf 76' lang='grc' dir='ltr'>ὲν</span> <span class='ocrx_word' id='word_1_35' title='bbox 289 846 369 917; x_wconf 82' lang='grc' dir='ltr'>τῷ</span> <span class='ocrx_word' id='word_1_36' title='bbox 406 847 576 917; x_wconf 87' lang='grc' dir='ltr'>μέσῳ,</span> <span class='ocrx_word' id='word_1_37' title='bbox 637 845 712 909; x_wconf 83' lang='grc' dir='ltr'>ὡς</span> <span class='ocrx_word' id='word_1_38' title='bbox 758 845 1012 917; x_wconf 85' lang='grc' dir='ltr'>ὁμοίωμα</span> <span class='ocrx_word' id='word_1_39' title='bbox 1068 847 1352 919; x_wconf 82' lang='grc' dir='ltr'><strong>τεσσάρων</strong></span> <span class='ocrx_word' id='word_1_40' title='bbox 1386 846 1559 912; x_wconf 80' lang='grc' dir='ltr'>ζώων.</span> <span class='ocrx_word' id='word_1_41' title='bbox 1618 851 1793 921; x_wconf 65' lang='lat' dir='ltr'><strong>Kell}</strong></span> 
     </span>
    </p>
   </div>
   <div class='ocr_carea' id='block_1_8' title="bbox 196 937 1795 1011">
    <p class='ocr_par' dir='ltr' id='par_1_8' title="bbox 196 937 1795 1011">
     <span class='ocr_line' id='line_1_8' title="bbox 196 937 1795 1011; baseline 0 -16"><span class='ocrx_word' id='word_1_42' title='bbox 196 941 399 1011; x_wconf 80' lang='grc' dir='ltr'>ὅρασις</span> <span class='ocrx_word' id='word_1_43' title='bbox 426 937 626 992; x_wconf 82' lang='grc' dir='ltr'>αὐτῶν·</span> <span class='ocrx_word' id='word_1_44' title='bbox 657 939 732 1001; x_wconf 87' lang='grc' dir='ltr'><strong>ὼς</strong></span> <span class='ocrx_word' id='word_1_45' title='bbox 755 939 1006 1009; x_wconf 78' lang='grc' dir='ltr'>ὁμοίωμα</span> <span class='ocrx_word' id='word_1_46' title='bbox 1038 939 1328 1010; x_wconf 84' lang='grc' dir='ltr'>ἀνθρώπου</span> <span class='ocrx_word' id='word_1_47' title='bbox 1361 942 1448 994; x_wconf 78' lang='grc' dir='ltr'><strong>ἐπ’</strong></span> <span class='ocrx_word' id='word_1_48' title='bbox 1475 942 1674 1005; x_wconf 76' lang='grc' dir='ltr'>αὐτοῖς,</span> <span class='ocrx_word' id='word_1_49' title='bbox 1702 943 1795 995; x_wconf 76' lang='grc' dir='ltr'><strong>καὶ</strong></span> 
     </span>
    </p>
   </div>
   <div class='ocr_carea' id='block_1_9' title="bbox 198 1029 1794 1104">
    <p class='ocr_par' dir='ltr' id='par_1_9' title="bbox 198 1029 1794 1104">
     <span class='ocr_line' id='line_1_9' title="bbox 198 1029 1794 1104; baseline 0.001 -20"><span class='ocrx_word' id='word_1_50' title='bbox 198 1033 475 1104; x_wconf 84' lang='grc' dir='ltr'>πρόσωπα</span> <span class='ocrx_word' id='word_1_51' title='bbox 497 1030 740 1101; x_wconf 87' lang='grc' dir='ltr'>τέσσαρα</span> <span class='ocrx_word' id='word_1_52' title='bbox 768 1029 845 1100; x_wconf 82' lang='grc' dir='ltr'><strong>τῷ</strong></span> <span class='ocrx_word' id='word_1_53' title='bbox 872 1030 971 1085; x_wconf 86' lang='grc' dir='ltr'>ένί.</span> <span class='ocrx_word' id='word_1_54' title='bbox 1023 1031 1137 1084; x_wconf 77' lang='grc' dir='ltr'><strong>Καὶ</strong></span> <span class='ocrx_word' id='word_1_55' title='bbox 1165 1031 1424 1102; x_wconf 80' lang='grc' dir='ltr'><strong>ὁμοίωσις</strong></span> <span class='ocrx_word' id='word_1_56' title='bbox 1444 1033 1550 1085; x_wconf 85' lang='grc' dir='ltr'><strong>τῶν</strong></span> <span class='ocrx_word' id='word_1_57' title='bbox 1581 1034 1794 1104; x_wconf 82' lang='grc' dir='ltr'>προσώ-</span> 
     </span>
    </p>
   </div>
   <div class='ocr_carea' id='block_1_10' title="bbox 199 1122 1792 1198">
    <p class='ocr_par' dir='ltr' id='par_1_10' title="bbox 199 1122 1792 1198">
     <span class='ocr_line' id='line_1_10' title="bbox 199 1122 1792 1198; baseline 0.003 -22"><span class='ocrx_word' id='word_1_58' title='bbox 199 1141 320 1176; x_wconf 91' lang='grc' dir='ltr'><strong>πων</strong></span> <span class='ocrx_word' id='word_1_59' title='bbox 370 1122 570 1184; x_wconf 75' lang='grc' dir='ltr'>αὐτῶν,</span> <span class='ocrx_word' id='word_1_60' title='bbox 629 1125 922 1195; x_wconf 88' lang='grc' dir='ltr'>πρόσωπον</span> <span class='ocrx_word' id='word_1_61' title='bbox 977 1123 1265 1196; x_wconf 80' lang='grc' dir='ltr'>ἀνθρώπου</span> <span class='ocrx_word' id='word_1_62' title='bbox 1339 1125 1433 1178; x_wconf 78' lang='grc' dir='ltr'><strong>καὶ</strong></span> <span class='ocrx_word' id='word_1_63' title='bbox 1501 1128 1792 1198; x_wconf 88' lang='grc' dir='ltr'>πρόσωπον</span> 
     </span>
    </p>
   </div>
   <div class='ocr_carea' id='block_1_11' title="bbox 194 1209 1789 1290">
    <p class='ocr_par' dir='ltr' id='par_1_11' title="bbox 194 1209 1789 1290">
     <span class='ocr_line' id='line_1_11' title="bbox 194 1209 1789 1290; baseline 0.005 -26"><span class='ocrx_word' id='word_1_64' title='bbox 194 1209 413 1277; x_wconf 87' lang='grc' dir='ltr'>λέοντος</span> <span class='ocrx_word' id='word_1_65' title='bbox 429 1215 492 1265; x_wconf 83' lang='grc' dir='ltr'>ὲκ</span> <span class='ocrx_word' id='word_1_66' title='bbox 513 1213 703 1279; x_wconf 80' lang='grc' dir='ltr'>δεξιῶν</span> <span class='ocrx_word' id='word_1_67' title='bbox 726 1219 839 1278; x_wconf 87' lang='grc' dir='ltr'>τοῖς</span> <span class='ocrx_word' id='word_1_68' title='bbox 855 1215 1139 1287; x_wconf 84' lang='grc' dir='ltr'>τέσσαρσι,</span> <span class='ocrx_word' id='word_1_69' title='bbox 1166 1216 1260 1268; x_wconf 76' lang='grc' dir='ltr'><strong>καὶ</strong></span> <span class='ocrx_word' id='word_1_70' title='bbox 1281 1217 1571 1286; x_wconf 88' lang='grc' dir='ltr'>πρόσωπον</span> <span class='ocrx_word' id='word_1_71' title='bbox 1591 1219 1789 1290; x_wconf 82' lang='grc' dir='ltr'><strong>μόσχου</strong></span> 
     </span>
    </p>
   </div>
   <div class='ocr_carea' id='block_1_12' title="bbox 195 1305 1788 1380">
    <p class='ocr_par' dir='ltr' id='par_1_12' title="bbox 195 1305 1788 1380">
     <span class='ocr_line' id='line_1_12' title="bbox 195 1305 1788 1380; baseline 0.004 -22"><span class='ocrx_word' id='word_1_72' title='bbox 195 1305 260 1370; x_wconf 79' lang='grc' dir='ltr'>ἐξ</span> <span class='ocrx_word' id='word_1_73' title='bbox 303 1305 606 1376; x_wconf 82' lang='grc' dir='ltr'>ἀριστερῶν</span> <span class='ocrx_word' id='word_1_74' title='bbox 662 1309 776 1368; x_wconf 85' lang='grc' dir='ltr'>τοῖς</span> <span class='ocrx_word' id='word_1_75' title='bbox 823 1307 1104 1376; x_wconf 88' lang='grc' dir='ltr'>τέσσαρσι.</span> <span class='ocrx_word' id='word_1_76' title='bbox 1163 1308 1273 1361; x_wconf 77' lang='grc' dir='ltr'>Καὶ</span> <span class='ocrx_word' id='word_1_77' title='bbox 1311 1309 1600 1380; x_wconf 88' lang='grc' dir='ltr'>πρόσωπον</span> <span class='ocrx_word' id='word_1_78' title='bbox 1629 1311 1788 1364; x_wconf 92' lang='grc' dir='ltr'>ἀετοῦ</span> 
     </span>
    </p>
   </div>
   <div class='ocr_carea' id='block_1_13' title="bbox 194 1397 1790 1470">
    <p class='ocr_par' dir='ltr' id='par_1_13' title="bbox 194 1397 1790 1470">
     <span class='ocr_line' id='line_1_13' title="bbox 194 1397 1790 1470; baseline 0.004 -21"><span class='ocrx_word' id='word_1_79' title='bbox 194 1399 311 1460; x_wconf 81' lang='grc' dir='ltr'>τοῖς</span> <span class='ocrx_word' id='word_1_80' title='bbox 339 1397 651 1468; x_wconf 83' lang='grc' dir='ltr'>τέσσαρσι·›</span> <span class='ocrx_word' id='word_1_81' title='bbox 682 1397 778 1450; x_wconf 70' lang='grc' dir='ltr'><strong>καὶ</strong></span> <span class='ocrx_word' id='word_1_82' title='bbox 835 1400 863 1450; x_wconf 88' lang='grc' dir='ltr'><strong>ό</strong></span> <span class='ocrx_word' id='word_1_83' title='bbox 911 1397 1139 1452; x_wconf 85' lang='grc' dir='ltr'>Πλάτων</span> <span class='ocrx_word' id='word_1_84' title='bbox 1197 1400 1421 1470; x_wconf 80' lang='grc' dir='ltr'>ὁμοίως,</span> <span class='ocrx_word' id='word_1_85' title='bbox 1452 1401 1703 1464; x_wconf 77' lang='grc' dir='ltr'>ἄκουσον,</span> <span class='ocrx_word' id='word_1_86' title='bbox 1755 1403 1790 1456; x_wconf 82' lang='grc' dir='ltr'>ἂ</span> 
     </span>
    </p>
   </div>
   <div class='ocr_carea' id='block_1_14' title="bbox 198 1488 1786 1564">
    <p class='ocr_par' dir='ltr' id='par_1_14' title="bbox 198 1488 1786 1564">
     <span class='ocr_line' id='line_1_14' title="bbox 198 1488 1786 1564; baseline 0.004 -24"><span class='ocrx_word' id='word_1_87' title='bbox 198 1506 358 1558; x_wconf 85' lang='grc' dir='ltr'>φησι·</span> <span class='ocrx_word' id='word_1_88' title='bbox 394 1508 412 1540; x_wconf 78' lang='grc' dir='ltr'><strong>ι</strong></span> <span class='ocrx_word' id='word_1_89' title='bbox 449 1488 565 1542; x_wconf 87' lang='grc' dir='ltr'>Νῦν</span> <span class='ocrx_word' id='word_1_90' title='bbox 618 1490 697 1554; x_wconf 84' lang='grc' dir='ltr'>δ’,</span> <span class='ocrx_word' id='word_1_91' title='bbox 773 1489 913 1558; x_wconf 76' lang='grc' dir='ltr'>ἔφην</span> <span class='ocrx_word' id='word_1_92' title='bbox 976 1490 1087 1561; x_wconf 82' lang='grc'><strong>(89)</strong></span> <span class='ocrx_word' id='word_1_93' title='bbox 1148 1491 1314 1562; x_wconf 76' lang='grc' dir='ltr'>αὐτῷ’</span> <span class='ocrx_word' id='word_1_94' title='bbox 1378 1493 1786 1564; x_wconf 84' lang='grc' dir='ltr'>Διαλεγώμεθα,</span> 
     </span>
    </p>
   </div>
   <div class='ocr_carea' id='block_1_15' title="bbox 191 1581 1786 1652">
    <p class='ocr_par' dir='ltr' id='par_1_15' title="bbox 191 1581 1786 1652">
     <span class='ocr_line' id='line_1_15' title="bbox 191 1581 1786 1652; baseline 0.004 -20"><span class='ocrx_word' id='word_1_95' title='bbox 191 1581 387 1650; x_wconf 67' lang='grc' dir='ltr'>ἐπειδὴ</span> <span class='ocrx_word' id='word_1_96' title='bbox 412 1581 954 1652; x_wconf 89' lang='grc' dir='ltr'>διωμολογησάμεθα,</span> <span class='ocrx_word' id='word_1_97' title='bbox 985 1583 1043 1634; x_wconf 91' lang='grc' dir='ltr'><strong>τό</strong></span> <span class='ocrx_word' id='word_1_98' title='bbox 1075 1599 1138 1634; x_wconf 90' lang='grc' dir='ltr'><strong>τε</strong></span> <span class='ocrx_word' id='word_1_99' title='bbox 1162 1584 1367 1637; x_wconf 84' lang='grc' dir='ltr'>ἀδικεῖν</span> <span class='ocrx_word' id='word_1_100' title='bbox 1395 1587 1489 1638; x_wconf 69' lang='grc' dir='ltr'><strong>καὶ</strong></span> <span class='ocrx_word' id='word_1_101' title='bbox 1519 1586 1579 1637; x_wconf 86' lang='grc' dir='ltr'><strong>τὸ</strong></span> <span class='ocrx_word' id='word_1_102' title='bbox 1604 1585 1786 1640; x_wconf 86' lang='grc' dir='ltr'>δίκαια</span> 
     </span>
    </p>
   </div>
   <div class='ocr_carea' id='block_1_16' title="bbox 192 1671 1786 1747">
    <p class='ocr_par' dir='ltr' id='par_1_16' title="bbox 192 1671 1786 1747">
     <span class='ocr_line' id='line_1_16' title="bbox 192 1671 1786 1747; baseline 0.003 -24"><span class='ocrx_word' id='word_1_103' title='bbox 192 1671 480 1742; x_wconf 69' lang='grc' dir='ltr'>πράττειν,</span> <span class='ocrx_word' id='word_1_104' title='bbox 518 1674 583 1743; x_wconf 79' lang='grc' dir='ltr'>ἣν</span> <span class='ocrx_word' id='word_1_105' title='bbox 612 1673 871 1744; x_wconf 76' lang='grc' dir='ltr'>ἑκάτερον</span> <span class='ocrx_word' id='word_1_106' title='bbox 897 1671 1009 1742; x_wconf 78' lang='grc' dir='ltr'>ἔχει</span> <span class='ocrx_word' id='word_1_107' title='bbox 1053 1673 1303 1744; x_wconf 88' lang='grc' dir='ltr'>δύναμιν.</span> <span class='ocrx_word' id='word_1_108' title='bbox 1364 1676 1523 1740; x_wconf 83' lang='grc' dir='ltr'><strong>Πῶς;</strong></span> <span class='ocrx_word' id='word_1_109' title='bbox 1568 1675 1693 1747; x_wconf 76' lang='grc' dir='ltr'>ἔφη.</span> <span class='ocrx_word' id='word_1_110' title='bbox 1717 1708 1786 1717; x_wconf 96' lang='lat'><strong>—</strong></span> 
     </span>
    </p>
   </div>
   <div class='ocr_carea' id='block_1_17' title="bbox 1419 269 2376 330">
    <p class='ocr_par' dir='ltr' id='par_1_17' title="bbox 1419 269 2376 330">
     <span class='ocr_line' id='line_1_17' title="bbox 1419 269 2376 330; baseline 0.001 -5"><span class='ocrx_word' id='word_1_111' title='bbox 1419 269 1744 328; x_wconf 66' lang='grc' dir='ltr'><strong>ΡΗᾹΣΡΑΒ.</strong></span> <span class='ocrx_word' id='word_1_112' title='bbox 1803 272 2054 330; x_wconf 75' lang='lat' dir='ltr'><strong>EVANG.</strong></span> <span class='ocrx_word' id='word_1_113' title='bbox 2097 271 2226 328; x_wconf 84' lang='lat' dir='ltr'><strong>LIB.</strong></span> <span class='ocrx_word' id='word_1_114' title='bbox 2264 272 2376 326; x_wconf 77' lang='lat' dir='ltr'><strong>XII.</strong></span> 
     </span>
    </p>
   </div>
   <div class='ocr_carea' id='block_1_18' title="bbox 1825 395 1878 452">
    <p class='ocr_par' dir='ltr' id='par_1_18' title="bbox 1825 395 1878 452">
     <span class='ocr_line' id='line_1_18' title="bbox 1825 395 1878 452; baseline 0 0"><span class='ocrx_word' id='word_1_115' title='bbox 1825 395 1878 452; x_wconf 77' lang='grc' dir='ltr'><strong>Α</strong></span> 
     </span>
    </p>
   </div>
   <div class='ocr_carea' id='block_1_19' title="bbox 3328 274 3490 329">
    <p class='ocr_par' dir='ltr' id='par_1_19' title="bbox 3328 274 3490 329">
     <span class='ocr_line' id='line_1_19' title="bbox 3328 274 3490 329; baseline 0.012 -2"><span class='ocrx_word' id='word_1_116' title='bbox 3328 274 3490 329; x_wconf 63' lang='grc'><strong>’1022</strong></span> 
     </span>
    </p>
   </div>
   <div class='ocr_carea' id='block_1_20' title="bbox 2475 387 2920 445">
    <p class='ocr_par' dir='ltr' id='par_1_20' title="bbox 2475 387 2920 445">
     <span class='ocr_line' id='line_1_20' title="bbox 2475 387 2920 445; baseline 0 -1"><span class='ocrx_word' id='word_1_117' title='bbox 2475 387 2706 445; x_wconf 82' lang='lat' dir='ltr'><strong>CAPUT</strong></span> <span class='ocrx_word' id='word_1_118' title='bbox 2735 388 2920 444; x_wconf 72' lang='lat' dir='ltr'><strong>XLVI.</strong></span> 
     </span>
    </p>
   </div>
   <div class='ocr_carea' id='block_1_21' title="bbox 2532 479 2845 535">
    <p class='ocr_par' dir='ltr' id='par_1_21' title="bbox 2532 479 2845 535">
     <span class='ocr_line' id='line_1_21' title="bbox 2532 479 2845 535; baseline 0.003 -2"><span class='ocrx_word' id='word_1_119' title='bbox 2532 479 2608 535; x_wconf 76' lang='lat' dir='ltr'><strong>De</strong></span> <span class='ocrx_word' id='word_1_120' title='bbox 2638 480 2845 534; x_wconf 79' lang='lat' dir='ltr'><strong>iisdem.</strong></span> 
     </span>
    </p>
   </div>
   <div class='ocr_carea' id='block_1_22' title="bbox 1982 573 3491 645">
    <p class='ocr_par' dir='ltr' id='par_1_22' title="bbox 1982 573 3491 645">
     <span class='ocr_line' id='line_1_22' title="bbox 1982 573 3491 645; baseline 0.003 -18"><span class='ocrx_word' id='word_1_121' title='bbox 1982 573 2287 628; x_wconf 85' lang='lat' dir='ltr'><strong>Ezechielis</strong></span> <span class='ocrx_word' id='word_1_122' title='bbox 2315 573 2596 645; x_wconf 63' lang='lat' dir='ltr'><strong>prophetae</strong></span> <span class='ocrx_word' id='word_1_123' title='bbox 2623 581 2708 628; x_wconf 87' lang='lat' dir='ltr'><strong>est</strong></span> <span class='ocrx_word' id='word_1_124' title='bbox 2737 575 2882 642; x_wconf 93' lang='lat' dir='ltr'><strong>quod</strong></span> <span class='ocrx_word' id='word_1_125' title='bbox 2924 575 3172 644; x_wconf 76' lang='lat' dir='ltr'><strong>sequitur</strong></span> <span class='ocrx_word' id='word_1_126' title='bbox 3211 594 3224 629; x_wconf 91' lang='lat'><strong>:</strong></span> <span class='ocrx_word' id='word_1_127' title='bbox 3265 595 3284 628; x_wconf 81' lang='grc' dir='ltr'><strong>ι</strong></span> <span class='ocrx_word' id='word_1_128' title='bbox 3317 575 3382 629; x_wconf 87' lang='lat' dir='ltr'><strong>Et</strong></span> <span class='ocrx_word' id='word_1_129' title='bbox 3409 575 3491 631; x_wconf 82' lang='lat' dir='ltr'><strong>fa-</strong></span> 
     </span>
    </p>
   </div>
   <div class='ocr_carea' id='block_1_23' title="bbox 1904 661 3488 732">
    <p class='ocr_par' dir='ltr' id='par_1_23' title="bbox 1904 661 3488 732">
     <span class='ocr_line' id='line_1_23' title="bbox 1904 661 3488 732; baseline 0.001 -14"><span class='ocrx_word' id='word_1_130' title='bbox 1904 672 1992 718; x_wconf 88' lang='lat' dir='ltr'><strong>cta</strong></span> <span class='ocrx_word' id='word_1_131' title='bbox 2037 672 2123 718; x_wconf 91' lang='lat' dir='ltr'><strong>est</strong></span> <span class='ocrx_word' id='word_1_132' title='bbox 2169 678 2334 732; x_wconf 83' lang='lat' dir='ltr'><strong>super</strong></span> <span class='ocrx_word' id='word_1_133' title='bbox 2379 677 2466 716; x_wconf 91' lang='lat' dir='ltr'><strong>me</strong></span> <span class='ocrx_word' id='word_1_134' title='bbox 2519 677 2716 716; x_wconf 90' lang='lat' dir='ltr'><strong>manus</strong></span> <span class='ocrx_word' id='word_1_135' title='bbox 2755 661 2993 728; x_wconf 89' lang='lat' dir='ltr'><strong>Domini,</strong></span> <span class='ocrx_word' id='word_1_136' title='bbox 3027 675 3080 718; x_wconf 91' lang='lat' dir='ltr'><strong>et</strong></span> <span class='ocrx_word' id='word_1_137' title='bbox 3121 665 3252 729; x_wconf 88' lang='lat' dir='ltr'><strong>vidi,</strong></span> <span class='ocrx_word' id='word_1_138' title='bbox 3279 676 3333 720; x_wconf 90' lang='lat' dir='ltr'><strong>et</strong></span> <span class='ocrx_word' id='word_1_139' title='bbox 3360 681 3488 720; x_wconf 87' lang='lat' dir='ltr'><strong>ecce</strong></span> 
     </span>
    </p>
   </div>
   <div class='ocr_carea' id='block_1_24' title="bbox 1901 755 3487 826">
    <p class='ocr_par' dir='ltr' id='par_1_24' title="bbox 1901 755 3487 826">
     <span class='ocr_line' id='line_1_24' title="bbox 1901 755 3487 826; baseline 0 -15"><span class='ocrx_word' id='word_1_140' title='bbox 1901 765 2101 811; x_wconf 77' lang='lat' dir='ltr'><strong>ventus</strong></span> <span class='ocrx_word' id='word_1_141' title='bbox 2149 755 2386 810; x_wconf 87' lang='lat' dir='ltr'><strong>turbinis</strong></span> <span class='ocrx_word' id='word_1_142' title='bbox 2414 755 2667 809; x_wconf 89' lang='lat' dir='ltr'><strong>veniebat</strong></span> <span class='ocrx_word' id='word_1_143' title='bbox 2696 755 2766 809; x_wconf 91' lang='lat' dir='ltr'><strong>ab</strong></span> <span class='ocrx_word' id='word_1_144' title='bbox 2797 755 3067 824; x_wconf 85' lang='lat' dir='ltr'><strong>Aquilone</strong></span> <span class='ocrx_word' id='word_1_145' title='bbox 3089 758 3105 788; x_wconf 84' lang='grc'>¹</span> <span class='ocrx_word' id='word_1_146' title='bbox 3139 775 3152 810; x_wconf 87' lang='lat'>:</span> <span class='ocrx_word' id='word_1_147' title='bbox 3182 776 3199 808; x_wconf 75' lang='grc' dir='ltr'><strong>ι</strong></span> <span class='ocrx_word' id='word_1_148' title='bbox 3235 769 3289 810; x_wconf 91' lang='lat' dir='ltr'><strong>et</strong></span> <span class='ocrx_word' id='word_1_149' title='bbox 3325 757 3487 826; x_wconf 86' lang='lat' dir='ltr'><strong>paulo</strong></span> 
     </span>
    </p>
   </div>
   <div class='ocr_carea' id='block_1_25' title="bbox 1901 846 3486 918">
    <p class='ocr_par' dir='ltr' id='par_1_25' title="bbox 1901 846 3486 918">
     <span class='ocr_line' id='line_1_25' title="bbox 1901 846 3486 918; baseline 0.001 -17"><span class='ocrx_word' id='word_1_150' title='bbox 1901 857 2023 918; x_wconf 87' lang='lat' dir='ltr'><strong>post</strong></span> <span class='ocrx_word' id='word_1_151' title='bbox 2052 865 2066 900; x_wconf 92' lang='lat'><strong>:</strong></span> <span class='ocrx_word' id='word_1_152' title='bbox 2103 867 2120 898; x_wconf 78' lang='grc' dir='ltr'><strong>ι</strong></span> <span class='ocrx_word' id='word_1_153' title='bbox 2151 846 2217 901; x_wconf 85' lang='lat' dir='ltr'><strong>Et</strong></span> <span class='ocrx_word' id='word_1_154' title='bbox 2241 848 2297 900; x_wconf 90' lang='lat' dir='ltr'><strong>in</strong></span> <span class='ocrx_word' id='word_1_155' title='bbox 2329 847 2531 910; x_wconf 83' lang='lat' dir='ltr'><strong>medio,</strong></span> <span class='ocrx_word' id='word_1_156' title='bbox 2563 848 2723 916; x_wconf 88' lang='lat' dir='ltr'><strong>quasi</strong></span> <span class='ocrx_word' id='word_1_157' title='bbox 2759 847 3062 902; x_wconf 70' lang='lat' dir='ltr'><strong>similitudo</strong></span> <span class='ocrx_word' id='word_1_158' title='bbox 3097 856 3336 917; x_wconf 85' lang='lat' dir='ltr'><strong>quatuor</strong></span> <span class='ocrx_word' id='word_1_159' title='bbox 3365 849 3486 902; x_wconf 86' lang='lat' dir='ltr'><strong>ani-</strong></span> 
     </span>
    </p>
   </div>
   <div class='ocr_carea' id='block_1_26' title="bbox 1899 936 3485 1006">
    <p class='ocr_par' dir='ltr' id='par_1_26' title="bbox 1899 936 3485 1006">
     <span class='ocr_line' id='line_1_26' title="bbox 1899 936 3485 1006; baseline 0.001 -14"><span class='ocrx_word' id='word_1_160' title='bbox 1899 938 2152 992; x_wconf 88' lang='lat' dir='ltr'><strong>malinm.</strong></span> <span class='ocrx_word' id='word_1_161' title='bbox 2181 936 2248 991; x_wconf 87' lang='lat' dir='ltr'><strong>Et</strong></span> <span class='ocrx_word' id='word_1_162' title='bbox 2297 939 2385 992; x_wconf 88' lang='lat' dir='ltr'><strong>hic</strong></span> <span class='ocrx_word' id='word_1_163' title='bbox 2427 947 2684 1006; x_wconf 86' lang='lat' dir='ltr'><strong>aspectus</strong></span> <span class='ocrx_word' id='word_1_164' title='bbox 2731 953 2945 993; x_wconf 86' lang='lat' dir='ltr'><strong>eorum.</strong></span> <span class='ocrx_word' id='word_1_165' title='bbox 2975 939 3142 1003; x_wconf 82' lang='lat' dir='ltr'><strong>Quasi</strong></span> <span class='ocrx_word' id='word_1_166' title='bbox 3179 938 3485 993; x_wconf 84' lang='lat' dir='ltr'><strong>similitudo</strong></span> 
     </span>
    </p>
   </div>
   <div class='ocr_carea' id='block_1_27' title="bbox 1900 1029 3484 1100">
    <p class='ocr_par' dir='ltr' id='par_1_27' title="bbox 1900 1029 3484 1100">
     <span class='ocr_line' id='line_1_27' title="bbox 1900 1029 3484 1100; baseline 0.001 -16"><span class='ocrx_word' id='word_1_167' title='bbox 1900 1031 2140 1085; x_wconf 85' lang='lat' dir='ltr'><strong>hominis</strong></span> <span class='ocrx_word' id='word_1_168' title='bbox 2187 1031 2242 1084; x_wconf 91' lang='lat' dir='ltr'><strong>in</strong></span> <span class='ocrx_word' id='word_1_169' title='bbox 2293 1032 2395 1095; x_wconf 90' lang='lat' dir='ltr'><strong>eis,</strong></span> <span class='ocrx_word' id='word_1_170' title='bbox 2427 1042 2482 1085; x_wconf 91' lang='lat' dir='ltr'><strong>et</strong></span> <span class='ocrx_word' id='word_1_171' title='bbox 2531 1040 2768 1100; x_wconf 87' lang='lat' dir='ltr'><strong>quatuor</strong></span> <span class='ocrx_word' id='word_1_172' title='bbox 2823 1029 2992 1084; x_wconf 79' lang='lat' dir='ltr'><strong>facies</strong></span> <span class='ocrx_word' id='word_1_173' title='bbox 3020 1031 3134 1084; x_wconf 93' lang='lat' dir='ltr'><strong>uni.</strong></span> <span class='ocrx_word' id='word_1_174' title='bbox 3170 1029 3484 1085; x_wconf 84' lang='lat' dir='ltr'><strong>Similitudo</strong></span> 
     </span>
    </p>
   </div>
   <div class='ocr_carea' id='block_1_28' title="bbox 1899 1123 3480 1187">
    <p class='ocr_par' dir='ltr' id='par_1_28' title="bbox 1899 1123 3480 1187">
     <span class='ocr_line' id='line_1_28' title="bbox 1899 1123 3480 1187; baseline 0.001 -7"><span class='ocrx_word' id='word_1_175' title='bbox 1899 1135 2080 1180; x_wconf 89' lang='lat' dir='ltr'><strong>autem</strong></span> <span class='ocrx_word' id='word_1_176' title='bbox 2145 1124 2386 1176; x_wconf 78' lang='lat' dir='ltr'><strong>vultuum</strong></span> <span class='ocrx_word' id='word_1_177' title='bbox 2443 1139 2657 1186; x_wconf 85' lang='lat' dir='ltr'><strong>eorum,</strong></span> <span class='ocrx_word' id='word_1_178' title='bbox 2702 1123 2871 1178; x_wconf 81' lang='lat' dir='ltr'><strong>facies</strong></span> <span class='ocrx_word' id='word_1_179' title='bbox 2924 1124 3184 1187; x_wconf 85' lang='lat' dir='ltr'><strong>hominis,</strong></span> <span class='ocrx_word' id='word_1_180' title='bbox 3213 1133 3268 1177; x_wconf 93' lang='lat' dir='ltr'><strong>et</strong></span> <span class='ocrx_word' id='word_1_181' title='bbox 3313 1123 3480 1182; x_wconf 82' lang='lat' dir='ltr'><strong>facies</strong></span> 
     </span>
    </p>
   </div>
   <div class='ocr_carea' id='block_1_29' title="bbox 1898 1215 3476 1286">
    <p class='ocr_par' dir='ltr' id='par_1_29' title="bbox 1898 1215 3476 1286">
     <span class='ocr_line' id='line_1_29' title="bbox 1898 1215 3476 1286; baseline -0.003 -14"><span class='ocrx_word' id='word_1_182' title='bbox 1898 1218 2075 1272; x_wconf 79' lang='lat' dir='ltr'><strong>leonis</strong></span> <span class='ocrx_word' id='word_1_183' title='bbox 2132 1231 2164 1270; x_wconf 89' lang='lat' dir='ltr'><strong>a</strong></span> <span class='ocrx_word' id='word_1_184' title='bbox 2217 1216 2425 1270; x_wconf 80' lang='lat' dir='ltr'><strong>dextris</strong></span> <span class='ocrx_word' id='word_1_185' title='bbox 2473 1217 2717 1286; x_wconf 90' lang='lat' dir='ltr'><strong>ipsorum</strong></span> <span class='ocrx_word' id='word_1_186' title='bbox 2773 1225 3038 1285; x_wconf 87' lang='lat' dir='ltr'><strong>quatuor;</strong></span> <span class='ocrx_word' id='word_1_187' title='bbox 3078 1215 3247 1271; x_wconf 80' lang='lat' dir='ltr'><strong>facies</strong></span> <span class='ocrx_word' id='word_1_188' title='bbox 3295 1226 3476 1269; x_wconf 86' lang='lat' dir='ltr'><strong>autem</strong></span> 
     </span>
    </p>
   </div>
   <div class='ocr_carea' id='block_1_30' title="bbox 1897 1304 3480 1374">
    <p class='ocr_par' dir='ltr' id='par_1_30' title="bbox 1897 1304 3480 1374">
     <span class='ocr_line' id='line_1_30' title="bbox 1897 1304 3480 1374; baseline -0.003 -11"><span class='ocrx_word' id='word_1_189' title='bbox 1897 1306 2055 1364; x_wconf 88' lang='lat' dir='ltr'><strong>vituli</strong></span> <span class='ocrx_word' id='word_1_190' title='bbox 2083 1324 2112 1362; x_wconf 92' lang='lat' dir='ltr'><strong>a</strong></span> <span class='ocrx_word' id='word_1_191' title='bbox 2144 1305 2382 1360; x_wconf 87' lang='lat' dir='ltr'><strong>sinistris</strong></span> <span class='ocrx_word' id='word_1_192' title='bbox 2417 1309 2660 1374; x_wconf 87' lang='lat' dir='ltr'><strong>ipsorum</strong></span> <span class='ocrx_word' id='word_1_193' title='bbox 2699 1315 2956 1374; x_wconf 68' lang='lat' dir='ltr'><strong>quatuor.</strong></span> <span class='ocrx_word' id='word_1_194' title='bbox 2991 1304 3057 1358; x_wconf 87' lang='lat' dir='ltr'><strong>Et</strong></span> <span class='ocrx_word' id='word_1_195' title='bbox 3089 1305 3254 1360; x_wconf 80' lang='lat' dir='ltr'><strong>facies</strong></span> <span class='ocrx_word' id='word_1_196' title='bbox 3283 1305 3480 1373; x_wconf 76' lang='lat' dir='ltr'><strong>aquila:</strong></span> 
     </span>
    </p>
   </div>
   <div class='ocr_carea' id='block_1_31' title="bbox 1898 1395 3475 1470">
    <p class='ocr_par' dir='ltr' id='par_1_31' title="bbox 1898 1395 3475 1470">
     <span class='ocr_line' id='line_1_31' title="bbox 1898 1395 3475 1470; baseline -0.004 -16"><span class='ocrx_word' id='word_1_197' title='bbox 1898 1401 2144 1470; x_wconf 88' lang='lat' dir='ltr'><strong>ipsorum</strong></span> <span class='ocrx_word' id='word_1_198' title='bbox 2193 1401 2491 1468; x_wconf 63' lang='lat' dir='ltr'><strong>quatuor”.</strong></span> <span class='ocrx_word' id='word_1_199' title='bbox 2533 1417 2550 1448; x_wconf 82' lang='grc'>›</span> <span class='ocrx_word' id='word_1_200' title='bbox 2607 1395 2762 1450; x_wconf 87' lang='lat' dir='ltr'><strong>Nunc</strong></span> <span class='ocrx_word' id='word_1_201' title='bbox 2810 1397 3019 1451; x_wconf 88' lang='lat' dir='ltr'><strong>audisis</strong></span> <span class='ocrx_word' id='word_1_202' title='bbox 3068 1412 3232 1466; x_wconf 89' lang='lat' dir='ltr'><strong>quam</strong></span> <span class='ocrx_word' id='word_1_203' title='bbox 3279 1396 3475 1450; x_wconf 86' lang='lat' dir='ltr'><strong>similia</strong></span> 
     </span>
    </p>
   </div>
   <div class='ocr_carea' id='block_1_32' title="bbox 1895 1489 3477 1560">
    <p class='ocr_par' dir='ltr' id='par_1_32' title="bbox 1895 1489 3477 1560">
     <span class='ocr_line' id='line_1_32' title="bbox 1895 1489 3477 1560; baseline -0.001 -14"><span class='ocrx_word' id='word_1_204' title='bbox 1895 1492 2047 1546; x_wconf 83' lang='lat' dir='ltr'><strong>Plato</strong></span> <span class='ocrx_word' id='word_1_205' title='bbox 2064 1493 2338 1560; x_wconf 89' lang='lat' dir='ltr'><strong>loquatur.</strong></span> <span class='ocrx_word' id='word_1_206' title='bbox 2370 1510 2386 1540; x_wconf 76' lang='grc' dir='ltr'><strong>ι</strong></span> <span class='ocrx_word' id='word_1_207' title='bbox 2413 1489 2532 1543; x_wconf 84' lang='lat' dir='ltr'><strong>Jam</strong></span> <span class='ocrx_word' id='word_1_208' title='bbox 2565 1506 2695 1543; x_wconf 88' lang='lat' dir='ltr'><strong>vero</strong></span> <span class='ocrx_word' id='word_1_209' title='bbox 2719 1490 2816 1559; x_wconf 87' lang='lat' dir='ltr'><strong>(sic</strong></span> <span class='ocrx_word' id='word_1_210' title='bbox 2847 1490 2911 1543; x_wconf 90' lang='lat' dir='ltr'><strong>ad</strong></span> <span class='ocrx_word' id='word_1_211' title='bbox 2939 1489 3118 1558; x_wconf 89' lang='lat' dir='ltr'><strong>ipsum</strong></span> <span class='ocrx_word' id='word_1_212' title='bbox 3148 1491 3267 1558; x_wconf 81' lang='lat' dir='ltr'><strong>ego)</strong></span> <span class='ocrx_word' id='word_1_213' title='bbox 3283 1489 3384 1544; x_wconf 90' lang='lat' dir='ltr'><strong>hac</strong></span> <span class='ocrx_word' id='word_1_214' title='bbox 3409 1490 3477 1544; x_wconf 87' lang='lat' dir='ltr'><strong>de</strong></span> 
     </span>
    </p>
   </div>
   <div class='ocr_carea' id='block_1_33' title="bbox 1894 1581 3476 1655">
    <p class='ocr_par' dir='ltr' id='par_1_33' title="bbox 1894 1581 3476 1655">
     <span class='ocr_line' id='line_1_33' title="bbox 1894 1581 3476 1655; baseline -0.002 -16"><span class='ocrx_word' id='word_1_215' title='bbox 1894 1602 1953 1640; x_wconf 91' lang='lat' dir='ltr'><strong>re</strong></span> <span class='ocrx_word' id='word_1_216' title='bbox 1974 1584 2442 1655; x_wconf 80' lang='lat' dir='ltr'><strong>phi|050phemnr,</strong></span> <span class='ocrx_word' id='word_1_217' title='bbox 2473 1581 2916 1651; x_wconf 84' lang='lat' dir='ltr'><strong>quandoquidem</strong></span> <span class='ocrx_word' id='word_1_218' title='bbox 2959 1581 3101 1634; x_wconf 89' lang='lat' dir='ltr'><strong>inter</strong></span> <span class='ocrx_word' id='word_1_219' title='bbox 3140 1595 3241 1635; x_wconf 93' lang='lat' dir='ltr'><strong>nos</strong></span> <span class='ocrx_word' id='word_1_220' title='bbox 3275 1597 3476 1636; x_wconf 88' lang='lat' dir='ltr'><strong>conve-</strong></span> 
     </span>
    </p>
   </div>
   <div class='ocr_carea' id='block_1_34' title="bbox 1893 1672 3474 1746">
    <p class='ocr_par' dir='ltr' id='par_1_34' title="bbox 1893 1672 3474 1746">
     <span class='ocr_line' id='line_1_34' title="bbox 1893 1672 3474 1746; baseline -0.004 -14"><span class='ocrx_word' id='word_1_221' title='bbox 1893 1679 1995 1742; x_wconf 76' lang='lat' dir='ltr'><strong>nit,</strong></span> <span class='ocrx_word' id='word_1_222' title='bbox 2029 1676 2244 1746; x_wconf 89' lang='lat' dir='ltr'><strong>qualem</strong></span> <span class='ocrx_word' id='word_1_223' title='bbox 2273 1673 2475 1743; x_wconf 85' lang='lat' dir='ltr'><strong>injuste</strong></span> <span class='ocrx_word' id='word_1_224' title='bbox 2503 1689 2566 1728; x_wconf 92' lang='lat' dir='ltr'><strong>ac</strong></span> <span class='ocrx_word' id='word_1_225' title='bbox 2590 1673 2738 1742; x_wconf 89' lang='lat' dir='ltr'><strong>juste</strong></span> <span class='ocrx_word' id='word_1_226' title='bbox 2767 1689 2826 1727; x_wconf 89' lang='lat' dir='ltr'><strong>se</strong></span> <span class='ocrx_word' id='word_1_227' title='bbox 2859 1687 3046 1742; x_wconf 77' lang='lat' dir='ltr'><strong>gerere</strong></span> <span class='ocrx_word' id='word_1_228' title='bbox 3082 1673 3187 1725; x_wconf 89' lang='lat' dir='ltr'><strong>vim</strong></span> <span class='ocrx_word' id='word_1_229' title='bbox 3216 1682 3270 1727; x_wconf 92' lang='lat' dir='ltr'><strong>et</strong></span> <span class='ocrx_word' id='word_1_230' title='bbox 3299 1672 3474 1726; x_wconf 81' lang='lat' dir='ltr'><strong>ratio-</strong></span> 
     </span>
    </p>
   </div>
   <div class='ocr_carea' id='block_1_35' title="bbox 188 1759 1779 1839">
    <p class='ocr_par' dir='ltr' id='par_1_35' title="bbox 188 1759 1779 1839">
     <span class='ocr_line' id='line_1_35' title="bbox 188 1759 1779 1839; baseline 0.004 -23"><span class='ocrx_word' id='word_1_231' title='bbox 188 1759 396 1816; x_wconf 77' lang='grc' dir='ltr'>Εἱκόνα</span> <span class='ocrx_word' id='word_1_232' title='bbox 424 1763 725 1828; x_wconf 84' lang='grc' dir='ltr'>πλάσαντες</span> <span class='ocrx_word' id='word_1_233' title='bbox 759 1765 857 1835; x_wconf 77' lang='grc' dir='ltr'><strong>τῆς</strong></span> <span class='ocrx_word' id='word_1_234' title='bbox 882 1765 1062 1836; x_wconf 75' lang='grc' dir='ltr'>ψυχῆς</span> <span class='ocrx_word' id='word_1_235' title='bbox 1090 1766 1252 1837; x_wconf 86' lang='grc' dir='ltr'>λόγῳ,</span> <span class='ocrx_word' id='word_1_236' title='bbox 1279 1768 1365 1821; x_wconf 83' lang='grc' dir='ltr'><strong>ἵνα</strong></span> <span class='ocrx_word' id='word_1_237' title='bbox 1407 1768 1520 1839; x_wconf 83' lang='grc' dir='ltr'>εἰδῇ</span> <span class='ocrx_word' id='word_1_238' title='bbox 1553 1770 1582 1820; x_wconf 85' lang='grc' dir='ltr'>ὁ</span> <span class='ocrx_word' id='word_1_239' title='bbox 1607 1772 1779 1822; x_wconf 81' lang='grc' dir='ltr'>ἐκεῖνα</span> 
     </span>
    </p>
   </div>
   <div class='ocr_carea' id='block_1_36' title="bbox 1882 1759 3474 1839">
    <p class='ocr_par' dir='ltr' id='par_1_36' title="bbox 1892 1763 3474 1833">
     <span class='ocr_line' id='line_1_36' title="bbox 1892 1763 3474 1833; baseline -0.004 -10"><span class='ocrx_word' id='word_1_240' title='bbox 1892 1785 2016 1823; x_wconf 90' lang='lat' dir='ltr'><strong>nem</strong></span> <span class='ocrx_word' id='word_1_241' title='bbox 2038 1765 2637 1830; x_wconf 84' lang='lat' dir='ltr'><strong>haheat.—Quomodo,</strong></span> <span class='ocrx_word' id='word_1_242' title='bbox 2663 1763 2863 1832; x_wconf 87' lang='lat' dir='ltr'><strong>inquit,</strong></span> <span class='ocrx_word' id='word_1_243' title='bbox 2882 1764 3254 1833; x_wconf 84' lang='lat' dir='ltr'><strong>philosophari</strong></span> <span class='ocrx_word' id='word_1_244' title='bbox 3275 1763 3474 1832; x_wconf 81' lang='lat' dir='ltr'><strong>placet?</strong></span> 
     </span>
    </p>
   </div>
   <div class='ocr_carea' id='block_1_37' title="bbox 163 1853 1789 1929">
    <p class='ocr_par' dir='ltr' id='par_1_37' title="bbox 163 1853 1789 1929">
     <span class='ocr_line' id='line_1_37' title="bbox 163 1853 1789 1929; baseline 0.004 -23"><span class='ocrx_word' id='word_1_245' title='bbox 163 1902 166 1903; x_wconf 35' lang='grc' dir='ltr'><strong>ν</strong></span> <span class='ocrx_word' id='word_1_246' title='bbox 187 1853 390 1923; x_wconf 70' lang='grc' dir='ltr'>λέγων,</span> <span class='ocrx_word' id='word_1_247' title='bbox 417 1856 533 1908; x_wconf 85' lang='grc' dir='ltr'>οῖαν</span> <span class='ocrx_word' id='word_1_248' title='bbox 566 1855 815 1924; x_wconf 81' lang='grc' dir='ltr'>έλεγε.-</span> <span class='ocrx_word' id='word_1_249' title='bbox 836 1856 1000 1910; x_wconf 81' lang='grc' dir='ltr'>Ποίαν</span> <span class='ocrx_word' id='word_1_250' title='bbox 1022 1859 1172 1922; x_wconf 82' lang='grc' dir='ltr'>τινά;</span> <span class='ocrx_word' id='word_1_251' title='bbox 1203 1855 1284 1929; x_wconf 77' lang='grc' dir='ltr'><strong>ἧδ’</strong></span> <span class='ocrx_word' id='word_1_252' title='bbox 1303 1861 1453 1922; x_wconf 80' lang='grc' dir='ltr'><strong>ὄς.-</strong></span> <span class='ocrx_word' id='word_1_253' title='bbox 1473 1860 1593 1913; x_wconf 81' lang='grc' dir='ltr'><strong>Τῶν</strong></span> <span class='ocrx_word' id='word_1_254' title='bbox 1616 1860 1789 1913; x_wconf 85' lang='grc' dir='ltr'>τοιού-</span> 
     </span>
    </p>
   </div>
   <div class='ocr_carea' id='block_1_38' title="bbox 186 1939 1786 2016">
    <p class='ocr_par' dir='ltr' id='par_1_38' title="bbox 186 1939 1786 2016">
     <span class='ocr_line' id='line_1_38' title="bbox 186 1939 1786 2016; baseline 0.001 -18"><span class='ocrx_word' id='word_1_255' title='bbox 186 1962 301 1998; x_wconf 78' lang='grc' dir='ltr'><strong>των</strong></span> <span class='ocrx_word' id='word_1_256' title='bbox 335 1944 476 2008; x_wconf 76' lang='grc' dir='ltr'>τινὰ,</span> <span class='ocrx_word' id='word_1_257' title='bbox 506 1941 573 2016; x_wconf 76' lang='grc' dir='ltr'>ἦν</span> <span class='ocrx_word' id='word_1_258' title='bbox 597 1944 640 1996; x_wconf 85' lang='grc' dir='ltr'>δ’</span> <span class='ocrx_word' id='word_1_259' title='bbox 669 1945 798 2014; x_wconf 78' lang='grc' dir='ltr'>ἐγὼ,</span> <span class='ocrx_word' id='word_1_260' title='bbox 827 1939 936 1998; x_wconf 75' lang='grc' dir='ltr'>οἷαι</span> <span class='ocrx_word' id='word_1_261' title='bbox 966 1945 1389 2016; x_wconf 82' lang='grc' dir='ltr'>μυθολογοῦνται</span> <span class='ocrx_word' id='word_1_262' title='bbox 1426 1946 1652 2000; x_wconf 86' lang='grc' dir='ltr'>παλαιαί</span> <span class='ocrx_word' id='word_1_263' title='bbox 1692 1965 1786 2016; x_wconf 85' lang='grc' dir='ltr'>γε-</span> 
     </span>
    </p>
   </div>
   <div class='ocr_carea' id='block_1_39' title="bbox 185 2018 1786 2108">
    <p class='ocr_par' dir='ltr' id='par_1_39' title="bbox 185 2018 1786 2108">
     <span class='ocr_line' id='line_1_39' title="bbox 185 2018 1786 2108; baseline -0.001 -19"><span class='ocrx_word' id='word_1_264' title='bbox 185 2018 381 2089; x_wconf 78' lang='grc' dir='ltr'>νέσθαι</span> <span class='ocrx_word' id='word_1_265' title='bbox 412 2033 622 2103; x_wconf 85' lang='grc' dir='ltr'>φύσεις,</span> <span class='ocrx_word' id='word_1_266' title='bbox 671 2035 705 2105; x_wconf 80' lang='grc' dir='ltr'>ἥ</span> <span class='ocrx_word' id='word_1_267' title='bbox 737 2053 798 2087; x_wconf 89' lang='grc' dir='ltr'><strong>τε</strong></span> <span class='ocrx_word' id='word_1_268' title='bbox 852 2035 1153 2108; x_wconf 81' lang='grc' dir='ltr'><strong>Χιμαίρας,</strong></span> <span class='ocrx_word' id='word_1_269' title='bbox 1187 2035 1280 2088; x_wconf 74' lang='grc' dir='ltr'><strong>καὶ</strong></span> <span class='ocrx_word' id='word_1_270' title='bbox 1322 2038 1355 2107; x_wconf 78' lang='grc' dir='ltr'>ἡ</span> <span class='ocrx_word' id='word_1_271' title='bbox 1400 2035 1662 2107; x_wconf 84' lang='grc' dir='ltr'><strong>Σκύλλης,</strong></span> <span class='ocrx_word' id='word_1_272' title='bbox 1693 2037 1786 2090; x_wconf 79' lang='grc' dir='ltr'><strong>καὶ</strong></span> 
     </span>
    </p>
   </div>
   <div class='ocr_carea' id='block_1_40' title="bbox 184 2127 1785 2199">
    <p class='ocr_par' dir='ltr' id='par_1_40' title="bbox 184 2127 1785 2199">
     <span class='ocr_line' id='line_1_40' title="bbox 184 2127 1785 2199; baseline -0.001 -18"><span class='ocrx_word' id='word_1_273' title='bbox 184 2127 498 2199; x_wconf 77' lang='grc' dir='ltr'>Κερϐέρου,</span> <span class='ocrx_word' id='word_1_274' title='bbox 547 2128 642 2180; x_wconf 77' lang='grc' dir='ltr'>καὶ</span> <span class='ocrx_word' id='word_1_275' title='bbox 698 2127 854 2181; x_wconf 80' lang='grc' dir='ltr'>ἄλλαι</span> <span class='ocrx_word' id='word_1_276' title='bbox 896 2127 1041 2187; x_wconf 84' lang='grc' dir='ltr'>τινὲς</span> <span class='ocrx_word' id='word_1_277' title='bbox 1092 2128 1286 2198; x_wconf 85' lang='grc' dir='ltr'><strong>συχναί⁹</strong></span> <span class='ocrx_word' id='word_1_278' title='bbox 1346 2127 1595 2196; x_wconf 87' lang='grc' dir='ltr'>λέγονται</span> <span class='ocrx_word' id='word_1_279' title='bbox 1645 2145 1785 2198; x_wconf 92' lang='grc' dir='ltr'>συμ-</span> 
     </span>
    </p>
   </div>
   <div class='ocr_carea' id='block_1_41' title="bbox 183 2217 1782 2290">
    <p class='ocr_par' dir='ltr' id='par_1_41' title="bbox 183 2217 1782 2290">
     <span class='ocr_line' id='line_1_41' title="bbox 183 2217 1782 2290; baseline -0.001 -18"><span class='ocrx_word' id='word_1_280' title='bbox 183 2221 492 2287; x_wconf 79' lang='grc' dir='ltr'>πεφυκυῖαι</span> <span class='ocrx_word' id='word_1_281' title='bbox 516 2217 648 2270; x_wconf 91' lang='grc' dir='ltr'>ἰδέαι</span> <span class='ocrx_word' id='word_1_282' title='bbox 663 2217 852 2272; x_wconf 82' lang='grc' dir='ltr'>πολλαὶ</span> <span class='ocrx_word' id='word_1_283' title='bbox 867 2219 947 2282; x_wconf 87' lang='grc' dir='ltr'>εἰς</span> <span class='ocrx_word' id='word_1_284' title='bbox 963 2219 1020 2270; x_wconf 79' lang='grc' dir='ltr'>ἓν</span> <span class='ocrx_word' id='word_1_285' title='bbox 1035 2218 1640 2287; x_wconf 83' lang='grc' dir='ltr'>γενέσθαι.-Λέγονται</span> <span class='ocrx_word' id='word_1_286' title='bbox 1653 2218 1782 2290; x_wconf 86' lang='grc' dir='ltr'>γὰρ,</span> 
     </span>
    </p>
   </div>
   <div class='ocr_carea' id='block_1_42' title="bbox 181 2308 1786 2380">
    <p class='ocr_par' dir='ltr' id='par_1_42' title="bbox 181 2308 1786 2380">
     <span class='ocr_line' id='line_1_42' title="bbox 181 2308 1786 2380; baseline 0.001 -18"><span class='ocrx_word' id='word_1_287' title='bbox 181 2308 317 2380; x_wconf 70' lang='grc' dir='ltr'>εφη.</span> <span class='ocrx_word' id='word_1_288' title='bbox 351 2341 420 2350; x_wconf 90' lang='grc'><strong>-</strong></span> <span class='ocrx_word' id='word_1_289' title='bbox 452 2309 662 2362; x_wconf 89' lang='grc' dir='ltr'>Πλάττε</span> <span class='ocrx_word' id='word_1_290' title='bbox 708 2309 888 2362; x_wconf 88' lang='grc' dir='ltr'>τοίνυν</span> <span class='ocrx_word' id='word_1_291' title='bbox 915 2309 1044 2380; x_wconf 91' lang='grc' dir='ltr'>μίαν</span> <span class='ocrx_word' id='word_1_292' title='bbox 1074 2310 1171 2380; x_wconf 85' lang='grc' dir='ltr'><strong>μὲν</strong></span> <span class='ocrx_word' id='word_1_293' title='bbox 1207 2309 1348 2362; x_wconf 80' lang='grc' dir='ltr'>ἰδέαν</span> <span class='ocrx_word' id='word_1_294' title='bbox 1388 2310 1576 2380; x_wconf 80' lang='grc' dir='ltr'>θηρίου</span> <span class='ocrx_word' id='word_1_295' title='bbox 1607 2313 1786 2364; x_wconf 84' lang='grc' dir='ltr'>ποικί-</span> 
     </span>
    </p>
   </div>
   <div class='ocr_carea' id='block_1_43' title="bbox 181 2401 1782 2473">
    <p class='ocr_par' dir='ltr' id='par_1_43' title="bbox 181 2401 1782 2473">
     <span class='ocr_line' id='line_1_43' title="bbox 181 2401 1782 2473; baseline 0.001 -20"><span class='ocrx_word' id='word_1_296' title='bbox 181 2401 283 2454; x_wconf 87' lang='grc' dir='ltr'><strong>λου</strong></span> <span class='ocrx_word' id='word_1_297' title='bbox 314 2401 410 2453; x_wconf 73' lang='grc' dir='ltr'><strong>καὶ</strong></span> <span class='ocrx_word' id='word_1_298' title='bbox 434 2401 829 2471; x_wconf 83' lang='grc' dir='ltr'>πολυκεφάλου,</span> <span class='ocrx_word' id='word_1_299' title='bbox 885 2401 1110 2473; x_wconf 78' lang='grc' dir='ltr'>ἡμέρων</span> <span class='ocrx_word' id='word_1_300' title='bbox 1135 2401 1191 2454; x_wconf 85' lang='grc' dir='ltr'>δὲ</span> <span class='ocrx_word' id='word_1_301' title='bbox 1216 2401 1420 2473; x_wconf 80' lang='grc' dir='ltr'>θηρίων</span> <span class='ocrx_word' id='word_1_302' title='bbox 1441 2402 1662 2472; x_wconf 76' lang='grc' dir='ltr'>ἔχοντας</span> <span class='ocrx_word' id='word_1_303' title='bbox 1689 2420 1782 2455; x_wconf 90' lang='grc' dir='ltr'>κε-</span> 
     </span>
    </p>
   </div>
   <div class='ocr_carea' id='block_1_44' title="bbox 179 2493 1781 2566">
    <p class='ocr_par' dir='ltr' id='par_1_44' title="bbox 179 2493 1781 2566">
     <span class='ocr_line' id='line_1_44' title="bbox 179 2493 1781 2566; baseline 0.002 -19"><span class='ocrx_word' id='word_1_304' title='bbox 179 2493 367 2563; x_wconf 80' lang='grc' dir='ltr'>φαλάς</span> <span class='ocrx_word' id='word_1_305' title='bbox 403 2493 588 2565; x_wconf 85' lang='grc' dir='ltr'>κύκλῳ</span> <span class='ocrx_word' id='word_1_306' title='bbox 615 2497 708 2548; x_wconf 76' lang='grc' dir='ltr'>καὶ</span> <span class='ocrx_word' id='word_1_307' title='bbox 737 2494 965 2566; x_wconf 86' lang='grc' dir='ltr'>ἀγρίων,</span> <span class='ocrx_word' id='word_1_308' title='bbox 1015 2495 1110 2547; x_wconf 83' lang='grc' dir='ltr'><strong>καὶ</strong></span> <span class='ocrx_word' id='word_1_309' title='bbox 1151 2494 1377 2547; x_wconf 81' lang='grc' dir='ltr'>δυνατοῦ</span> <span class='ocrx_word' id='word_1_310' title='bbox 1425 2495 1781 2565; x_wconf 74' lang='grc' dir='ltr'>μεταϐάλλειν</span> 
     </span>
    </p>
   </div>
   <div class='ocr_carea' id='block_1_45' title="bbox 179 2584 1778 2654">
    <p class='ocr_par' dir='ltr' id='par_1_45' title="bbox 179 2584 1778 2654">
     <span class='ocr_line' id='line_1_45' title="bbox 179 2584 1778 2654; baseline 0.001 -16"><span class='ocrx_word' id='word_1_311' title='bbox 179 2585 284 2638; x_wconf 73' lang='grc' dir='ltr'><strong>καὶ</strong></span> <span class='ocrx_word' id='word_1_312' title='bbox 318 2584 472 2654; x_wconf 88' lang='grc' dir='ltr'>φύειν</span> <span class='ocrx_word' id='word_1_313' title='bbox 511 2586 572 2651; x_wconf 63' lang='lat' dir='ltr'><strong>se</strong></span> <span class='ocrx_word' id='word_1_314' title='bbox 599 2586 764 2640; x_wconf 79' lang='grc' dir='ltr'>αὐτοῦ</span> <span class='ocrx_word' id='word_1_315' title='bbox 789 2586 959 2638; x_wconf 89' lang='grc' dir='ltr'>ταῦτα</span> <span class='ocrx_word' id='word_1_316' title='bbox 994 2587 1188 2640; x_wconf 83' lang='grc' dir='ltr'>πάντα.</span> <span class='ocrx_word' id='word_1_317' title='bbox 1209 2617 1278 2628; x_wconf 89' lang='grc'><strong>-</strong></span> <span class='ocrx_word' id='word_1_318' title='bbox 1298 2587 1481 2640; x_wconf 84' lang='grc' dir='ltr'>Δεινοῦ</span> <span class='ocrx_word' id='word_1_319' title='bbox 1515 2588 1778 2652; x_wconf 90' lang='grc' dir='ltr'>πλάστου,</span> 
     </span>
    </p>
   </div>
   <div class='ocr_carea' id='block_1_46' title="bbox 178 2674 1778 2751">
    <p class='ocr_par' dir='ltr' id='par_1_46' title="bbox 178 2674 1778 2751">
     <span class='ocr_line' id='line_1_46' title="bbox 178 2674 1778 2751; baseline 0.003 -23"><span class='ocrx_word' id='word_1_320' title='bbox 178 2674 316 2746; x_wconf 72' lang='grc' dir='ltr'>ἔφη,</span> <span class='ocrx_word' id='word_1_321' title='bbox 371 2676 434 2728; x_wconf 88' lang='grc' dir='ltr'><strong>τὸ</strong></span> <span class='ocrx_word' id='word_1_322' title='bbox 469 2675 648 2747; x_wconf 75' lang='grc' dir='ltr'>ἔργον·</span> <span class='ocrx_word' id='word_1_323' title='bbox 687 2677 837 2747; x_wconf 81' lang='grc' dir='ltr'>ὅμως</span> <span class='ocrx_word' id='word_1_324' title='bbox 890 2675 1081 2747; x_wconf 77' lang='grc' dir='ltr'>ἐπειδὴ</span> <span class='ocrx_word' id='word_1_325' title='bbox 1135 2677 1563 2748; x_wconf 82' lang='grc' dir='ltr'>εὐπλαστότερον</span> <span class='ocrx_word' id='word_1_326' title='bbox 1606 2677 1778 2751; x_wconf 78' lang='grc' dir='ltr'>κηροῦ</span> 
     </span>
    </p>
   </div>
   <div class='ocr_carea' id='block_1_47' title="bbox 178 2766 1778 2841">
    <p class='ocr_par' dir='ltr' id='par_1_47' title="bbox 178 2766 1778 2841">
     <span class='ocr_line' id='line_1_47' title="bbox 178 2766 1778 2841; baseline 0 -21"><span class='ocrx_word' id='word_1_327' title='bbox 178 2767 283 2820; x_wconf 82' lang='grc' dir='ltr'>καὶ</span> <span class='ocrx_word' id='word_1_328' title='bbox 325 2766 435 2819; x_wconf 84' lang='grc' dir='ltr'>τῶν</span> <span class='ocrx_word' id='word_1_329' title='bbox 468 2766 724 2820; x_wconf 76' lang='grc' dir='ltr'>τοιούτων</span> <span class='ocrx_word' id='word_1_330' title='bbox 751 2769 779 2819; x_wconf 84' lang='grc' dir='ltr'>ὁ</span> <span class='ocrx_word' id='word_1_331' title='bbox 833 2767 1010 2835; x_wconf 84' lang='grc' dir='ltr'>λόγος,</span> <span class='ocrx_word' id='word_1_332' title='bbox 1065 2767 1381 2822; x_wconf 87' lang='grc' dir='ltr'>πεπλάσθω.</span> <span class='ocrx_word' id='word_1_333' title='bbox 1421 2801 1488 2809; x_wconf 96' lang='grc'><strong>-</strong></span> <span class='ocrx_word' id='word_1_334' title='bbox 1522 2769 1665 2823; x_wconf 88' lang='grc' dir='ltr'>Μίαν</span> <span class='ocrx_word' id='word_1_335' title='bbox 1715 2770 1778 2841; x_wconf 83' lang='grc' dir='ltr'>δὴ</span> 
     </span>
    </p>
   </div>
   <div class='ocr_carea' id='block_1_48' title="bbox 175 2859 1776 2932">
    <p class='ocr_par' dir='ltr' id='par_1_48' title="bbox 175 2859 1776 2932">
     <span class='ocr_line' id='line_1_48' title="bbox 175 2859 1776 2932; baseline 0.002 -20"><span class='ocrx_word' id='word_1_336' title='bbox 175 2860 368 2913; x_wconf 81' lang='grc' dir='ltr'>τοίνυν</span> <span class='ocrx_word' id='word_1_337' title='bbox 421 2859 586 2932; x_wconf 80' lang='grc' dir='ltr'>ἀλλην</span> <span class='ocrx_word' id='word_1_338' title='bbox 613 2860 754 2912; x_wconf 82' lang='grc' dir='ltr'>ἰδέαν</span> <span class='ocrx_word' id='word_1_339' title='bbox 779 2859 1011 2928; x_wconf 83' lang='grc' dir='ltr'>λέοντος,</span> <span class='ocrx_word' id='word_1_340' title='bbox 1049 2861 1179 2930; x_wconf 91' lang='grc' dir='ltr'>μίαν</span> <span class='ocrx_word' id='word_1_341' title='bbox 1210 2861 1267 2914; x_wconf 85' lang='grc' dir='ltr'><strong>δὲ</strong></span> <span class='ocrx_word' id='word_1_342' title='bbox 1296 2860 1608 2932; x_wconf 82' lang='grc' dir='ltr'>ἀνθρώπου’</span> <span class='ocrx_word' id='word_1_343' title='bbox 1640 2861 1776 2915; x_wconf 86' lang='grc' dir='ltr'>πολὺ</span> 
     </span>
    </p>
   </div>
   <div class='ocr_carea' id='block_1_49' title="bbox 175 2952 1776 3027">
    <p class='ocr_par' dir='ltr' id='par_1_49' title="bbox 175 2952 1776 3027">
     <span class='ocr_line' id='line_1_49' title="bbox 175 2952 1776 3027; baseline 0.002 -22"><span class='ocrx_word' id='word_1_344' title='bbox 175 2952 242 3005; x_wconf 78' lang='grc' dir='ltr'>δὲ</span> <span class='ocrx_word' id='word_1_345' title='bbox 283 2953 542 3023; x_wconf 88' lang='grc' dir='ltr'>μέγιστον</span> <span class='ocrx_word' id='word_1_346' title='bbox 566 2953 707 3006; x_wconf 79' lang='grc' dir='ltr'>ἔστω</span> <span class='ocrx_word' id='word_1_347' title='bbox 753 2955 812 3007; x_wconf 88' lang='grc' dir='ltr'><strong>τὸ</strong></span> <span class='ocrx_word' id='word_1_348' title='bbox 843 2954 1080 3027; x_wconf 83' lang='grc' dir='ltr'>πρῶτον,</span> <span class='ocrx_word' id='word_1_349' title='bbox 1123 2957 1216 3008; x_wconf 80' lang='grc' dir='ltr'><strong>καὶ</strong></span> <span class='ocrx_word' id='word_1_350' title='bbox 1261 2955 1511 3027; x_wconf 88' lang='grc' dir='ltr'>δεύτερον</span> <span class='ocrx_word' id='word_1_351' title='bbox 1565 2955 1626 3008; x_wconf 83' lang='grc' dir='ltr'><strong>τὸ</strong></span> <span class='ocrx_word' id='word_1_352' title='bbox 1654 2955 1776 3008; x_wconf 89' lang='grc' dir='ltr'>δεύ-</span> 
     </span>
    </p>
   </div>
   <div class='ocr_carea' id='block_1_50' title="bbox 175 3042 1773 3117">
    <p class='ocr_par' dir='ltr' id='par_1_50' title="bbox 175 3042 1773 3117">
     <span class='ocr_line' id='line_1_50' title="bbox 175 3042 1773 3117; baseline 0.003 -21"><span class='ocrx_word' id='word_1_353' title='bbox 175 3042 628 3116; x_wconf 76' lang='grc' dir='ltr'>τερον.-Ταῦτ“,</span> <span class='ocrx_word' id='word_1_354' title='bbox 663 3045 790 3116; x_wconf 83' lang='grc' dir='ltr'>ἔφη,</span> <span class='ocrx_word' id='word_1_355' title='bbox 830 3048 947 3117; x_wconf 74' lang='grc' dir='ltr'><strong>ῥᾴω</strong></span> <span class='ocrx_word' id='word_1_356' title='bbox 980 3049 1075 3100; x_wconf 79' lang='grc' dir='ltr'><strong>καὶ</strong></span> <span class='ocrx_word' id='word_1_357' title='bbox 1110 3046 1773 3102; x_wconf 86' lang='grc' dir='ltr'>πέπλασται.-Σύναπτε</span> 
     </span>
    </p>
   </div>
   <div class='ocr_carea' id='block_1_51' title="bbox 176 3136 1776 3210">
    <p class='ocr_par' dir='ltr' id='par_1_51' title="bbox 176 3136 1776 3210">
     <span class='ocr_line' id='line_1_51' title="bbox 176 3136 1776 3210; baseline 0.003 -20"><span class='ocrx_word' id='word_1_358' title='bbox 176 3136 366 3191; x_wconf 78' lang='grc' dir='ltr'>τοίνυν</span> <span class='ocrx_word' id='word_1_359' title='bbox 397 3138 537 3191; x_wconf 79' lang='grc' dir='ltr'>αὐτὰ</span> <span class='ocrx_word' id='word_1_360' title='bbox 560 3140 639 3202; x_wconf 86' lang='grc' dir='ltr'><strong>εἰς</strong></span> <span class='ocrx_word' id='word_1_361' title='bbox 670 3138 748 3202; x_wconf 82' lang='grc' dir='ltr'><strong>ἒν,</strong></span> <span class='ocrx_word' id='word_1_362' title='bbox 767 3140 893 3210; x_wconf 89' lang='grc' dir='ltr'>τρία</span> <span class='ocrx_word' id='word_1_363' title='bbox 919 3139 1068 3206; x_wconf 81' lang='grc' dir='ltr'>ὅντα,</span> <span class='ocrx_word' id='word_1_364' title='bbox 1092 3139 1232 3193; x_wconf 82' lang='grc' dir='ltr'>ὥστε</span> <span class='ocrx_word' id='word_1_365' title='bbox 1258 3158 1332 3210; x_wconf 84' lang='grc' dir='ltr'><strong>πη</strong></span> <span class='ocrx_word' id='word_1_366' title='bbox 1365 3137 1776 3210; x_wconf 83' lang='grc' dir='ltr'>ξυμπεφυκέναι</span> 
     </span>
    </p>
   </div>
   <div class='ocr_carea' id='block_1_52' title="bbox 174 3229 1777 3303">
    <p class='ocr_par' dir='ltr' id='par_1_52' title="bbox 174 3229 1777 3303">
     <span class='ocr_line' id='line_1_52' title="bbox 174 3229 1777 3303; baseline 0.001 -19"><span class='ocrx_word' id='word_1_367' title='bbox 174 3229 459 3300; x_wconf 79' lang='grc' dir='ltr'>ἀλλήλοις.</span> <span class='ocrx_word' id='word_1_368' title='bbox 481 3258 554 3270; x_wconf 88' lang='lat'><strong>-</strong></span> <span class='ocrx_word' id='word_1_369' title='bbox 583 3231 881 3302; x_wconf 79' lang='grc' dir='ltr'>Ξυνῆπται,</span> <span class='ocrx_word' id='word_1_370' title='bbox 924 3232 1120 3302; x_wconf 79' lang='grc' dir='ltr'>ἐφη.-</span> <span class='ocrx_word' id='word_1_371' title='bbox 1138 3232 1479 3303; x_wconf 89' lang='grc' dir='ltr'>Περίπλασον</span> <span class='ocrx_word' id='word_1_372' title='bbox 1517 3233 1573 3285; x_wconf 82' lang='grc' dir='ltr'><strong>δὲ</strong></span> <span class='ocrx_word' id='word_1_373' title='bbox 1595 3234 1777 3298; x_wconf 83' lang='grc' dir='ltr'>αὐτοῖς</span> 
     </span>
    </p>
   </div>
   <div class='ocr_carea' id='block_1_53' title="bbox 176 3321 1776 3397">
    <p class='ocr_par' dir='ltr' id='par_1_53' title="bbox 176 3321 1776 3397">
     <span class='ocr_line' id='line_1_53' title="bbox 176 3321 1776 3397; baseline 0.003 -23"><span class='ocrx_word' id='word_1_374' title='bbox 176 3321 386 3388; x_wconf 70' lang='grc' dir='ltr'>ἔξωθεν</span> <span class='ocrx_word' id='word_1_375' title='bbox 416 3321 532 3385; x_wconf 80' lang='grc' dir='ltr'>ἐνὸς</span> <span class='ocrx_word' id='word_1_376' title='bbox 555 3323 756 3388; x_wconf 84' lang='grc' dir='ltr'>εἰκόνα,</span> <span class='ocrx_word' id='word_1_377' title='bbox 788 3323 887 3395; x_wconf 85' lang='grc' dir='ltr'><strong>τὴν</strong></span> <span class='ocrx_word' id='word_1_378' title='bbox 920 3325 1016 3376; x_wconf 90' lang='grc' dir='ltr'><strong>τοῦ</strong></span> <span class='ocrx_word' id='word_1_379' title='bbox 1070 3323 1380 3394; x_wconf 83' lang='grc' dir='ltr'>ἀνθρώπου,</span> <span class='ocrx_word' id='word_1_380' title='bbox 1407 3325 1547 3379; x_wconf 82' lang='grc' dir='ltr'>ὥστε</span> <span class='ocrx_word' id='word_1_381' title='bbox 1597 3325 1674 3397; x_wconf 83' lang='grc' dir='ltr'>τῷ</span> <span class='ocrx_word' id='word_1_382' title='bbox 1702 3327 1776 3397; x_wconf 84' lang='grc' dir='ltr'>μὴ</span> 
     </span>
    </p>
   </div>
   <div class='ocr_carea' id='block_1_54' title="bbox 173 3415 1776 3489">
    <p class='ocr_par' dir='ltr' id='par_1_54' title="bbox 173 3415 1776 3489">
     <span class='ocr_line' id='line_1_54' title="bbox 173 3415 1776 3489; baseline 0.001 -20"><span class='ocrx_word' id='word_1_383' title='bbox 173 3415 468 3486; x_wconf 82' lang='grc' dir='ltr'>δυναμένῳ</span> <span class='ocrx_word' id='word_1_384' title='bbox 496 3415 563 3468; x_wconf 76' lang='grc' dir='ltr'>τὰ</span> <span class='ocrx_word' id='word_1_385' title='bbox 599 3417 748 3480; x_wconf 82' lang='grc' dir='ltr'>ὲντδς</span> <span class='ocrx_word' id='word_1_386' title='bbox 773 3419 924 3488; x_wconf 78' lang='grc' dir='ltr'>ὁρᾷν,</span> <span class='ocrx_word' id='word_1_387' title='bbox 975 3416 1110 3470; x_wconf 84' lang='grc' dir='ltr'><strong>ἀλλά</strong></span> <span class='ocrx_word' id='word_1_388' title='bbox 1142 3417 1203 3470; x_wconf 89' lang='grc' dir='ltr'><strong>τὸ</strong></span> <span class='ocrx_word' id='word_1_389' title='bbox 1229 3417 1332 3482; x_wconf 78' lang='grc' dir='ltr'><strong>ἔξω</strong></span> <span class='ocrx_word' id='word_1_390' title='bbox 1379 3419 1536 3489; x_wconf 85' lang='grc' dir='ltr'>μόνον</span> <span class='ocrx_word' id='word_1_391' title='bbox 1557 3417 1776 3489; x_wconf 78' lang='grc' dir='ltr'>ἔλυτρον</span> 
     </span>
    </p>
   </div>
   <div class='ocr_carea' id='block_1_55' title="bbox 176 3505 1773 3579">
    <p class='ocr_par' dir='ltr' id='par_1_55' title="bbox 176 3505 1773 3579">
     <span class='ocr_line' id='line_1_55' title="bbox 176 3505 1773 3579; baseline -0.001 -20"><span class='ocrx_word' id='word_1_392' title='bbox 176 3505 463 3576; x_wconf 81' lang='grc' dir='ltr'>ὀρῶντι,ἒν</span> <span class='ocrx_word' id='word_1_393' title='bbox 478 3507 615 3570; x_wconf 76' lang='grc' dir='ltr'>ζῶον</span> <span class='ocrx_word' id='word_1_394' title='bbox 628 3506 911 3577; x_wconf 82' lang='grc' dir='ltr'>φαίνεσθαι</span> <span class='ocrx_word' id='word_1_395' title='bbox 924 3505 1297 3577; x_wconf 76' lang='grc' dir='ltr'>ἀνθρωπον.-</span> <span class='ocrx_word' id='word_1_396' title='bbox 1307 3506 1773 3579; x_wconf 87' lang='grc' dir='ltr'>Περιπέπλασται,</span> 
     </span>
    </p>
   </div>
   <div class='ocr_carea' id='block_1_56' title="bbox 177 3597 1775 3670">
    <p class='ocr_par' dir='ltr' id='par_1_56' title="bbox 177 3597 1775 3670">
     <span class='ocr_line' id='line_1_56' title="bbox 177 3597 1775 3670; baseline 0.001 -20"><span class='ocrx_word' id='word_1_397' title='bbox 177 3597 310 3666; x_wconf 72' lang='grc' dir='ltr'>ἔφη.</span> <span class='ocrx_word' id='word_1_398' title='bbox 337 3629 406 3638; x_wconf 93' lang='lat'><strong><em>—</em></strong></span> <span class='ocrx_word' id='word_1_399' title='bbox 430 3599 692 3669; x_wconf 87' lang='grc' dir='ltr'>Λέγωμεν</span> <span class='ocrx_word' id='word_1_400' title='bbox 719 3599 783 3670; x_wconf 91' lang='grc' dir='ltr'><strong>δη</strong></span> <span class='ocrx_word' id='word_1_401' title='bbox 811 3598 889 3669; x_wconf 83' lang='grc' dir='ltr'>τῷ</span> <span class='ocrx_word' id='word_1_402' title='bbox 935 3599 1169 3666; x_wconf 86' lang='grc' dir='ltr'>λέγοντι,</span> <span class='ocrx_word' id='word_1_403' title='bbox 1201 3600 1276 3662; x_wconf 85' lang='grc' dir='ltr'><strong>ὼς</strong></span> <span class='ocrx_word' id='word_1_404' title='bbox 1309 3598 1576 3653; x_wconf 86' lang='grc' dir='ltr'>λυσιτελεῖ</span> <span class='ocrx_word' id='word_1_405' title='bbox 1600 3599 1775 3669; x_wconf 84' lang='grc' dir='ltr'>τούτῳ</span> 
     </span>
    </p>
   </div>
   <div class='ocr_carea' id='block_1_57' title="bbox 77 3689 1775 3763">
    <p class='ocr_par' dir='ltr' id='par_1_57' title="bbox 77 3689 1775 3763">
     <span class='ocr_line' id='line_1_57' title="bbox 77 3689 1775 3763; baseline 0.001 -21"><span class='ocrx_word' id='word_1_406' title='bbox 77 3711 82 3714; x_wconf 95' lang='grc'>·</span> <span class='ocrx_word' id='word_1_407' title='bbox 176 3689 395 3743; x_wconf 83' lang='grc' dir='ltr'>ἀδικεῖν</span> <span class='ocrx_word' id='word_1_408' title='bbox 422 3689 499 3760; x_wconf 82' lang='grc' dir='ltr'>τῷ</span> <span class='ocrx_word' id='word_1_409' title='bbox 529 3689 823 3762; x_wconf 78' lang='grc' dir='ltr'>ἀνθρώπῳ,</span> <span class='ocrx_word' id='word_1_410' title='bbox 872 3691 1056 3745; x_wconf 89' lang='grc' dir='ltr'>δίκαια</span> <span class='ocrx_word' id='word_1_411' title='bbox 1089 3692 1146 3744; x_wconf 84' lang='grc' dir='ltr'>δὲ</span> <span class='ocrx_word' id='word_1_412' title='bbox 1187 3693 1447 3763; x_wconf 87' lang='grc' dir='ltr'>πράττειν</span> <span class='ocrx_word' id='word_1_413' title='bbox 1469 3691 1530 3745; x_wconf 81' lang='grc' dir='ltr'>οὺ</span> <span class='ocrx_word' id='word_1_414' title='bbox 1567 3691 1775 3763; x_wconf 80' lang='grc' dir='ltr'>ξυμφέ-</span> 
     </span>
    </p>
   </div>
   <div class='ocr_carea' id='block_1_58' title="bbox 181 3781 1774 3855">
    <p class='ocr_par' dir='ltr' id='par_1_58' title="bbox 181 3781 1774 3855">
     <span class='ocr_line' id='line_1_58' title="bbox 181 3781 1774 3855; baseline 0.002 -22"><span class='ocrx_word' id='word_1_415' title='bbox 181 3798 292 3852; x_wconf 85' lang='grc' dir='ltr'>ρει,</span> <span class='ocrx_word' id='word_1_416' title='bbox 322 3781 458 3834; x_wconf 88' lang='grc' dir='ltr'>διότι</span> <span class='ocrx_word' id='word_1_417' title='bbox 488 3781 638 3834; x_wconf 81' lang='grc' dir='ltr'>οὐδὲν</span> <span class='ocrx_word' id='word_1_418' title='bbox 690 3781 819 3836; x_wconf 85' lang='grc' dir='ltr'>ἄλλο</span> <span class='ocrx_word' id='word_1_419' title='bbox 880 3785 1042 3854; x_wconf 85' lang='grc' dir='ltr'>φήσει</span> <span class='ocrx_word' id='word_1_420' title='bbox 1075 3783 1108 3855; x_wconf 84' lang='grc' dir='ltr'>ἢ</span> <span class='ocrx_word' id='word_1_421' title='bbox 1143 3783 1444 3836; x_wconf 86' lang='grc' dir='ltr'>λυσιτελεῖν</span> <span class='ocrx_word' id='word_1_422' title='bbox 1488 3783 1657 3854; x_wconf 83' lang='grc' dir='ltr'>αὐτῷ,</span> <span class='ocrx_word' id='word_1_423' title='bbox 1713 3784 1774 3837; x_wconf 84' lang='grc' dir='ltr'>τὸ</span> 
     </span>
    </p>
   </div>
   <div class='ocr_carea' id='block_1_59' title="bbox 177 3873 1773 3948">
    <p class='ocr_par' dir='ltr' id='par_1_59' title="bbox 177 3873 1773 3948">
     <span class='ocr_line' id='line_1_59' title="bbox 177 3873 1773 3948; baseline 0.003 -22"><span class='ocrx_word' id='word_1_424' title='bbox 177 3873 526 3927; x_wconf 81' lang='grc' dir='ltr'>παντοδαπὸν</span> <span class='ocrx_word' id='word_1_425' title='bbox 579 3873 765 3946; x_wconf 81' lang='grc' dir='ltr'>θηρίον</span> <span class='ocrx_word' id='word_1_426' title='bbox 809 3875 1122 3946; x_wconf 82' lang='grc' dir='ltr'>εὐωχοῦντι,</span> <span class='ocrx_word' id='word_1_427' title='bbox 1188 3879 1360 3930; x_wconf 84' lang='grc' dir='ltr'>ποιεῖν</span> <span class='ocrx_word' id='word_1_428' title='bbox 1415 3876 1650 3948; x_wconf 59' lang='grc' dir='ltr'>ἰσχυρὸν,</span> <span class='ocrx_word' id='word_1_429' title='bbox 1682 3876 1773 3931; x_wconf 81' lang='grc' dir='ltr'><strong>τὸν</strong></span> 
     </span>
    </p>
   </div>
   <div class='ocr_carea' id='block_1_60' title="bbox 177 3964 1772 4042">
    <p class='ocr_par' dir='ltr' id='par_1_60' title="bbox 177 3964 1772 4042">
     <span class='ocr_line' id='line_1_60' title="bbox 177 3964 1772 4042; baseline 0.003 -24"><span class='ocrx_word' id='word_1_430' title='bbox 177 3964 376 4019; x_wconf 86' lang='grc' dir='ltr'>λέοντα</span> <span class='ocrx_word' id='word_1_431' title='bbox 407 3967 503 4019; x_wconf 77' lang='grc' dir='ltr'><strong>καί</strong></span> <span class='ocrx_word' id='word_1_432' title='bbox 537 3967 604 4020; x_wconf 82' lang='grc' dir='ltr'>τὰ</span> <span class='ocrx_word' id='word_1_433' title='bbox 662 3967 791 4040; x_wconf 75' lang='grc' dir='ltr'>περὶ</span> <span class='ocrx_word' id='word_1_434' title='bbox 827 3967 918 4020; x_wconf 86' lang='grc' dir='ltr'><strong>τὸν</strong></span> <span class='ocrx_word' id='word_1_435' title='bbox 972 3968 1181 4021; x_wconf 86' lang='grc' dir='ltr'>λέοντα·</span> <span class='ocrx_word' id='word_1_436' title='bbox 1236 3969 1326 4022; x_wconf 85' lang='grc' dir='ltr'><strong>τὸν</strong></span> <span class='ocrx_word' id='word_1_437' title='bbox 1378 3968 1435 4021; x_wconf 87' lang='grc' dir='ltr'>δὲ</span> <span class='ocrx_word' id='word_1_438' title='bbox 1485 3969 1772 4042; x_wconf 87' lang='grc' dir='ltr'>ἄνθρωπον</span> 
     </span>
    </p>
   </div>
   <div class='ocr_carea' id='block_1_61' title="bbox 176 4059 1768 4134">
    <p class='ocr_par' dir='ltr' id='par_1_61' title="bbox 176 4059 1768 4134">
     <span class='ocr_line' id='line_1_61' title="bbox 176 4059 1768 4134; baseline 0.001 -21"><span class='ocrx_word' id='word_1_439' title='bbox 176 4059 547 4130; x_wconf 86' lang='grc' dir='ltr'>λιμοκτονεῖν,</span> <span class='ocrx_word' id='word_1_440' title='bbox 581 4061 675 4113; x_wconf 68' lang='grc' dir='ltr'>καὶ</span> <span class='ocrx_word' id='word_1_441' title='bbox 704 4063 878 4113; x_wconf 84' lang='grc' dir='ltr'>ποιεῖν</span> <span class='ocrx_word' id='word_1_442' title='bbox 918 4061 1143 4130; x_wconf 83' lang='grc' dir='ltr'>ἀσθενῆ,</span> <span class='ocrx_word' id='word_1_443' title='bbox 1182 4060 1324 4115; x_wconf 84' lang='grc' dir='ltr'>ὥστε</span> <span class='ocrx_word' id='word_1_444' title='bbox 1383 4061 1636 4114; x_wconf 73' lang='grc' dir='ltr'>ἕλκεσθαι</span> <span class='ocrx_word' id='word_1_445' title='bbox 1662 4063 1768 4134; x_wconf 85' lang='grc' dir='ltr'><strong>ὅπη</strong></span> 
     </span>
    </p>
   </div>
   <div class='ocr_carea' id='block_1_62' title="bbox 177 4151 1771 4225">
    <p class='ocr_par' dir='ltr' id='par_1_62' title="bbox 177 4151 1771 4225">
     <span class='ocr_line' id='line_1_62' title="bbox 177 4151 1771 4225; baseline 0.001 -20"><span class='ocrx_word' id='word_1_446' title='bbox 177 4151 254 4205; x_wconf 80' lang='grc' dir='ltr'>ἂν</span> <span class='ocrx_word' id='word_1_447' title='bbox 279 4152 504 4204; x_wconf 75' lang='grc' dir='ltr'>ἐκείνων</span> <span class='ocrx_word' id='word_1_448' title='bbox 550 4151 808 4222; x_wconf 78' lang='grc' dir='ltr'>ὁπότερον</span> <span class='ocrx_word' id='word_1_449' title='bbox 853 4152 983 4224; x_wconf 78' lang='grc' dir='ltr'><strong>ἄγῃ·</strong></span> <span class='ocrx_word' id='word_1_450' title='bbox 1036 4153 1130 4206; x_wconf 79' lang='grc' dir='ltr'><strong>καὶ</strong></span> <span class='ocrx_word' id='word_1_451' title='bbox 1173 4153 1336 4224; x_wconf 79' lang='grc' dir='ltr'>μηδὲν</span> <span class='ocrx_word' id='word_1_452' title='bbox 1383 4152 1567 4224; x_wconf 72' lang='grc' dir='ltr'>ἕτερον</span> <span class='ocrx_word' id='word_1_453' title='bbox 1600 4153 1771 4225; x_wconf 79' lang='grc' dir='ltr'>ἑτέρῳ</span> 
     </span>
    </p>
   </div>
   <div class='ocr_carea' id='block_1_63' title="bbox 176 4242 1772 4316">
    <p class='ocr_par' dir='ltr' id='par_1_63' title="bbox 176 4242 1772 4316">
     <span class='ocr_line' id='line_1_63' title="bbox 176 4242 1772 4316; baseline 0.001 -22"><span class='ocrx_word' id='word_1_454' title='bbox 176 4242 503 4308; x_wconf 76' lang='grc' dir='ltr'>ξυνεθίζειν,</span> <span class='ocrx_word' id='word_1_455' title='bbox 539 4243 673 4313; x_wconf 82' lang='grc' dir='ltr'>μηδὲ</span> <span class='ocrx_word' id='word_1_456' title='bbox 700 4243 853 4313; x_wconf 85' lang='grc' dir='ltr'>φίλον</span> <span class='ocrx_word' id='word_1_457' title='bbox 880 4246 1073 4306; x_wconf 86' lang='grc' dir='ltr'>ποιεῖν,</span> <span class='ocrx_word' id='word_1_458' title='bbox 1121 4245 1235 4306; x_wconf 86' lang='grc' dir='ltr'>ἀλλ’</span> <span class='ocrx_word' id='word_1_459' title='bbox 1269 4247 1364 4316; x_wconf 83' lang='grc' dir='ltr'>ὲᾷν</span> <span class='ocrx_word' id='word_1_460' title='bbox 1406 4245 1544 4298; x_wconf 81' lang='grc' dir='ltr'>αὐτὰ</span> <span class='ocrx_word' id='word_1_461' title='bbox 1584 4248 1642 4298; x_wconf 86' lang='grc' dir='ltr'>ὲν</span> <span class='ocrx_word' id='word_1_462' title='bbox 1675 4246 1772 4298; x_wconf 83' lang='grc' dir='ltr'>αύ-</span> 
     </span>
    </p>
   </div>
   <div class='ocr_carea' id='block_1_64' title="bbox 173 4335 1766 4409">
    <p class='ocr_par' dir='ltr' id='par_1_64' title="bbox 173 4335 1766 4409">
     <span class='ocr_line' id='line_1_64' title="bbox 173 4335 1766 4409; baseline 0.001 -20"><span class='ocrx_word' id='word_1_463' title='bbox 173 4338 293 4399; x_wconf 81' lang='grc' dir='ltr'>τοῖς</span> <span class='ocrx_word' id='word_1_464' title='bbox 347 4335 635 4388; x_wconf 86' lang='grc' dir='ltr'>δάκνεσθαί</span> <span class='ocrx_word' id='word_1_465' title='bbox 690 4352 750 4388; x_wconf 88' lang='grc' dir='ltr'><strong>τε</strong></span> <span class='ocrx_word' id='word_1_466' title='bbox 808 4337 902 4389; x_wconf 77' lang='grc' dir='ltr'><strong>καὶ</strong></span> <span class='ocrx_word' id='word_1_467' title='bbox 952 4337 1235 4409; x_wconf 81' lang='grc' dir='ltr'>μαχόμενα</span> <span class='ocrx_word' id='word_1_468' title='bbox 1296 4337 1496 4390; x_wconf 81' lang='grc' dir='ltr'>ἐσθίειν</span> <span class='ocrx_word' id='word_1_469' title='bbox 1544 4336 1766 4408; x_wconf 76' lang='grc' dir='ltr'>ἄλληλα.</span> 
     </span>
    </p>
   </div>
   <div class='ocr_carea' id='block_1_65' title="bbox 1888 1854 3474 1924">
    <p class='ocr_par' dir='ltr' id='par_1_65' title="bbox 1888 1854 3474 1924">
     <span class='ocr_line' id='line_1_65' title="bbox 1888 1854 3474 1924; baseline -0.001 -14"><span class='ocrx_word' id='word_1_470' title='bbox 1888 1890 1958 1898; x_wconf 95' lang='grc'><strong><em>-</em></strong></span> <span class='ocrx_word' id='word_1_471' title='bbox 1988 1857 2064 1912; x_wconf 88' lang='lat' dir='ltr'><strong>lla</strong></span> <span class='ocrx_word' id='word_1_472' title='bbox 2094 1857 2377 1920; x_wconf 89' lang='lat' dir='ltr'><strong>nimirum,</strong></span> <span class='ocrx_word' id='word_1_473' title='bbox 2411 1856 2655 1924; x_wconf 90' lang='lat' dir='ltr'><strong>inquam,</strong></span> <span class='ocrx_word' id='word_1_474' title='bbox 2685 1863 2746 1907; x_wconf 94' lang='lat' dir='ltr'><strong>ut</strong></span> <span class='ocrx_word' id='word_1_475' title='bbox 2767 1854 3055 1924; x_wconf 84' lang='lat' dir='ltr'><strong>imaginem</strong></span> <span class='ocrx_word' id='word_1_476' title='bbox 3081 1854 3250 1908; x_wconf 87' lang='lat' dir='ltr'><strong>animi</strong></span> <span class='ocrx_word' id='word_1_477' title='bbox 3277 1869 3474 1924; x_wconf 86' lang='lat' dir='ltr'><strong>quam-</strong></span> 
     </span>
    </p>
   </div>
   <div class='ocr_carea' id='block_1_66' title="bbox 1887 1945 3472 2014">
    <p class='ocr_par' dir='ltr' id='par_1_66' title="bbox 1887 1945 3472 2014">
     <span class='ocr_line' id='line_1_66' title="bbox 1887 1945 3472 2014; baseline -0.002 -11"><span class='ocrx_word' id='word_1_478' title='bbox 1887 1949 2011 2003; x_wconf 86' lang='lat' dir='ltr'><strong>dam</strong></span> <span class='ocrx_word' id='word_1_479' title='bbox 2041 1948 2290 2002; x_wconf 90' lang='lat' dir='ltr'><strong>oratione</strong></span> <span class='ocrx_word' id='word_1_480' title='bbox 2327 1946 2615 2013; x_wconf 82' lang='lat' dir='ltr'><strong>tingamus,</strong></span> <span class='ocrx_word' id='word_1_481' title='bbox 2649 1953 2708 1998; x_wconf 93' lang='lat' dir='ltr'><strong>ut</strong></span> <span class='ocrx_word' id='word_1_482' title='bbox 2732 1945 2981 2014; x_wconf 90' lang='lat' dir='ltr'><strong>quisquis</strong></span> <span class='ocrx_word' id='word_1_483' title='bbox 3011 1945 3100 1997; x_wconf 89' lang='lat' dir='ltr'><strong>illa</strong></span> <span class='ocrx_word' id='word_1_484' title='bbox 3131 1959 3472 2000; x_wconf 86' lang='lat' dir='ltr'><strong>commemo-</strong></span> 
     </span>
    </p>
   </div>
   <div class='ocr_carea' id='block_1_67' title="bbox 1887 2032 3472 2104">
    <p class='ocr_par' dir='ltr' id='par_1_67' title="bbox 1887 2032 3472 2104">
     <span class='ocr_line' id='line_1_67' title="bbox 1887 2032 3472 2104; baseline -0.001 -14"><span class='ocrx_word' id='word_1_485' title='bbox 1887 2037 2048 2098; x_wconf 89' lang='lat' dir='ltr'><strong>rabit,</strong></span> <span class='ocrx_word' id='word_1_486' title='bbox 2087 2051 2196 2104; x_wconf 91' lang='lat' dir='ltr'><strong>quo</strong></span> <span class='ocrx_word' id='word_1_487' title='bbox 2227 2035 2293 2088; x_wconf 91' lang='lat' dir='ltr'><strong>de</strong></span> <span class='ocrx_word' id='word_1_488' title='bbox 2319 2042 2574 2103; x_wconf 80' lang='lat' dir='ltr'><strong>loquatur</strong></span> <span class='ocrx_word' id='word_1_489' title='bbox 2627 2033 2909 2103; x_wconf 82' lang='lat' dir='ltr'><strong>intelligat.</strong></span> <span class='ocrx_word' id='word_1_490' title='bbox 2939 2062 3005 2073; x_wconf 91' lang='lat'><strong><em>—</em></strong></span> <span class='ocrx_word' id='word_1_491' title='bbox 3040 2032 3213 2099; x_wconf 85' lang='lat' dir='ltr'><strong>Quam</strong></span> <span class='ocrx_word' id='word_1_492' title='bbox 3262 2033 3472 2103; x_wconf 73' lang='lat' dir='ltr'><strong>porro?</strong></span> 
     </span>
    </p>
   </div>
   <div class='ocr_carea' id='block_1_68' title="bbox 1886 2125 3468 2198">
    <p class='ocr_par' dir='ltr' id='par_1_68' title="bbox 1886 2125 3468 2198">
     <span class='ocr_line' id='line_1_68' title="bbox 1886 2125 3468 2198; baseline -0.001 -15"><span class='ocrx_word' id='word_1_493' title='bbox 1886 2129 2066 2198; x_wconf 89' lang='lat' dir='ltr'><strong>inquit</strong></span> <span class='ocrx_word' id='word_1_494' title='bbox 2105 2127 2212 2181; x_wconf 90' lang='lat' dir='ltr'><strong>ille.</strong></span> <span class='ocrx_word' id='word_1_495' title='bbox 2241 2157 2311 2166; x_wconf 72' lang='grc' dir='ltr'><strong>-ι</strong></span> <span class='ocrx_word' id='word_1_496' title='bbox 2341 2125 2443 2180; x_wconf 89' lang='lat' dir='ltr'><strong>Cui</strong></span> <span class='ocrx_word' id='word_1_497' title='bbox 2491 2141 2612 2194; x_wconf 84' lang='lat' dir='ltr'><strong>ego.</strong></span> <span class='ocrx_word' id='word_1_498' title='bbox 2647 2125 2899 2194; x_wconf 82' lang='lat' dir='ltr'><strong>Aliquam</strong></span> <span class='ocrx_word' id='word_1_499' title='bbox 2944 2126 3234 2194; x_wconf 83' lang='lat' dir='ltr'><strong>ejusmodi,</strong></span> <span class='ocrx_word' id='word_1_500' title='bbox 3277 2128 3468 2196; x_wconf 84' lang='lat' dir='ltr'><strong>quales</strong></span> 
     </span>
    </p>
   </div>
   <div class='ocr_carea' id='block_1_69' title="bbox 1887 2217 3468 2289">
    <p class='ocr_par' dir='ltr' id='par_1_69' title="bbox 1887 2217 3468 2289">
     <span class='ocr_line' id='line_1_69' title="bbox 1887 2217 3468 2289; baseline 0.001 -15"><span class='ocrx_word' id='word_1_501' title='bbox 1887 2233 2111 2275; x_wconf 87' lang='lat' dir='ltr'><strong>naturas</strong></span> <span class='ocrx_word' id='word_1_502' title='bbox 2163 2220 2292 2272; x_wconf 92' lang='lat' dir='ltr'><strong>olim</strong></span> <span class='ocrx_word' id='word_1_503' title='bbox 2333 2218 2637 2283; x_wconf 67' lang='lat' dir='ltr'><strong>Chimazraa,</strong></span> <span class='ocrx_word' id='word_1_504' title='bbox 2688 2217 2900 2289; x_wconf 69' lang='lat' dir='ltr'><strong>Scyllae,</strong></span> <span class='ocrx_word' id='word_1_505' title='bbox 2945 2219 3190 2279; x_wconf 85' lang='lat' dir='ltr'><strong>Cerberi.</strong></span> <span class='ocrx_word' id='word_1_506' title='bbox 3222 2220 3468 2288; x_wconf 86' lang='lat' dir='ltr'><strong>aliasque</strong></span> 
     </span>
    </p>
   </div>
   <div class='ocr_carea' id='block_1_70' title="bbox 1884 2313 3467 2385">
    <p class='ocr_par' dir='ltr' id='par_1_70' title="bbox 1884 2313 3467 2385">
     <span class='ocr_line' id='line_1_70' title="bbox 1884 2313 3467 2385; baseline 0 -15"><span class='ocrx_word' id='word_1_507' title='bbox 1884 2332 1996 2370; x_wconf 92' lang='lat' dir='ltr'><strong>non</strong></span> <span class='ocrx_word' id='word_1_508' title='bbox 2047 2331 2252 2385; x_wconf 86' lang='lat' dir='ltr'><strong>paucas</strong></span> <span class='ocrx_word' id='word_1_509' title='bbox 2307 2313 2477 2368; x_wconf 89' lang='lat' dir='ltr'><strong>fuisse</strong></span> <span class='ocrx_word' id='word_1_510' title='bbox 2508 2313 2844 2376; x_wconf 83' lang='lat' dir='ltr'><strong>fabulantur,</strong></span> <span class='ocrx_word' id='word_1_511' title='bbox 2880 2328 3111 2382; x_wconf 89' lang='lat' dir='ltr'><strong>quarum</strong></span> <span class='ocrx_word' id='word_1_512' title='bbox 3139 2314 3467 2383; x_wconf 87' lang='lat' dir='ltr'><strong>multiplices</strong></span> 
     </span>
    </p>
   </div>
   <div class='ocr_carea' id='block_1_71' title="bbox 1883 2405 3465 2474">
    <p class='ocr_par' dir='ltr' id='par_1_71' title="bbox 1883 2405 3465 2474">
     <span class='ocr_line' id='line_1_71' title="bbox 1883 2405 3465 2474; baseline -0.001 -13"><span class='ocrx_word' id='word_1_513' title='bbox 1883 2407 2076 2462; x_wconf 71' lang='lat' dir='ltr'><strong>forma:</strong></span> <span class='ocrx_word' id='word_1_514' title='bbox 2101 2408 2244 2460; x_wconf 91' lang='lat' dir='ltr'><strong>inter</strong></span> <span class='ocrx_word' id='word_1_515' title='bbox 2289 2420 2408 2460; x_wconf 91' lang='lat' dir='ltr'><strong>sese</strong></span> <span class='ocrx_word' id='word_1_516' title='bbox 2455 2406 2776 2474; x_wconf 64' lang='lat' dir='ltr'><strong>complexae,</strong></span> <span class='ocrx_word' id='word_1_517' title='bbox 2804 2420 2976 2458; x_wconf 94' lang='lat' dir='ltr'><strong>unum</strong></span> <span class='ocrx_word' id='word_1_518' title='bbox 3011 2405 3063 2457; x_wconf 89' lang='lat' dir='ltr'><strong>in</strong></span> <span class='ocrx_word' id='word_1_519' title='bbox 3100 2405 3306 2474; x_wconf 91' lang='lat' dir='ltr'><strong>aliquid</strong></span> <span class='ocrx_word' id='word_1_520' title='bbox 3340 2416 3465 2460; x_wconf 87' lang='lat' dir='ltr'><strong>ortu</strong></span> 
     </span>
    </p>
   </div>
   <div class='ocr_carea' id='block_1_72' title="bbox 1883 2495 3465 2569">
    <p class='ocr_par' dir='ltr' id='par_1_72' title="bbox 1883 2495 3465 2569">
     <span class='ocr_line' id='line_1_72' title="bbox 1883 2495 3465 2569; baseline -0.003 -15"><span class='ocrx_word' id='word_1_521' title='bbox 1883 2499 2004 2569; x_wconf 91' lang='lat' dir='ltr'><strong>ipso</strong></span> <span class='ocrx_word' id='word_1_522' title='bbox 2052 2499 2443 2553; x_wconf 86' lang='lat' dir='ltr'><strong>coalescerent.</strong></span> <span class='ocrx_word' id='word_1_523' title='bbox 2474 2528 2540 2537; x_wconf 92' lang='lat'><strong>-—</strong></span> <span class='ocrx_word' id='word_1_524' title='bbox 2579 2496 2742 2558; x_wconf 86' lang='lat' dir='ltr'><strong>Sane,</strong></span> <span class='ocrx_word' id='word_1_525' title='bbox 2791 2496 2990 2564; x_wconf 89' lang='lat' dir='ltr'><strong>inquit,</strong></span> <span class='ocrx_word' id='word_1_526' title='bbox 3039 2495 3311 2565; x_wconf 88' lang='lat' dir='ltr'><strong>ejusmodi</strong></span> <span class='ocrx_word' id='word_1_527' title='bbox 3366 2497 3465 2550; x_wconf 50' lang='lat' dir='ltr'><strong>alio</strong></span> 
     </span>
    </p>
   </div>
   <div class='ocr_carea' id='block_1_73' title="bbox 1883 2587 3464 2660">
    <p class='ocr_par' dir='ltr' id='par_1_73' title="bbox 1883 2587 3464 2660">
     <span class='ocr_line' id='line_1_73' title="bbox 1883 2587 3464 2660; baseline -0.001 -17"><span class='ocrx_word' id='word_1_528' title='bbox 1883 2606 2024 2660; x_wconf 83' lang='lat' dir='ltr'><strong>quas</strong></span> <span class='ocrx_word' id='word_1_529' title='bbox 2057 2590 2336 2644; x_wconf 77' lang='lat' dir='ltr'><strong>exstitisse</strong></span> <span class='ocrx_word' id='word_1_530' title='bbox 2371 2587 2574 2643; x_wconf 91' lang='lat' dir='ltr'><strong>ferunt.</strong></span> <span class='ocrx_word' id='word_1_531' title='bbox 2602 2617 2662 2628; x_wconf 92' lang='lat'><em>-</em></span> <span class='ocrx_word' id='word_1_532' title='bbox 2692 2588 2805 2655; x_wconf 79' lang='lat' dir='ltr'><strong>Age</strong></span> <span class='ocrx_word' id='word_1_533' title='bbox 2837 2603 2986 2656; x_wconf 89' lang='lat' dir='ltr'><strong>ergo,</strong></span> <span class='ocrx_word' id='word_1_534' title='bbox 3032 2587 3278 2656; x_wconf 89' lang='lat' dir='ltr'><strong>inquam,</strong></span> <span class='ocrx_word' id='word_1_535' title='bbox 3323 2588 3464 2658; x_wconf 83' lang='lat' dir='ltr'><strong>ﬁnge</strong></span> 
     </span>
    </p>
   </div>
   <div class='ocr_carea' id='block_1_74' title="bbox 1881 2678 3465 2747">
    <p class='ocr_par' dir='ltr' id='par_1_74' title="bbox 1881 2678 3465 2747">
     <span class='ocr_line' id='line_1_74' title="bbox 1881 2678 3465 2747; baseline -0.001 -13"><span class='ocrx_word' id='word_1_536' title='bbox 1881 2681 2023 2734; x_wconf 84' lang='lat' dir='ltr'><strong>mihi</strong></span> <span class='ocrx_word' id='word_1_537' title='bbox 2056 2681 2219 2734; x_wconf 72' lang='lat' dir='ltr'><strong>varia:</strong></span> <span class='ocrx_word' id='word_1_538' title='bbox 2241 2679 2528 2747; x_wconf 87' lang='lat' dir='ltr'><strong>cujusdam</strong></span> <span class='ocrx_word' id='word_1_539' title='bbox 2562 2695 2624 2733; x_wconf 86' lang='lat' dir='ltr'><strong>ac</strong></span> <span class='ocrx_word' id='word_1_540' title='bbox 2648 2678 2987 2747; x_wconf 80' lang='lat' dir='ltr'><strong>multicipitis</strong></span> <span class='ocrx_word' id='word_1_541' title='bbox 3020 2679 3316 2732; x_wconf 88' lang='lat' dir='ltr'><strong>animantis</strong></span> <span class='ocrx_word' id='word_1_542' title='bbox 3339 2694 3465 2747; x_wconf 88' lang='lat' dir='ltr'><strong>spe-</strong></span> 
     </span>
    </p>
   </div>
   <div class='ocr_carea' id='block_1_75' title="bbox 1880 2770 3459 2842">
    <p class='ocr_par' dir='ltr' id='par_1_75' title="bbox 1880 2770 3459 2842">
     <span class='ocr_line' id='line_1_75' title="bbox 1880 2770 3459 2842; baseline -0.003 -13"><span class='ocrx_word' id='word_1_543' title='bbox 1880 2774 2017 2829; x_wconf 90' lang='lat' dir='ltr'><strong>ciem</strong></span> <span class='ocrx_word' id='word_1_544' title='bbox 2053 2788 2218 2828; x_wconf 90' lang='lat' dir='ltr'><strong>unam</strong></span> <span class='ocrx_word' id='word_1_545' title='bbox 2277 2772 2425 2826; x_wconf 89' lang='lat' dir='ltr'><strong>illam</strong></span> <span class='ocrx_word' id='word_1_546' title='bbox 2476 2772 2722 2842; x_wconf 87' lang='lat' dir='ltr'><strong>quidem,</strong></span> <span class='ocrx_word' id='word_1_547' title='bbox 2776 2772 2870 2825; x_wconf 89' lang='lat' dir='ltr'><strong>sed</strong></span> <span class='ocrx_word' id='word_1_548' title='bbox 2929 2780 3107 2825; x_wconf 88' lang='lat' dir='ltr'><strong>tamen</strong></span> <span class='ocrx_word' id='word_1_549' title='bbox 3165 2770 3459 2840; x_wconf 85' lang='lat' dir='ltr'><strong>ejusmodi,</strong></span> 
     </span>
    </p>
   </div>
   <div class='ocr_carea' id='block_1_76' title="bbox 1879 2863 3463 2936">
    <p class='ocr_par' dir='ltr' id='par_1_76' title="bbox 1879 2863 3463 2936">
     <span class='ocr_line' id='line_1_76' title="bbox 1879 2863 3463 2936; baseline -0.001 -17"><span class='ocrx_word' id='word_1_550' title='bbox 1879 2882 2002 2936; x_wconf 63' lang='lat' dir='ltr'><strong>quae</strong></span> <span class='ocrx_word' id='word_1_551' title='bbox 2049 2867 2246 2936; x_wconf 89' lang='lat' dir='ltr'><strong>partim</strong></span> <span class='ocrx_word' id='word_1_552' title='bbox 2296 2866 2568 2929; x_wconf 92' lang='lat' dir='ltr'><strong>cicurum,</strong></span> <span class='ocrx_word' id='word_1_553' title='bbox 2604 2865 2802 2935; x_wconf 85' lang='lat' dir='ltr'><strong>partim</strong></span> <span class='ocrx_word' id='word_1_554' title='bbox 2833 2863 3072 2920; x_wconf 88' lang='lat' dir='ltr'><strong>ferarum</strong></span> <span class='ocrx_word' id='word_1_555' title='bbox 3106 2863 3374 2933; x_wconf 89' lang='lat' dir='ltr'><strong>capitibus</strong></span> <span class='ocrx_word' id='word_1_556' title='bbox 3405 2863 3463 2918; x_wconf 90' lang='lat' dir='ltr'><strong>in</strong></span> 
     </span>
    </p>
   </div>
   <div class='ocr_carea' id='block_1_77' title="bbox 1879 2957 3454 3028">
    <p class='ocr_par' dir='ltr' id='par_1_77' title="bbox 1879 2957 3454 3028">
     <span class='ocr_line' id='line_1_77' title="bbox 1879 2957 3454 3028; baseline -0.001 -15"><span class='ocrx_word' id='word_1_557' title='bbox 1879 2959 2065 3014; x_wconf 91' lang='lat' dir='ltr'><strong>orbem</strong></span> <span class='ocrx_word' id='word_1_558' title='bbox 2099 2958 2350 3028; x_wconf 88' lang='lat' dir='ltr'><strong>pluribus</strong></span> <span class='ocrx_word' id='word_1_559' title='bbox 2380 2958 2670 3022; x_wconf 88' lang='lat' dir='ltr'><strong>instructa,</strong></span> <span class='ocrx_word' id='word_1_560' title='bbox 2710 2957 2898 3012; x_wconf 86' lang='lat' dir='ltr'><strong>eadem</strong></span> <span class='ocrx_word' id='word_1_561' title='bbox 2943 2971 3054 3011; x_wconf 92' lang='lat' dir='ltr'><strong>non</strong></span> <span class='ocrx_word' id='word_1_562' title='bbox 3104 2966 3318 3011; x_wconf 89' lang='lat' dir='ltr'><strong>mutare</strong></span> <span class='ocrx_word' id='word_1_563' title='bbox 3344 2970 3454 3011; x_wconf 85' lang='lat' dir='ltr'><strong>mo-</strong></span> 
     </span>
    </p>
   </div>
   <div class='ocr_carea' id='block_1_78' title="bbox 1877 3050 3460 3120">
    <p class='ocr_par' dir='ltr' id='par_1_78' title="bbox 1877 3050 3460 3120">
     <span class='ocr_line' id='line_1_78' title="bbox 1877 3050 3460 3120; baseline -0.001 -14"><span class='ocrx_word' id='word_1_564' title='bbox 1877 3050 1971 3117; x_wconf 90' lang='lat' dir='ltr'><strong>do,</strong></span> <span class='ocrx_word' id='word_1_565' title='bbox 2001 3051 2096 3106; x_wconf 89' lang='lat' dir='ltr'><strong>sed</strong></span> <span class='ocrx_word' id='word_1_566' title='bbox 2141 3051 2304 3105; x_wconf 85' lang='lat' dir='ltr'><strong>etiam</strong></span> <span class='ocrx_word' id='word_1_567' title='bbox 2357 3050 2660 3120; x_wconf 86' lang='lat' dir='ltr'><strong>producere</strong></span> <span class='ocrx_word' id='word_1_568' title='bbox 2702 3050 2886 3104; x_wconf 88' lang='lat' dir='ltr'><strong>omnia</strong></span> <span class='ocrx_word' id='word_1_569' title='bbox 2915 3065 2980 3104; x_wconf 80' lang='lat' dir='ltr'><strong>ex</strong></span> <span class='ocrx_word' id='word_1_570' title='bbox 3015 3065 3136 3105; x_wconf 82' lang='lat' dir='ltr'><strong>sese</strong></span> <span class='ocrx_word' id='word_1_571' title='bbox 3165 3050 3358 3120; x_wconf 91' lang='lat' dir='ltr'><strong>possit.</strong></span> <span class='ocrx_word' id='word_1_572' title='bbox 3388 3075 3460 3091; x_wconf 87' lang='lat'><strong>--</strong></span> 
     </span>
    </p>
   </div>
   <div class='ocr_carea' id='block_1_79' title="bbox 1881 3142 3458 3212">
    <p class='ocr_par' dir='ltr' id='par_1_79' title="bbox 1881 3142 3458 3212">
     <span class='ocr_line' id='line_1_79' title="bbox 1881 3142 3458 3212; baseline -0.001 -15"><span class='ocrx_word' id='word_1_573' title='bbox 1881 3142 2135 3208; x_wconf 81' lang='lat' dir='ltr'><strong>Fictoris,</strong></span> <span class='ocrx_word' id='word_1_574' title='bbox 2165 3143 2365 3212; x_wconf 83' lang='lat' dir='ltr'><strong>inquit,</strong></span> <span class='ocrx_word' id='word_1_575' title='bbox 2401 3157 2540 3212; x_wconf 89' lang='lat' dir='ltr'><strong>opus</strong></span> <span class='ocrx_word' id='word_1_576' title='bbox 2575 3156 2768 3196; x_wconf 86' lang='lat' dir='ltr'><strong>narras</strong></span> <span class='ocrx_word' id='word_1_577' title='bbox 2828 3142 3026 3212; x_wconf 89' lang='lat' dir='ltr'><strong>oppido</strong></span> <span class='ocrx_word' id='word_1_578' title='bbox 3079 3158 3240 3211; x_wconf 91' lang='lat' dir='ltr'><strong>quam</strong></span> <span class='ocrx_word' id='word_1_579' title='bbox 3285 3143 3458 3196; x_wconf 88' lang='lat' dir='ltr'><strong>soler-</strong></span> 
     </span>
    </p>
   </div>
   <div class='ocr_carea' id='block_1_80' title="bbox 1881 3233 3460 3304">
    <p class='ocr_par' dir='ltr' id='par_1_80' title="bbox 1881 3233 3460 3304">
     <span class='ocr_line' id='line_1_80' title="bbox 1881 3233 3460 3304; baseline -0.002 -14"><span class='ocrx_word' id='word_1_580' title='bbox 1881 3237 1952 3290; x_wconf 90' lang='lat' dir='ltr'><strong>tis</strong></span> <span class='ocrx_word' id='word_1_581' title='bbox 1981 3253 1993 3288; x_wconf 92' lang='lat'>:</span> <span class='ocrx_word' id='word_1_582' title='bbox 2027 3234 2119 3289; x_wconf 89' lang='lat' dir='ltr'><strong>sed</strong></span> <span class='ocrx_word' id='word_1_583' title='bbox 2153 3245 2354 3299; x_wconf 90' lang='lat' dir='ltr'><strong>tamen,</strong></span> <span class='ocrx_word' id='word_1_584' title='bbox 2381 3233 2600 3304; x_wconf 88' lang='lat' dir='ltr'><strong>quando</strong></span> <span class='ocrx_word' id='word_1_585' title='bbox 2631 3235 2746 3288; x_wconf 91' lang='lat' dir='ltr'><strong>istis</strong></span> <span class='ocrx_word' id='word_1_586' title='bbox 2776 3233 2939 3287; x_wconf 86' lang='lat' dir='ltr'><strong>etiam</strong></span> <span class='ocrx_word' id='word_1_587' title='bbox 2967 3236 3032 3288; x_wconf 92' lang='lat' dir='ltr'><strong>de</strong></span> <span class='ocrx_word' id='word_1_588' title='bbox 3060 3234 3222 3288; x_wconf 85' lang='lat' dir='ltr'><strong>rebus</strong></span> <span class='ocrx_word' id='word_1_589' title='bbox 3251 3234 3334 3287; x_wconf 87' lang='lat' dir='ltr'><strong>vel</strong></span> <span class='ocrx_word' id='word_1_590' title='bbox 3368 3248 3460 3288; x_wconf 81' lang='lat' dir='ltr'><strong>ce-</strong></span> 
     </span>
    </p>
   </div>
   <div class='ocr_carea' id='block_1_81' title="bbox 1879 3324 3456 3396">
    <p class='ocr_par' dir='ltr' id='par_1_81' title="bbox 1879 3324 3456 3396">
     <span class='ocr_line' id='line_1_81' title="bbox 1879 3324 3456 3396; baseline 0 -16"><span class='ocrx_word' id='word_1_591' title='bbox 1879 3343 1938 3380; x_wconf 90' lang='lat' dir='ltr'><strong>ra</strong></span> <span class='ocrx_word' id='word_1_592' title='bbox 1971 3327 2088 3394; x_wconf 91' lang='lat' dir='ltr'><strong>ipsa</strong></span> <span class='ocrx_word' id='word_1_593' title='bbox 2117 3324 2332 3380; x_wconf 80' lang='lat' dir='ltr'><strong>facilior</strong></span> <span class='ocrx_word' id='word_1_594' title='bbox 2362 3341 2425 3380; x_wconf 93' lang='lat' dir='ltr'><strong>ac</strong></span> <span class='ocrx_word' id='word_1_595' title='bbox 2456 3326 2671 3379; x_wconf 91' lang='lat' dir='ltr'><strong>mollior</strong></span> <span class='ocrx_word' id='word_1_596' title='bbox 2699 3327 2765 3380; x_wconf 88' lang='lat' dir='ltr'><strong>ad</strong></span> <span class='ocrx_word' id='word_1_597' title='bbox 2793 3327 3102 3396; x_wconf 80' lang='lat' dir='ltr'><strong>tingendum</strong></span> <span class='ocrx_word' id='word_1_598' title='bbox 3144 3326 3321 3380; x_wconf 88' lang='lat' dir='ltr'><strong>oratio</strong></span> <span class='ocrx_word' id='word_1_599' title='bbox 3353 3336 3456 3392; x_wconf 88' lang='lat' dir='ltr'><strong>est,</strong></span> 
     </span>
    </p>
   </div>
   <div class='ocr_carea' id='block_1_82' title="bbox 1879 3415 3458 3486">
    <p class='ocr_par' dir='ltr' id='par_1_82' title="bbox 1879 3415 3458 3486">
     <span class='ocr_line' id='line_1_82' title="bbox 1879 3415 3458 3486; baseline 0 -16"><span class='ocrx_word' id='word_1_600' title='bbox 1879 3417 2114 3486; x_wconf 87' lang='lat' dir='ltr'><strong>tingatur</strong></span> <span class='ocrx_word' id='word_1_601' title='bbox 2168 3417 2298 3471; x_wconf 91' lang='lat' dir='ltr'><strong>illud</strong></span> <span class='ocrx_word' id='word_1_602' title='bbox 2345 3431 2497 3471; x_wconf 89' lang='lat' dir='ltr'><strong>sane.</strong></span> <span class='ocrx_word' id='word_1_603' title='bbox 2535 3445 2604 3453; x_wconf 94' lang='lat'>—</span> <span class='ocrx_word' id='word_1_604' title='bbox 2634 3415 2795 3480; x_wconf 90' lang='lat' dir='ltr'><strong>Tum,</strong></span> <span class='ocrx_word' id='word_1_605' title='bbox 2828 3417 2990 3470; x_wconf 90' lang='lat' dir='ltr'><strong>aliam</strong></span> <span class='ocrx_word' id='word_1_606' title='bbox 3027 3416 3157 3469; x_wconf 87' lang='lat' dir='ltr'><strong>mihi</strong></span> <span class='ocrx_word' id='word_1_607' title='bbox 3204 3417 3458 3486; x_wconf 85' lang='lat' dir='ltr'><strong>deinceps</strong></span> 
     </span>
    </p>
   </div>
   <div class='ocr_carea' id='block_1_83' title="bbox 1878 3506 3456 3578">
    <p class='ocr_par' dir='ltr' id='par_1_83' title="bbox 1878 3506 3456 3578">
     <span class='ocr_line' id='line_1_83' title="bbox 1878 3506 3456 3578; baseline -0.001 -16"><span class='ocrx_word' id='word_1_608' title='bbox 1878 3509 2052 3563; x_wconf 90' lang='lat' dir='ltr'><strong>leonis</strong></span> <span class='ocrx_word' id='word_1_609' title='bbox 2101 3509 2336 3578; x_wconf 89' lang='lat' dir='ltr'><strong>speciem</strong></span> <span class='ocrx_word' id='word_1_610' title='bbox 2385 3508 2548 3577; x_wconf 82' lang='lat' dir='ltr'><strong>tinge,</strong></span> <span class='ocrx_word' id='word_1_611' title='bbox 2579 3507 2819 3576; x_wconf 84' lang='lat' dir='ltr'><strong>itemque</strong></span> <span class='ocrx_word' id='word_1_612' title='bbox 2865 3507 3106 3562; x_wconf 89' lang='lat' dir='ltr'><strong>hominis</strong></span> <span class='ocrx_word' id='word_1_613' title='bbox 3137 3507 3296 3560; x_wconf 87' lang='lat' dir='ltr'><strong>aliam</strong></span> <span class='ocrx_word' id='word_1_614' title='bbox 3331 3525 3343 3559; x_wconf 87' lang='lat'><strong>:</strong></span> <span class='ocrx_word' id='word_1_615' title='bbox 3383 3506 3456 3560; x_wconf 89' lang='lat' dir='ltr'><strong>ita</strong></span> 
     </span>
    </p>
   </div>
   <div class='ocr_carea' id='block_1_84' title="bbox 1877 3598 3457 3671">
    <p class='ocr_par' dir='ltr' id='par_1_84' title="bbox 1877 3598 3457 3671">
     <span class='ocr_line' id='line_1_84' title="bbox 1877 3598 3457 3671; baseline -0.001 -18"><span class='ocrx_word' id='word_1_616' title='bbox 1877 3602 2095 3671; x_wconf 88' lang='lat' dir='ltr'><strong>quidem</strong></span> <span class='ocrx_word' id='word_1_617' title='bbox 2151 3611 2209 3654; x_wconf 92' lang='lat' dir='ltr'><strong>ut</strong></span> <span class='ocrx_word' id='word_1_618' title='bbox 2263 3601 2414 3671; x_wconf 90' lang='lat' dir='ltr'><strong>prior</strong></span> <span class='ocrx_word' id='word_1_619' title='bbox 2447 3601 2537 3654; x_wconf 91' lang='lat' dir='ltr'><strong>ille</strong></span> <span class='ocrx_word' id='word_1_620' title='bbox 2576 3601 2734 3670; x_wconf 85' lang='lat' dir='ltr'><strong>longe</strong></span> <span class='ocrx_word' id='word_1_621' title='bbox 2769 3599 3007 3652; x_wconf 85' lang='lat' dir='ltr'><strong>maxima</strong></span> <span class='ocrx_word' id='word_1_622' title='bbox 3054 3599 3144 3658; x_wconf 89' lang='lat' dir='ltr'><strong>sit.</strong></span> <span class='ocrx_word' id='word_1_623' title='bbox 3189 3598 3457 3668; x_wconf 84' lang='lat' dir='ltr'><strong>posterior</strong></span> 
     </span>
    </p>
   </div>
   <div class='ocr_carea' id='block_1_85' title="bbox 1876 3688 3452 3761">
    <p class='ocr_par' dir='ltr' id='par_1_85' title="bbox 1876 3688 3452 3761">
     <span class='ocr_line' id='line_1_85' title="bbox 1876 3688 3452 3761; baseline -0.001 -17"><span class='ocrx_word' id='word_1_624' title='bbox 1876 3707 2006 3746; x_wconf 86' lang='lat' dir='ltr'><strong>vero</strong></span> <span class='ocrx_word' id='word_1_625' title='bbox 2054 3691 2428 3761; x_wconf 83' lang='lat' dir='ltr'><strong>magnitudine</strong></span> <span class='ocrx_word' id='word_1_626' title='bbox 2457 3706 2677 3761; x_wconf 93' lang='lat' dir='ltr'><strong>quoque</strong></span> <span class='ocrx_word' id='word_1_627' title='bbox 2706 3691 2994 3760; x_wconf 85' lang='lat' dir='ltr'><strong>posterior.</strong></span> <span class='ocrx_word' id='word_1_628' title='bbox 3027 3720 3093 3730; x_wconf 84' lang='lat'><strong>——</strong></span> <span class='ocrx_word' id='word_1_629' title='bbox 3115 3688 3240 3746; x_wconf 61' lang='lat' dir='ltr'><strong>Hac</strong></span> <span class='ocrx_word' id='word_1_630' title='bbox 3281 3706 3410 3744; x_wconf 80' lang='lat' dir='ltr'><strong>vero</strong></span> <span class='ocrx_word' id='word_1_631' title='bbox 3437 3731 3452 3754; x_wconf 96' lang='lat'><strong>,</strong></span> 
     </span>
    </p>
   </div>
   <div class='ocr_carea' id='block_1_86' title="bbox 1877 3781 3459 3853">
    <p class='ocr_par' dir='ltr' id='par_1_86' title="bbox 1877 3781 3459 3853">
     <span class='ocr_line' id='line_1_86' title="bbox 1877 3781 3459 3853; baseline 0 -17"><span class='ocrx_word' id='word_1_632' title='bbox 1877 3783 2096 3853; x_wconf 91' lang='lat' dir='ltr'><strong>inquit,</strong></span> <span class='ocrx_word' id='word_1_633' title='bbox 2149 3783 2314 3837; x_wconf 90' lang='lat' dir='ltr'><strong>etiam</strong></span> <span class='ocrx_word' id='word_1_634' title='bbox 2369 3782 2615 3837; x_wconf 91' lang='lat' dir='ltr'><strong>faciliora</strong></span> <span class='ocrx_word' id='word_1_635' title='bbox 2664 3792 2837 3844; x_wconf 86' lang='lat' dir='ltr'><strong>sunt,</strong></span> <span class='ocrx_word' id='word_1_636' title='bbox 2884 3783 3069 3851; x_wconf 90' lang='lat' dir='ltr'><strong>itaque</strong></span> <span class='ocrx_word' id='word_1_637' title='bbox 3118 3781 3240 3836; x_wconf 75' lang='lat' dir='ltr'><strong>ficta</strong></span> <span class='ocrx_word' id='word_1_638' title='bbox 3291 3782 3459 3853; x_wconf 76' lang='lat'><strong>616</strong></span> 
     </span>
    </p>
   </div>
   <div class='ocr_carea' id='block_1_87' title="bbox 1872 3873 3455 3945">
    <p class='ocr_par' dir='ltr' id='par_1_87' title="bbox 1872 3873 3455 3945">
     <span class='ocr_line' id='line_1_87' title="bbox 1872 3873 3455 3945; baseline -0.002 -16"><span class='ocrx_word' id='word_1_639' title='bbox 1872 3875 1985 3945; x_wconf 90' lang='lat' dir='ltr'><strong>jam</strong></span> <span class='ocrx_word' id='word_1_640' title='bbox 2025 3882 2175 3929; x_wconf 90' lang='lat' dir='ltr'><strong>sunt.</strong></span> <span class='ocrx_word' id='word_1_641' title='bbox 2210 3905 2280 3915; x_wconf 96' lang='lat'><strong>—</strong></span> <span class='ocrx_word' id='word_1_642' title='bbox 2316 3873 2438 3929; x_wconf 88' lang='lat' dir='ltr'><strong>Jam</strong></span> <span class='ocrx_word' id='word_1_643' title='bbox 2487 3889 2654 3928; x_wconf 91' lang='lat' dir='ltr'><strong>unum</strong></span> <span class='ocrx_word' id='word_1_644' title='bbox 2703 3875 2757 3928; x_wconf 92' lang='lat' dir='ltr'><strong>in</strong></span> <span class='ocrx_word' id='word_1_645' title='bbox 2813 3873 3020 3944; x_wconf 89' lang='lat' dir='ltr'><strong>aliquid</strong></span> <span class='ocrx_word' id='word_1_646' title='bbox 3055 3874 3157 3928; x_wconf 87' lang='lat' dir='ltr'><strong>tria</strong></span> <span class='ocrx_word' id='word_1_647' title='bbox 3189 3875 3291 3928; x_wconf 89' lang='lat' dir='ltr'><strong>ista</strong></span> <span class='ocrx_word' id='word_1_648' title='bbox 3324 3889 3455 3928; x_wconf 91' lang='lat' dir='ltr'><strong>con-</strong></span> 
     </span>
    </p>
   </div>
   <div class='ocr_carea' id='block_1_88' title="bbox 1875 3965 3456 4040">
    <p class='ocr_par' dir='ltr' id='par_1_88' title="bbox 1875 3965 3456 4040">
     <span class='ocr_line' id='line_1_88' title="bbox 1875 3965 3456 4040; baseline -0.002 -17"><span class='ocrx_word' id='word_1_649' title='bbox 1875 3969 2025 4034; x_wconf 83' lang='lat' dir='ltr'><strong>ﬂato,</strong></span> <span class='ocrx_word' id='word_1_650' title='bbox 2057 3970 2217 4040; x_wconf 87' lang='lat' dir='ltr'><strong>quasi</strong></span> <span class='ocrx_word' id='word_1_651' title='bbox 2250 3969 2354 4024; x_wconf 92' lang='lat' dir='ltr'><strong>sub</strong></span> <span class='ocrx_word' id='word_1_652' title='bbox 2383 3977 2566 4023; x_wconf 87' lang='lat' dir='ltr'><strong>ortum</strong></span> <span class='ocrx_word' id='word_1_653' title='bbox 2597 3967 2738 4021; x_wconf 91' lang='lat' dir='ltr'><strong>inter</strong></span> <span class='ocrx_word' id='word_1_654' title='bbox 2767 3984 2887 4021; x_wconf 87' lang='lat' dir='ltr'><strong>sese</strong></span> <span class='ocrx_word' id='word_1_655' title='bbox 2918 3965 3456 4022; x_wconf 84' lang='lat' dir='ltr'><strong>coaluerint.—Con-</strong></span> 
     </span>
    </p>
   </div>
   <div class='ocr_carea' id='block_1_89' title="bbox 1874 4059 3454 4131">
    <p class='ocr_par' dir='ltr' id='par_1_89' title="bbox 1874 4059 3454 4131">
     <span class='ocr_line' id='line_1_89' title="bbox 1874 4059 3454 4131; baseline -0.003 -15"><span class='ocrx_word' id='word_1_656' title='bbox 1874 4064 2000 4116; x_wconf 81' lang='lat' dir='ltr'><strong>flata</strong></span> <span class='ocrx_word' id='word_1_657' title='bbox 2030 4072 2178 4126; x_wconf 89' lang='lat' dir='ltr'><strong>sunt,</strong></span> <span class='ocrx_word' id='word_1_658' title='bbox 2211 4061 2409 4131; x_wconf 91' lang='lat' dir='ltr'><strong>inquit.</strong></span> <span class='ocrx_word' id='word_1_659' title='bbox 2437 4091 2510 4103; x_wconf 91' lang='lat'><strong>--</strong></span> <span class='ocrx_word' id='word_1_660' title='bbox 2536 4059 2606 4115; x_wconf 92' lang='lat' dir='ltr'><strong>lis</strong></span> <span class='ocrx_word' id='word_1_661' title='bbox 2636 4070 2691 4115; x_wconf 93' lang='lat' dir='ltr'><strong>tu</strong></span> <span class='ocrx_word' id='word_1_662' title='bbox 2723 4075 2889 4130; x_wconf 91' lang='lat' dir='ltr'><strong>porro</strong></span> <span class='ocrx_word' id='word_1_663' title='bbox 2923 4061 3268 4114; x_wconf 81' lang='lat' dir='ltr'><strong>extrinsecus</strong></span> <span class='ocrx_word' id='word_1_664' title='bbox 3299 4074 3454 4112; x_wconf 86' lang='lat' dir='ltr'><strong>com-</strong></span> 
     </span>
    </p>
   </div>
   <div class='ocr_carea' id='block_1_90' title="bbox 1873 4151 3452 4222">
    <p class='ocr_par' dir='ltr' id='par_1_90' title="bbox 1873 4151 3452 4222">
     <span class='ocr_line' id='line_1_90' title="bbox 1873 4151 3452 4222; baseline -0.002 -13"><span class='ocrx_word' id='word_1_665' title='bbox 1873 4170 2097 4209; x_wconf 89' lang='lat' dir='ltr'><strong>munem</strong></span> <span class='ocrx_word' id='word_1_666' title='bbox 2152 4155 2338 4219; x_wconf 89' lang='lat' dir='ltr'><strong>unius,</strong></span> <span class='ocrx_word' id='word_1_667' title='bbox 2370 4153 2464 4208; x_wconf 90' lang='lat' dir='ltr'><strong>sed</strong></span> <span class='ocrx_word' id='word_1_668' title='bbox 2521 4153 2760 4208; x_wconf 90' lang='lat' dir='ltr'><strong>hominis</strong></span> <span class='ocrx_word' id='word_1_669' title='bbox 2809 4152 3058 4222; x_wconf 84' lang='lat' dir='ltr'><strong>effigiem,</strong></span> <span class='ocrx_word' id='word_1_670' title='bbox 3092 4151 3452 4217; x_wconf 86' lang='lat' dir='ltr'><strong>circumdato,</strong></span> 
     </span>
    </p>
   </div>
   <div class='ocr_carea' id='block_1_91' title="bbox 1875 4244 3454 4318">
    <p class='ocr_par' dir='ltr' id='par_1_91' title="bbox 1875 4244 3454 4318">
     <span class='ocr_line' id='line_1_91' title="bbox 1875 4244 3454 4318; baseline -0.001 -18"><span class='ocrx_word' id='word_1_671' title='bbox 1875 4248 2076 4318; x_wconf 89' lang='lat' dir='ltr'><strong>utqui,</strong></span> <span class='ocrx_word' id='word_1_672' title='bbox 2111 4247 2258 4317; x_wconf 88' lang='lat' dir='ltr'><strong>quod</strong></span> <span class='ocrx_word' id='word_1_673' title='bbox 2307 4245 2623 4300; x_wconf 91' lang='lat' dir='ltr'><strong>interiorem</strong></span> <span class='ocrx_word' id='word_1_674' title='bbox 2686 4246 2834 4300; x_wconf 87' lang='lat' dir='ltr'><strong>illam</strong></span> <span class='ocrx_word' id='word_1_675' title='bbox 2886 4244 3121 4314; x_wconf 89' lang='lat' dir='ltr'><strong>speciem</strong></span> <span class='ocrx_word' id='word_1_676' title='bbox 3171 4244 3454 4313; x_wconf 88' lang='lat' dir='ltr'><strong>pervidere</strong></span> 
     </span>
    </p>
   </div>
   <div class='ocr_carea' id='block_1_92' title="bbox 1873 4337 3451 4410">
    <p class='ocr_par' dir='ltr' id='par_1_92' title="bbox 1873 4337 3451 4410">
     <span class='ocr_line' id='line_1_92' title="bbox 1873 4337 3451 4410; baseline -0.003 -17"><span class='ocrx_word' id='word_1_677' title='bbox 1873 4357 1980 4395; x_wconf 90' lang='lat' dir='ltr'><strong>non</strong></span> <span class='ocrx_word' id='word_1_678' title='bbox 2036 4341 2228 4410; x_wconf 87' lang='lat' dir='ltr'><strong>possit,</strong></span> <span class='ocrx_word' id='word_1_679' title='bbox 2281 4347 2567 4394; x_wconf 82' lang='lat' dir='ltr'><strong>externum</strong></span> <span class='ocrx_word' id='word_1_680' title='bbox 2623 4339 2726 4393; x_wconf 91' lang='lat' dir='ltr'><strong>hoc</strong></span> <span class='ocrx_word' id='word_1_681' title='bbox 2770 4338 3037 4392; x_wconf 78' lang='lat' dir='ltr'><strong>duntaxat</strong></span> <span class='ocrx_word' id='word_1_682' title='bbox 3105 4337 3451 4391; x_wconf 89' lang='lat' dir='ltr'><strong>involucrum</strong></span> 
     </span>
    </p>
   </div>
   <div class='ocr_carea' id='block_1_93' title="bbox 173 4429 1779 4503">
    <p class='ocr_par' dir='ltr' id='par_1_93' title="bbox 173 4429 1771 4500">
     <span class='ocr_line' id='line_1_93' title="bbox 173 4429 1771 4500; baseline 0.003 -19"><span class='ocrx_word' id='word_1_683' title='bbox 173 4455 250 4470; x_wconf 81' lang='lat'><strong>—-</strong></span> <span class='ocrx_word' id='word_1_684' title='bbox 282 4429 606 4483; x_wconf 89' lang='grc' dir='ltr'>Παντάπασι</span> <span class='ocrx_word' id='word_1_685' title='bbox 632 4429 760 4500; x_wconf 85' lang='grc' dir='ltr'>γάρ,</span> <span class='ocrx_word' id='word_1_686' title='bbox 790 4429 916 4500; x_wconf 76' lang='grc' dir='ltr'>ἔφη,</span> <span class='ocrx_word' id='word_1_687' title='bbox 955 4430 1104 4483; x_wconf 88' lang='grc' dir='ltr'>ταῦτ’</span> <span class='ocrx_word' id='word_1_688' title='bbox 1145 4431 1210 4484; x_wconf 84' lang='grc' dir='ltr'><strong>ἂν</strong></span> <span class='ocrx_word' id='word_1_689' title='bbox 1242 4429 1438 4499; x_wconf 88' lang='grc' dir='ltr'>λέγοιὸ</span> <span class='ocrx_word' id='word_1_690' title='bbox 1475 4431 1535 4482; x_wconf 82' lang='grc' dir='ltr'>τὸ</span> <span class='ocrx_word' id='word_1_691' title='bbox 1566 4430 1771 4485; x_wconf 86' lang='grc' dir='ltr'>ἀδικεῖν</span> 
     </span>
    </p>
   </div>
   <div class='ocr_carea' id='block_1_94' title="bbox 1882 4429 3450 4503">
    <p class='ocr_par' dir='ltr' id='par_1_94' title="bbox 1882 4429 3450 4503">
     <span class='ocr_line' id='line_1_94' title="bbox 1882 4429 3450 4503; baseline -0.004 -16"><span class='ocrx_word' id='word_1_692' title='bbox 1882 4433 2126 4503; x_wconf 83' lang='lat' dir='ltr'><strong>aspiciet,</strong></span> <span class='ocrx_word' id='word_1_693' title='bbox 2143 4433 2269 4486; x_wconf 89' lang='lat' dir='ltr'><strong>huic</strong></span> <span class='ocrx_word' id='word_1_694' title='bbox 2299 4447 2467 4486; x_wconf 92' lang='lat' dir='ltr'><strong>unum</strong></span> <span class='ocrx_word' id='word_1_695' title='bbox 2502 4431 2722 4500; x_wconf 86' lang='lat' dir='ltr'><strong>aliquod</strong></span> <span class='ocrx_word' id='word_1_696' title='bbox 2755 4431 2980 4495; x_wconf 89' lang='lat' dir='ltr'><strong>animal,</strong></span> <span class='ocrx_word' id='word_1_697' title='bbox 3002 4429 3450 4498; x_wconf 89' lang='lat' dir='ltr'><strong>homo,inquam,</strong></span> 
     </span>
    </p>
   </div>
   <div class='ocr_carea' id='block_1_95' title="bbox 175 4518 1771 4591">
    <p class='ocr_par' dir='ltr' id='par_1_95' title="bbox 175 4518 1771 4591">
     <span class='ocr_line' id='line_1_95' title="bbox 175 4518 1771 4591; baseline 0.001 -19"><span class='ocrx_word' id='word_1_698' title='bbox 175 4519 444 4576; x_wconf 78' lang='grc' dir='ltr'>ἐπαινῶν.</span> <span class='ocrx_word' id='word_1_699' title='bbox 479 4553 550 4562; x_wconf 90' lang='lat'><strong>——</strong></span> <span class='ocrx_word' id='word_1_700' title='bbox 577 4521 784 4574; x_wconf 79' lang='grc' dir='ltr'>Οὐκοῦν</span> <span class='ocrx_word' id='word_1_701' title='bbox 810 4518 876 4576; x_wconf 77' lang='grc' dir='ltr'><strong>αὖ</strong></span> <span class='ocrx_word' id='word_1_702' title='bbox 903 4524 932 4574; x_wconf 87' lang='grc' dir='ltr'>ὁ</span> <span class='ocrx_word' id='word_1_703' title='bbox 956 4521 1023 4575; x_wconf 81' lang='grc' dir='ltr'><strong>τά</strong></span> <span class='ocrx_word' id='word_1_704' title='bbox 1056 4521 1238 4576; x_wconf 88' lang='grc' dir='ltr'>δίκαια</span> <span class='ocrx_word' id='word_1_705' title='bbox 1265 4522 1440 4591; x_wconf 89' lang='grc' dir='ltr'>λέγων</span> <span class='ocrx_word' id='word_1_706' title='bbox 1471 4521 1771 4575; x_wconf 91' lang='grc' dir='ltr'>λυσιτελεῖν</span> 
     </span>
    </p>
   </div>
   <div class='ocr_carea' id='block_1_96' title="bbox 173 4611 1770 4684">
    <p class='ocr_par' dir='ltr' id='par_1_96' title="bbox 173 4611 1770 4684">
     <span class='ocr_line' id='line_1_96' title="bbox 173 4611 1770 4684; baseline -0.001 -18"><span class='ocrx_word' id='word_1_707' title='bbox 173 4612 319 4681; x_wconf 81' lang='grc' dir='ltr'>φαίη</span> <span class='ocrx_word' id='word_1_708' title='bbox 347 4611 413 4665; x_wconf 87' lang='grc' dir='ltr'><strong>ἂν</strong></span> <span class='ocrx_word' id='word_1_709' title='bbox 447 4613 556 4666; x_wconf 90' lang='grc' dir='ltr'>δεῖν</span> <span class='ocrx_word' id='word_1_710' title='bbox 584 4612 757 4666; x_wconf 88' lang='grc' dir='ltr'>ταῦτα</span> <span class='ocrx_word' id='word_1_711' title='bbox 795 4614 1075 4684; x_wconf 87' lang='grc' dir='ltr'>πράττειν,</span> <span class='ocrx_word' id='word_1_712' title='bbox 1115 4613 1209 4666; x_wconf 78' lang='grc' dir='ltr'><strong>καὶ</strong></span> <span class='ocrx_word' id='word_1_713' title='bbox 1234 4613 1406 4667; x_wconf 89' lang='grc' dir='ltr'>ταῦτα</span> <span class='ocrx_word' id='word_1_714' title='bbox 1437 4611 1770 4681; x_wconf 85' lang='grc' dir='ltr'>λέγειν,ὂθεν</span> 
     </span>
    </p>
   </div>
   <div class='ocr_carea' id='block_1_97' title="bbox 169 4699 1769 4776">
    <p class='ocr_par' dir='ltr' id='par_1_97' title="bbox 169 4699 1769 4776">
     <span class='ocr_line' id='line_1_97' title="bbox 169 4699 1769 4776; baseline 0.001 -20"><span class='ocrx_word' id='word_1_715' title='bbox 169 4699 274 4756; x_wconf 78' lang='grc' dir='ltr'><strong>τοῦ</strong></span> <span class='ocrx_word' id='word_1_716' title='bbox 295 4701 584 4773; x_wconf 83' lang='grc' dir='ltr'>ἀνθρώπου</span> <span class='ocrx_word' id='word_1_717' title='bbox 631 4706 659 4756; x_wconf 88' lang='grc' dir='ltr'>ὁ</span> <span class='ocrx_word' id='word_1_718' title='bbox 702 4704 853 4768; x_wconf 81' lang='grc' dir='ltr'>ἐντὸς</span> <span class='ocrx_word' id='word_1_719' title='bbox 884 4704 1169 4776; x_wconf 80' lang='grc' dir='ltr'>ἄνθρωπος</span> <span class='ocrx_word' id='word_1_720' title='bbox 1199 4704 1352 4758; x_wconf 81' lang='grc' dir='ltr'>ἔσται</span> <span class='ocrx_word' id='word_1_721' title='bbox 1401 4704 1769 4776; x_wconf 78' lang='grc' dir='ltr'>ἐγκρατέστα-</span> 
     </span>
    </p>
   </div>
   <div class='ocr_carea' id='block_1_98' title="bbox 169 4793 1764 4868">
    <p class='ocr_par' dir='ltr' id='par_1_98' title="bbox 169 4793 1764 4868">
     <span class='ocr_line' id='line_1_98' title="bbox 169 4793 1764 4868; baseline 0.001 -20"><span class='ocrx_word' id='word_1_722' title='bbox 169 4810 293 4857; x_wconf 85' lang='grc' dir='ltr'>τος·</span> <span class='ocrx_word' id='word_1_723' title='bbox 324 4794 419 4848; x_wconf 66' lang='grc' dir='ltr'><strong>κα)⁵</strong></span> <span class='ocrx_word' id='word_1_724' title='bbox 462 4793 557 4847; x_wconf 92' lang='grc' dir='ltr'><strong>τοῦ</strong></span> <span class='ocrx_word' id='word_1_725' title='bbox 584 4794 959 4866; x_wconf 82' lang='grc' dir='ltr'>πολυκεφάλου</span> <span class='ocrx_word' id='word_1_726' title='bbox 1009 4795 1324 4868; x_wconf 85' lang='grc' dir='ltr'>θρέμματος</span> <span class='ocrx_word' id='word_1_727' title='bbox 1353 4797 1764 4868; x_wconf 78' lang='grc' dir='ltr'>ἐπιμελήσεται,</span> 
     </span>
    </p>
   </div>
   <div class='ocr_carea' id='block_1_99' title="bbox 168 4886 1768 4962">
    <p class='ocr_par' dir='ltr' id='par_1_99' title="bbox 168 4886 1768 4962">
     <span class='ocr_line' id='line_1_99' title="bbox 168 4886 1768 4962; baseline 0.001 -20"><span class='ocrx_word' id='word_1_728' title='bbox 168 4886 372 4956; x_wconf 83' lang='grc' dir='ltr'>ὥσπερ</span> <span class='ocrx_word' id='word_1_729' title='bbox 399 4887 664 4957; x_wconf 77' lang='grc' dir='ltr'>γεωργὸς,</span> <span class='ocrx_word' id='word_1_730' title='bbox 725 4889 794 4942; x_wconf 85' lang='grc' dir='ltr'>τὰ</span> <span class='ocrx_word' id='word_1_731' title='bbox 842 4890 938 4960; x_wconf 82' lang='grc' dir='ltr'><strong>μὲν</strong></span> <span class='ocrx_word' id='word_1_732' title='bbox 965 4890 1150 4960; x_wconf 79' lang='grc' dir='ltr'>ἥμερα</span> <span class='ocrx_word' id='word_1_733' title='bbox 1199 4889 1413 4962; x_wconf 88' lang='grc' dir='ltr'>τρέφων</span> <span class='ocrx_word' id='word_1_734' title='bbox 1447 4889 1542 4942; x_wconf 70' lang='grc' dir='ltr'><strong>καὶ</strong></span> <span class='ocrx_word' id='word_1_735' title='bbox 1584 4888 1768 4943; x_wconf 88' lang='grc' dir='ltr'>τιθασ-</span> 
     </span>
    </p>
   </div>
   <div class='ocr_carea' id='block_1_100' title="bbox 171 4975 1766 5051">
    <p class='ocr_par' dir='ltr' id='par_1_100' title="bbox 171 4975 1766 5051">
     <span class='ocr_line' id='line_1_100' title="bbox 171 4975 1766 5051; baseline 0.004 -22"><span class='ocrx_word' id='word_1_736' title='bbox 171 4975 378 5040; x_wconf 80' lang='grc' dir='ltr'>σεύων,</span> <span class='ocrx_word' id='word_1_737' title='bbox 407 4978 476 5030; x_wconf 89' lang='grc' dir='ltr'><strong>τά</strong></span> <span class='ocrx_word' id='word_1_738' title='bbox 504 4978 560 5030; x_wconf 88' lang='grc' dir='ltr'>δὲ</span> <span class='ocrx_word' id='word_1_739' title='bbox 586 4979 754 5047; x_wconf 85' lang='grc' dir='ltr'>ἄγρια</span> <span class='ocrx_word' id='word_1_740' title='bbox 801 4980 1137 5034; x_wconf 87' lang='grc' dir='ltr'>ἀποκωλύων</span> <span class='ocrx_word' id='word_1_741' title='bbox 1190 4979 1441 5050; x_wconf 88' lang='grc' dir='ltr'>φύεσθαι,</span> <span class='ocrx_word' id='word_1_742' title='bbox 1480 4979 1766 5051; x_wconf 82' lang='grc' dir='ltr'>ξύμμαχον</span> 
     </span>
    </p>
   </div>
   <div class='ocr_carea' id='block_1_101' title="bbox 257 5109 1008 5177">
    <p class='ocr_par' dir='ltr' id='par_1_101' title="bbox 257 5109 1008 5177">
     <span class='ocr_line' id='line_1_101' title="bbox 257 5109 1008 5177; baseline 0.003 -14"><span class='ocrx_word' id='word_1_743' title='bbox 257 5110 276 5141; x_wconf 80' lang='grc'>⁸</span> <span class='ocrx_word' id='word_1_744' title='bbox 306 5109 504 5164; x_wconf 83' lang='lat' dir='ltr'><strong>Ezech.</strong></span> <span class='ocrx_word' id='word_1_745' title='bbox 545 5125 583 5175; x_wconf 87' lang='grc' dir='ltr'><strong>ι,</strong></span> <span class='ocrx_word' id='word_1_746' title='bbox 610 5111 665 5165; x_wconf 73' lang='grc'><strong>4.</strong></span> <span class='ocrx_word' id='word_1_747' title='bbox 741 5113 761 5143; x_wconf 82' lang='grc'>³</span> <span class='ocrx_word' id='word_1_748' title='bbox 790 5111 925 5177; x_wconf 92' lang='lat' dir='ltr'><strong>ibid,</strong></span> <span class='ocrx_word' id='word_1_749' title='bbox 954 5113 1008 5168; x_wconf 84' lang='lat'><strong>5.</strong></span> 
     </span>
    </p>
   </div>
   <div class='ocr_carea' id='block_1_102' title="bbox 247 5221 1759 5292">
    <p class='ocr_par' dir='ltr' id='par_1_102' title="bbox 247 5221 1759 5292">
     <span class='ocr_line' id='line_1_102' title="bbox 247 5221 1759 5292; baseline 0.003 -16"><span class='ocrx_word' id='word_1_750' title='bbox 247 5221 545 5292; x_wconf 50' lang='grc' dir='ltr'><strong>(89]Νῦφξ</strong></span> <span class='ocrx_word' id='word_1_751' title='bbox 580 5221 631 5274; x_wconf 84' lang='grc' dir='ltr'>δ’</span> <span class='ocrx_word' id='word_1_752' title='bbox 677 5221 850 5292; x_wconf 63' lang='grc' dir='ltr'>ἔφην.</span> <span class='ocrx_word' id='word_1_753' title='bbox 899 5222 1086 5287; x_wconf 84' lang='lat' dir='ltr'><strong>Plato,</strong></span> <span class='ocrx_word' id='word_1_754' title='bbox 1141 5223 1236 5278; x_wconf 90' lang='lat' dir='ltr'><strong>lib.</strong></span> <span class='ocrx_word' id='word_1_755' title='bbox 1293 5241 1344 5277; x_wconf 81' lang='lat' dir='ltr'><strong>Ix</strong></span> <span class='ocrx_word' id='word_1_756' title='bbox 1401 5223 1478 5277; x_wconf 86' lang='lat' dir='ltr'><strong>De</strong></span> <span class='ocrx_word' id='word_1_757' title='bbox 1519 5224 1759 5292; x_wconf 77' lang='lat' dir='ltr'><strong>republ.,</strong></span> 
     </span>
    </p>
   </div>
   <div class='ocr_carea' id='block_1_103' title="bbox 111 5290 1762 5365">
    <p class='ocr_par' dir='ltr' id='par_1_103' title="bbox 111 5290 1762 5365">
     <span class='ocr_line' id='line_1_103' title="bbox 111 5290 1762 5365; baseline 0.001 -17"><span class='ocrx_word' id='word_1_758' title='bbox 111 5345 114 5348; x_wconf 83' lang='lat'><strong>.</strong></span> <span class='ocrx_word' id='word_1_759' title='bbox 167 5290 302 5364; x_wconf 70' lang='lat' dir='ltr'><strong>pag.</strong></span> <span class='ocrx_word' id='word_1_760' title='bbox 340 5290 479 5365; x_wconf 27' lang='lat'><strong>509‘,</strong></span> <span class='ocrx_word' id='word_1_761' title='bbox 611 5293 680 5344; x_wconf 85' lang='lat' dir='ltr'><strong>At</strong></span> <span class='ocrx_word' id='word_1_762' title='bbox 705 5290 777 5365; x_wconf 65' lang='lat' dir='ltr'><strong>in</strong></span> <span class='ocrx_word' id='word_1_763' title='bbox 821 5293 1084 5356; x_wconf 65' lang='lat' dir='ltr'><strong>Phaedro,</strong></span> <span class='ocrx_word' id='word_1_764' title='bbox 1133 5310 1252 5364; x_wconf 90' lang='lat' dir='ltr'><strong>pag.</strong></span> <span class='ocrx_word' id='word_1_765' title='bbox 1303 5293 1408 5349; x_wconf 74' lang='grc'><strong>544</strong></span> <span class='ocrx_word' id='word_1_766' title='bbox 1432 5337 1446 5360; x_wconf 93' lang='grc'><strong>,</strong></span> <span class='ocrx_word' id='word_1_767' title='bbox 1484 5290 1578 5365; x_wconf 66' lang='grc' dir='ltr'>Ε,</span> <span class='ocrx_word' id='word_1_768' title='bbox 1605 5294 1762 5365; x_wconf 84' lang='lat' dir='ltr'><strong>longe</strong></span> 
     </span>
    </p>
   </div>
   <div class='ocr_carea' id='block_1_104' title="bbox 167 5361 1758 5431">
    <p class='ocr_par' dir='ltr' id='par_1_104' title="bbox 167 5361 1758 5431">
     <span class='ocr_line' id='line_1_104' title="bbox 167 5361 1758 5431; baseline 0.001 -15"><span class='ocrx_word' id='word_1_769' title='bbox 167 5361 340 5416; x_wconf 66' lang='lat' dir='ltr'><strong>aliam</strong></span> <span class='ocrx_word' id='word_1_770' title='bbox 367 5361 534 5414; x_wconf 90' lang='lat' dir='ltr'><strong>animi</strong></span> <span class='ocrx_word' id='word_1_771' title='bbox 569 5362 914 5431; x_wconf 85' lang='lat' dir='ltr'><strong>hominisque</strong></span> <span class='ocrx_word' id='word_1_772' title='bbox 938 5361 1174 5431; x_wconf 84' lang='lat' dir='ltr'><strong>speciem</strong></span> <span class='ocrx_word' id='word_1_773' title='bbox 1208 5361 1446 5420; x_wconf 79' lang='lat' dir='ltr'><strong>exhibet.</strong></span> <span class='ocrx_word' id='word_1_774' title='bbox 1478 5362 1571 5419; x_wconf 91' lang='lat' dir='ltr'><strong>Sic</strong></span> <span class='ocrx_word' id='word_1_775' title='bbox 1613 5361 1758 5418; x_wconf 73' lang='lat' dir='ltr'><strong>enim</strong></span> 
     </span>
    </p>
   </div>
   <div class='ocr_carea' id='block_1_105' title="bbox 166 5431 1802 5504">
    <p class='ocr_par' dir='ltr' id='par_1_105' title="bbox 166 5431 1802 5504">
     <span class='ocr_line' id='line_1_105' title="bbox 166 5431 1802 5504; baseline -0.001 -16"><span class='ocrx_word' id='word_1_776' title='bbox 166 5434 287 5496; x_wconf 79' lang='lat' dir='ltr'><strong>ille,</strong></span> <span class='ocrx_word' id='word_1_777' title='bbox 328 5433 510 5485; x_wconf 85' lang='grc' dir='ltr'>Ἐοικε</span> <span class='ocrx_word' id='word_1_778' title='bbox 539 5431 725 5504; x_wconf 14' lang='grc' dir='ltr'><strong>Ῠτῇγ</strong></span> <span class='ocrx_word' id='word_1_779' title='bbox 746 5431 1006 5504; x_wconf 80' lang='grc' dir='ltr'>ξυμφύτῳ</span> <span class='ocrx_word' id='word_1_780' title='bbox 1035 5433 1260 5504; x_wconf 81' lang='grc' dir='ltr'>δυνάμει</span> <span class='ocrx_word' id='word_1_781' title='bbox 1289 5435 1598 5504; x_wconf 77' lang='grc' dir='ltr'>ὑποπτέρου</span> <span class='ocrx_word' id='word_1_782' title='bbox 1631 5433 1757 5498; x_wconf 78' lang='grc' dir='ltr'>ζεύ-</span> <span class='ocrx_word' id='word_1_783' title='bbox 1799 5448 1802 5450; x_wconf 64' lang='grc'>⁷</span> 
     </span>
    </p>
   </div>
   <div class='ocr_carea' id='block_1_106' title="bbox 166 5501 1753 5573">
    <p class='ocr_par' dir='ltr' id='par_1_106' title="bbox 166 5501 1753 5573">
     <span class='ocr_line' id='line_1_106' title="bbox 166 5501 1753 5573; baseline 0 -17"><span class='ocrx_word' id='word_1_784' title='bbox 166 5519 328 5573; x_wconf 15' lang='grc' dir='ltr'>γουςᾲ</span> <span class='ocrx_word' id='word_1_785' title='bbox 354 5518 413 5555; x_wconf 88' lang='grc' dir='ltr'><strong>τε</strong></span> <span class='ocrx_word' id='word_1_786' title='bbox 447 5501 570 5573; x_wconf 50' lang='grc' dir='ltr'><strong>-κοιὶΔ</strong></span> <span class='ocrx_word' id='word_1_787' title='bbox 595 5501 875 5573; x_wconf 50' lang='grc' dir='ltr'>ἡνιόχους</span> <span class='ocrx_word' id='word_1_788' title='bbox 919 5501 989 5558; x_wconf 77' lang='lat' dir='ltr'><strong>Et</strong></span> <span class='ocrx_word' id='word_1_789' title='bbox 1031 5501 1356 5572; x_wconf 86' lang='lat' dir='ltr'><strong>quibusdam</strong></span> <span class='ocrx_word' id='word_1_790' title='bbox 1414 5501 1709 5572; x_wconf 79' lang='lat' dir='ltr'><strong>interjectis</strong></span> <span class='ocrx_word' id='word_1_791' title='bbox 1740 5521 1753 5556; x_wconf 93' lang='lat'>:</span> 
     </span>
    </p>
   </div>
   <div class='ocr_carea' id='block_1_107' title="bbox 168 5567 1754 5646">
    <p class='ocr_par' dir='ltr' id='par_1_107' title="bbox 168 5567 1754 5646">
     <span class='ocr_line' id='line_1_107' title="bbox 168 5567 1754 5646; baseline 0.002 -22"><span class='ocrx_word' id='word_1_792' title='bbox 168 5567 260 5643; x_wconf 74' lang='grc' dir='ltr'><strong>Πῆ</strong></span> <span class='ocrx_word' id='word_1_793' title='bbox 310 5567 766 5646; x_wconf 23' lang='grc' dir='ltr'>δὴρῦνᾼθνητόνί</span> <span class='ocrx_word' id='word_1_794' title='bbox 785 5591 847 5646; x_wconf 83' lang='grc' dir='ltr'><strong>τε</strong></span> <span class='ocrx_word' id='word_1_795' title='bbox 889 5575 980 5646; x_wconf 79' lang='grc' dir='ltr'>καὶ</span> <span class='ocrx_word' id='word_1_796' title='bbox 1029 5567 1294 5628; x_wconf 79' lang='grc' dir='ltr'>ἀθάνατον</span> <span class='ocrx_word' id='word_1_797' title='bbox 1334 5574 1478 5646; x_wconf 76' lang='grc' dir='ltr'>ζῶον</span> <span class='ocrx_word' id='word_1_798' title='bbox 1517 5567 1754 5646; x_wconf 77' lang='grc' dir='ltr'>ἐκλήθη,</span> 
     </span>
    </p>
   </div>
   <div class='ocr_carea' id='block_1_108' title="bbox 165 5642 1756 5726">
    <p class='ocr_par' dir='ltr' id='par_1_108' title="bbox 165 5642 1756 5726">
     <span class='ocr_line' id='line_1_108' title="bbox 165 5642 1756 5726; baseline 0.001 -29"><span class='ocrx_word' id='word_1_799' title='bbox 165 5642 465 5726; x_wconf 54' lang='grc' dir='ltr'>πειρατέρν</span> <span class='ocrx_word' id='word_1_800' title='bbox 495 5642 688 5726; x_wconf 75' lang='grc' dir='ltr'>εἰπεῖν.</span> <span class='ocrx_word' id='word_1_801' title='bbox 729 5643 968 5726; x_wconf 21' lang='grc' dir='ltr'>*ψυχὴ</span> <span class='ocrx_word' id='word_1_802' title='bbox 1005 5646 1157 5726; x_wconf 75' lang='grc' dir='ltr'>πᾶσα</span> <span class='ocrx_word' id='word_1_803' title='bbox 1188 5645 1388 5726; x_wconf 61' lang='grc' dir='ltr'>παντρς</span> <span class='ocrx_word' id='word_1_804' title='bbox 1419 5642 1756 5726; x_wconf 70' lang='grc' dir='ltr'>ἐπιμελεῖται</span> 
     </span>
    </p>
   </div>
   <div class='ocr_carea' id='block_1_109' title="bbox 166 5712 1754 5786">
    <p class='ocr_par' dir='ltr' id='par_1_109' title="bbox 166 5712 1754 5786">
     <span class='ocr_line' id='line_1_109' title="bbox 166 5712 1754 5786; baseline 0 -16"><span class='ocrx_word' id='word_1_805' title='bbox 166 5712 284 5770; x_wconf 62' lang='grc' dir='ltr'><strong>τοῦ</strong></span> <span class='ocrx_word' id='word_1_806' title='bbox 313 5712 542 5782; x_wconf 63' lang='grc' dir='ltr'>ἀψύχου,</span> <span class='ocrx_word' id='word_1_807' title='bbox 569 5713 744 5767; x_wconf 82' lang='grc' dir='ltr'>πάντα</span> <span class='ocrx_word' id='word_1_808' title='bbox 777 5714 832 5769; x_wconf 82' lang='grc' dir='ltr'><strong>δὲ</strong></span> <span class='ocrx_word' id='word_1_809' title='bbox 867 5712 1105 5786; x_wconf 74' lang='grc' dir='ltr'>οὐρανὸν.</span> <span class='ocrx_word' id='word_1_810' title='bbox 1129 5714 1435 5786; x_wconf 85' lang='grc' dir='ltr'>περιπολεῖ,</span> <span class='ocrx_word' id='word_1_811' title='bbox 1472 5712 1656 5772; x_wconf 79' lang='grc' dir='ltr'>ἄλλοτε</span> <span class='ocrx_word' id='word_1_812' title='bbox 1698 5717 1754 5770; x_wconf 85' lang='grc' dir='ltr'><strong>ἐν</strong></span> 
     </span>
    </p>
   </div>
   <div class='ocr_carea' id='block_1_110' title="bbox 1873 4520 3452 4594">
    <p class='ocr_par' dir='ltr' id='par_1_110' title="bbox 1873 4520 3452 4594">
     <span class='ocr_line' id='line_1_110' title="bbox 1873 4520 3452 4594; baseline -0.004 -15"><span class='ocrx_word' id='word_1_813' title='bbox 1873 4542 2017 4580; x_wconf 92' lang='lat' dir='ltr'><strong>unus</strong></span> <span class='ocrx_word' id='word_1_814' title='bbox 2069 4535 2352 4594; x_wconf 84' lang='lat' dir='ltr'><strong>appareat.</strong></span> <span class='ocrx_word' id='word_1_815' title='bbox 2384 4556 2454 4564; x_wconf 96' lang='lat'>—</span> <span class='ocrx_word' id='word_1_816' title='bbox 2481 4523 2896 4578; x_wconf 87' lang='lat' dir='ltr'><strong>Circumdatam</strong></span> <span class='ocrx_word' id='word_1_817' title='bbox 2951 4531 3102 4592; x_wconf 85' lang='lat' dir='ltr'><strong>puta,</strong></span> <span class='ocrx_word' id='word_1_818' title='bbox 3153 4520 3351 4590; x_wconf 91' lang='lat' dir='ltr'><strong>inquit.</strong></span> <span class='ocrx_word' id='word_1_819' title='bbox 3383 4549 3452 4559; x_wconf 97' lang='lat'><strong><em>—</em></strong></span> 
     </span>
    </p>
   </div>
   <div class='ocr_carea' id='block_1_111' title="bbox 1870 4611 3448 4685">
    <p class='ocr_par' dir='ltr' id='par_1_111' title="bbox 1870 4611 3448 4685">
     <span class='ocr_line' id='line_1_111' title="bbox 1870 4611 3448 4685; baseline -0.004 -15"><span class='ocrx_word' id='word_1_820' title='bbox 1870 4616 2026 4671; x_wconf 86' lang='lat' dir='ltr'><strong>Nunc</strong></span> <span class='ocrx_word' id='word_1_821' title='bbox 2075 4617 2124 4671; x_wconf 91' lang='lat' dir='ltr'><strong>ei</strong></span> <span class='ocrx_word' id='word_1_822' title='bbox 2174 4617 2415 4682; x_wconf 90' lang='lat' dir='ltr'><strong>demum,</strong></span> <span class='ocrx_word' id='word_1_823' title='bbox 2456 4616 2550 4685; x_wconf 92' lang='lat' dir='ltr'><strong>qui</strong></span> <span class='ocrx_word' id='word_1_824' title='bbox 2603 4614 2805 4684; x_wconf 89' lang='lat' dir='ltr'><strong>injuste</strong></span> <span class='ocrx_word' id='word_1_825' title='bbox 2865 4629 3026 4683; x_wconf 82' lang='lat' dir='ltr'><strong>agere</strong></span> <span class='ocrx_word' id='word_1_826' title='bbox 3067 4613 3193 4666; x_wconf 92' lang='lat' dir='ltr'><strong>huic</strong></span> <span class='ocrx_word' id='word_1_827' title='bbox 3241 4611 3448 4665; x_wconf 93' lang='lat' dir='ltr'><strong>homini</strong></span> 
     </span>
    </p>
   </div>
   <div class='ocr_carea' id='block_1_112' title="bbox 1872 4702 3448 4778">
    <p class='ocr_par' dir='ltr' id='par_1_112' title="bbox 1872 4702 3448 4778">
     <span class='ocr_line' id='line_1_112' title="bbox 1872 4702 3448 4778; baseline -0.005 -14"><span class='ocrx_word' id='word_1_828' title='bbox 1872 4709 2180 4764; x_wconf 89' lang='lat' dir='ltr'><strong>conducere</strong></span> <span class='ocrx_word' id='word_1_829' title='bbox 2220 4710 2369 4774; x_wconf 85' lang='lat' dir='ltr'><strong>velit,</strong></span> <span class='ocrx_word' id='word_1_830' title='bbox 2401 4708 2548 4778; x_wconf 91' lang='lat' dir='ltr'><strong>juste</strong></span> <span class='ocrx_word' id='word_1_831' title='bbox 2595 4707 2736 4760; x_wconf 89' lang='lat' dir='ltr'><strong>idem</strong></span> <span class='ocrx_word' id='word_1_832' title='bbox 2781 4706 3042 4774; x_wconf 89' lang='lat' dir='ltr'><strong>prodesse</strong></span> <span class='ocrx_word' id='word_1_833' title='bbox 3092 4712 3270 4771; x_wconf 74' lang='lat' dir='ltr'><strong>neget,</strong></span> <span class='ocrx_word' id='word_1_834' title='bbox 3300 4702 3448 4757; x_wconf 88' lang='lat' dir='ltr'><strong>aliud</strong></span> 
     </span>
    </p>
   </div>
   <div class='ocr_carea' id='block_1_113' title="bbox 1868 4793 3446 4867">
    <p class='ocr_par' dir='ltr' id='par_1_113' title="bbox 1868 4793 3446 4867">
     <span class='ocr_line' id='line_1_113' title="bbox 1868 4793 3446 4867; baseline -0.003 -14"><span class='ocrx_word' id='word_1_835' title='bbox 1868 4813 1992 4854; x_wconf 90' lang='lat' dir='ltr'><strong>eum</strong></span> <span class='ocrx_word' id='word_1_836' title='bbox 2023 4799 2159 4854; x_wconf 85' lang='lat' dir='ltr'><strong>nihil</strong></span> <span class='ocrx_word' id='word_1_837' title='bbox 2191 4799 2373 4853; x_wconf 89' lang='lat' dir='ltr'><strong>dicere</strong></span> <span class='ocrx_word' id='word_1_838' title='bbox 2403 4812 2766 4867; x_wconf 88' lang='lat' dir='ltr'><strong>opponamus,</strong></span> <span class='ocrx_word' id='word_1_839' title='bbox 2801 4811 2967 4866; x_wconf 84' lang='lat' dir='ltr'><strong>quam</strong></span> <span class='ocrx_word' id='word_1_840' title='bbox 3018 4795 3071 4849; x_wconf 91' lang='lat' dir='ltr'><strong>id</strong></span> <span class='ocrx_word' id='word_1_841' title='bbox 3107 4794 3208 4864; x_wconf 91' lang='lat' dir='ltr'><strong>ipsi</strong></span> <span class='ocrx_word' id='word_1_842' title='bbox 3237 4793 3446 4848; x_wconf 78' lang='lat' dir='ltr'><strong>condu-</strong></span> 
     </span>
    </p>
   </div>
   <div class='ocr_carea' id='block_1_114' title="bbox 1867 4882 3450 4956">
    <p class='ocr_par' dir='ltr' id='par_1_114' title="bbox 1867 4882 3450 4956">
     <span class='ocr_line' id='line_1_114' title="bbox 1867 4882 3450 4956; baseline -0.006 -10"><span class='ocrx_word' id='word_1_843' title='bbox 1867 4905 2011 4955; x_wconf 89' lang='lat' dir='ltr'><strong>cere,</strong></span> <span class='ocrx_word' id='word_1_844' title='bbox 2046 4890 2125 4944; x_wconf 91' lang='lat' dir='ltr'><strong>uti</strong></span> <span class='ocrx_word' id='word_1_845' title='bbox 2155 4889 2284 4943; x_wconf 92' lang='lat' dir='ltr'><strong>dum</strong></span> <span class='ocrx_word' id='word_1_846' title='bbox 2332 4889 2563 4943; x_wconf 82' lang='lat' dir='ltr'><strong>bestiam</strong></span> <span class='ocrx_word' id='word_1_847' title='bbox 2615 4887 2762 4941; x_wconf 86' lang='lat' dir='ltr'><strong>illam</strong></span> <span class='ocrx_word' id='word_1_848' title='bbox 2800 4887 2973 4956; x_wconf 89' lang='lat' dir='ltr'><strong>pascit</strong></span> <span class='ocrx_word' id='word_1_849' title='bbox 3009 4882 3146 4940; x_wconf 83' lang='lat' dir='ltr'><strong>adeo</strong></span> <span class='ocrx_word' id='word_1_850' title='bbox 3189 4885 3450 4954; x_wconf 83' lang='lat' dir='ltr'><strong>multipli-</strong></span> 
     </span>
    </p>
   </div>
   <div class='ocr_carea' id='block_1_115' title="bbox 1867 4979 3451 5052">
    <p class='ocr_par' dir='ltr' id='par_1_115' title="bbox 1867 4979 3451 5052">
     <span class='ocr_line' id='line_1_115' title="bbox 1867 4979 3451 5052; baseline -0.004 -14"><span class='ocrx_word' id='word_1_851' title='bbox 1867 5000 2007 5047; x_wconf 87' lang='lat' dir='ltr'><strong>cem,</strong></span> <span class='ocrx_word' id='word_1_852' title='bbox 2049 4983 2260 5037; x_wconf 91' lang='lat' dir='ltr'><strong>leonem</strong></span> <span class='ocrx_word' id='word_1_853' title='bbox 2298 4981 2518 5052; x_wconf 88' lang='lat' dir='ltr'><strong>quidem</strong></span> <span class='ocrx_word' id='word_1_854' title='bbox 2561 4981 2847 5050; x_wconf 87' lang='lat' dir='ltr'><strong>leonisque</strong></span> <span class='ocrx_word' id='word_1_855' title='bbox 2893 4987 3075 5050; x_wconf 86' lang='lat' dir='ltr'><strong>partes</strong></span> <span class='ocrx_word' id='word_1_856' title='bbox 3111 4979 3320 5034; x_wconf 81' lang='lat' dir='ltr'><strong>viribus</strong></span> <span class='ocrx_word' id='word_1_857' title='bbox 3357 4993 3451 5032; x_wconf 90' lang='lat' dir='ltr'><strong>au-</strong></span> 
     </span>
    </p>
   </div>
   <div class='ocr_carea' id='block_1_116' title="bbox 1864 5214 3447 5292">
    <p class='ocr_par' dir='ltr' id='par_1_116' title="bbox 1864 5214 3447 5292">
     <span class='ocr_line' id='line_1_116' title="bbox 1864 5214 3447 5292; baseline -0.007 -13"><span class='ocrx_word' id='word_1_858' title='bbox 1864 5225 2043 5287; x_wconf 81' lang='grc' dir='ltr'>ἂλλοις</span> <span class='ocrx_word' id='word_1_859' title='bbox 2089 5223 2255 5292; x_wconf 80' lang='grc' dir='ltr'>εἴδεσι</span> <span class='ocrx_word' id='word_1_860' title='bbox 2296 5223 2613 5292; x_wconf 86' lang='grc' dir='ltr'>γιγνομένη.</span> <span class='ocrx_word' id='word_1_861' title='bbox 2651 5219 2788 5292; x_wconf 82' lang='lat' dir='ltr'><strong>Tum</strong></span> <span class='ocrx_word' id='word_1_862' title='bbox 2831 5219 2898 5274; x_wconf 88' lang='lat' dir='ltr'><strong>de</strong></span> <span class='ocrx_word' id='word_1_863' title='bbox 2945 5217 3221 5292; x_wconf 52' lang='lat' dir='ltr'><strong>perfecta,</strong></span> <span class='ocrx_word' id='word_1_864' title='bbox 3275 5214 3447 5292; x_wconf 83' lang='grc' dir='ltr'>Τελέα</span> 
     </span>
    </p>
   </div>
   <div class='ocr_carea' id='block_1_117' title="bbox 1910 5288 3447 5362">
    <p class='ocr_par' dir='ltr' id='par_1_117' title="bbox 1910 5288 3447 5362">
     <span class='ocr_line' id='line_1_117' title="bbox 1910 5288 3447 5362; baseline -0.007 -14"><span class='ocrx_word' id='word_1_865' title='bbox 1910 5297 1966 5348; x_wconf 84' lang='grc' dir='ltr'><strong>ὲν</strong></span> <span class='ocrx_word' id='word_1_866' title='bbox 1995 5292 2088 5350; x_wconf 75' lang='grc' dir='ltr'><strong>οὖν</strong></span> <span class='ocrx_word' id='word_1_867' title='bbox 2121 5291 2254 5347; x_wconf 82' lang='grc' dir='ltr'>οὖσα</span> <span class='ocrx_word' id='word_1_868' title='bbox 2284 5288 2378 5346; x_wconf 67' lang='grc' dir='ltr'><strong>καῖ</strong></span> <span class='ocrx_word' id='word_1_869' title='bbox 2407 5288 2782 5362; x_wconf 80' lang='grc' dir='ltr'>ἐπτερωμένη,</span> <span class='ocrx_word' id='word_1_870' title='bbox 2813 5288 3207 5362; x_wconf 76' lang='grc' dir='ltr'>μετεωροπολεῖ</span> <span class='ocrx_word' id='word_1_871' title='bbox 3231 5304 3335 5362; x_wconf 45' lang='grc' dir='ltr'><strong>τε,</strong></span> <span class='ocrx_word' id='word_1_872' title='bbox 3354 5288 3447 5362; x_wconf 74' lang='grc' dir='ltr'><strong>καὶ</strong></span> 
     </span>
    </p>
   </div>
   <div class='ocr_carea' id='block_1_118' title="bbox 1801 5357 3442 5434">
    <p class='ocr_par' dir='ltr' id='par_1_118' title="bbox 1801 5357 3442 5434">
     <span class='ocr_line' id='line_1_118' title="bbox 1801 5357 3442 5434; baseline -0.007 -14"><span class='ocrx_word' id='word_1_873' title='bbox 1801 5377 1804 5379; x_wconf 69' lang='lat'><strong>‘</strong></span> <span class='ocrx_word' id='word_1_874' title='bbox 1863 5357 2081 5420; x_wconf 71' lang='grc' dir='ltr'>ἅπαντα</span> <span class='ocrx_word' id='word_1_875' title='bbox 2111 5366 2203 5418; x_wconf 81' lang='grc' dir='ltr'><strong>τὸν</strong></span> <span class='ocrx_word' id='word_1_876' title='bbox 2237 5366 2443 5434; x_wconf 85' lang='grc' dir='ltr'>κόσμον</span> <span class='ocrx_word' id='word_1_877' title='bbox 2471 5357 2678 5434; x_wconf 51' lang='grc' dir='ltr'>διοικεῖ,</span> <span class='ocrx_word' id='word_1_878' title='bbox 2714 5357 2876 5434; x_wconf 24' lang='grc' dir='ltr'>Ᾱιῲόο</span> <span class='ocrx_word' id='word_1_879' title='bbox 2904 5357 3238 5434; x_wconf 67' lang='lat' dir='ltr'><strong>imperfecta,</strong></span> <span class='ocrx_word' id='word_1_880' title='bbox 3363 5358 3442 5420; x_wconf 86' lang='grc' dir='ltr'><strong>δὲ,</strong></span> 
     </span>
    </p>
   </div>
   <div class='ocr_carea' id='block_1_119' title="bbox 1863 5427 3448 5510">
    <p class='ocr_par' dir='ltr' id='par_1_119' title="bbox 1863 5427 3448 5510">
     <span class='ocr_line' id='line_1_119' title="bbox 1863 5427 3448 5510; baseline -0.007 -21"><span class='ocrx_word' id='word_1_881' title='bbox 1863 5437 2323 5510; x_wconf 61' lang='grc' dir='ltr'>πτερορρυήεασα</span> <span class='ocrx_word' id='word_1_882' title='bbox 2344 5427 2600 5510; x_wconf 74' lang='grc' dir='ltr'>φέρεται,</span> <span class='ocrx_word' id='word_1_883' title='bbox 2652 5431 2756 5494; x_wconf 72' lang='grc' dir='ltr'><strong>ἕως</strong></span> <span class='ocrx_word' id='word_1_884' title='bbox 2787 5430 2854 5510; x_wconf 61' lang='grc' dir='ltr'><strong>διν</strong></span> <span class='ocrx_word' id='word_1_885' title='bbox 2888 5427 3105 5510; x_wconf 73' lang='grc' dir='ltr'>στερεοῦ</span> <span class='ocrx_word' id='word_1_886' title='bbox 3134 5443 3279 5510; x_wconf 46' lang='lat' dir='ltr'><strong>rivos</strong></span> <span class='ocrx_word' id='word_1_887' title='bbox 3306 5427 3448 5505; x_wconf 70' lang='grc' dir='ltr'>ἀντι-</span> 
     </span>
    </p>
   </div>
   <div class='ocr_carea' id='block_1_120' title="bbox 1861 5497 3441 5579">
    <p class='ocr_par' dir='ltr' id='par_1_120' title="bbox 1861 5497 3441 5579">
     <span class='ocr_line' id='line_1_120' title="bbox 1861 5497 3441 5579; baseline -0.004 -21"><span class='ocrx_word' id='word_1_888' title='bbox 1861 5497 2224 5579; x_wconf 48' lang='grc' dir='ltr'>λάὸὴτξιὶίοῦ</span> <span class='ocrx_word' id='word_1_889' title='bbox 2272 5497 2707 5579; x_wconf 33' lang='grc' dir='ltr'>καῌτοικισθεῖσα,</span> <span class='ocrx_word' id='word_1_890' title='bbox 2742 5497 3132 5579; x_wconf 29' lang='grc' dir='ltr'>’σῶ-μα-γήῖνον</span> <span class='ocrx_word' id='word_1_891' title='bbox 3170 5497 3441 5579; x_wconf 67' lang='grc' dir='ltr'>λαϐοῦσα,</span> 
     </span>
    </p>
   </div>
   <div class='ocr_carea' id='block_1_121' title="bbox 1859 5567 3441 5642">
    <p class='ocr_par' dir='ltr' id='par_1_121' title="bbox 1859 5567 3441 5642">
     <span class='ocr_line' id='line_1_121' title="bbox 1859 5567 3441 5642; baseline -0.007 -13"><span class='ocrx_word' id='word_1_892' title='bbox 1859 5567 1999 5630; x_wconf 76' lang='grc' dir='ltr'>αύτό</span> <span class='ocrx_word' id='word_1_893' title='bbox 2031 5576 2164 5632; x_wconf 81' lang='grc' dir='ltr'>αὐτὸ</span> <span class='ocrx_word' id='word_1_894' title='bbox 2202 5573 2391 5629; x_wconf 87' lang='grc' dir='ltr'>δοκοῦν</span> <span class='ocrx_word' id='word_1_895' title='bbox 2435 5577 2603 5626; x_wconf 87' lang='grc' dir='ltr'>κινεῖν</span> <span class='ocrx_word' id='word_1_896' title='bbox 2625 5615 2640 5637; x_wconf 92' lang='grc'><strong>,</strong></span> <span class='ocrx_word' id='word_1_897' title='bbox 2679 5573 2775 5642; x_wconf 37' lang='grc' dir='ltr'>διά,</span> <span class='ocrx_word' id='word_1_898' title='bbox 2798 5567 2904 5642; x_wconf 73' lang='grc' dir='ltr'>τὴν</span> <span class='ocrx_word' id='word_1_899' title='bbox 2929 5567 3143 5642; x_wconf 74' lang='grc' dir='ltr'>ἐκείνης</span> <span class='ocrx_word' id='word_1_900' title='bbox 3179 5567 3405 5642; x_wconf 84' lang='grc' dir='ltr'>δύναμιν</span> <span class='ocrx_word' id='word_1_901' title='bbox 3425 5605 3441 5630; x_wconf 88' lang='grc'><strong>,</strong></span> 
     </span>
    </p>
   </div>
   <div class='ocr_carea' id='block_1_122' title="bbox 1862 5638 3440 5719">
    <p class='ocr_par' dir='ltr' id='par_1_122' title="bbox 1862 5638 3440 5719">
     <span class='ocr_line' id='line_1_122' title="bbox 1862 5638 3440 5719; baseline -0.006 -17"><span class='ocrx_word' id='word_1_902' title='bbox 1862 5647 1998 5709; x_wconf 74' lang='grc' dir='ltr'>ζῶον</span> <span class='ocrx_word' id='word_1_903' title='bbox 2034 5650 2091 5702; x_wconf 77' lang='grc' dir='ltr'>τὸ</span> <span class='ocrx_word' id='word_1_904' title='bbox 2119 5645 2338 5719; x_wconf 81' lang='grc' dir='ltr'>ξύμπαν</span> <span class='ocrx_word' id='word_1_905' title='bbox 2368 5645 2588 5717; x_wconf 78' lang='grc' dir='ltr'>ἐκλήθη,</span> <span class='ocrx_word' id='word_1_906' title='bbox 2616 5638 2881 5716; x_wconf 62' lang='grc' dir='ltr'>ψυχηκαῖ</span> <span class='ocrx_word' id='word_1_907' title='bbox 2912 5640 3070 5711; x_wconf 81' lang='grc' dir='ltr'>σῶμα</span> <span class='ocrx_word' id='word_1_908' title='bbox 3094 5638 3267 5709; x_wconf 78' lang='grc' dir='ltr'>παγέν</span> <span class='ocrx_word' id='word_1_909' title='bbox 3295 5652 3307 5670; x_wconf 86' lang='lat'>&#39;</span> <span class='ocrx_word' id='word_1_910' title='bbox 3333 5649 3440 5693; x_wconf 89' lang='lat' dir='ltr'><strong>etc.</strong></span> 
     </span>
    </p>
   </div>
  </div>
